3178 5134
322 389 387 453 290
610 401 902 452 rnnuuncrmrus
925 399 1018 450 mars
1034 399 1209 458 ,canonici

334 531 627 638 »propositum
660 532 781 612 modo
811 529 977 636 singula
1007 527 1264 630 enumerare;
1298 529 1476 610 volumus

335 675 511 747 »autem
543 666 591 745 de
621 665 809 744 convictu
846 663 1069 745 domestico
1100 663 1250 770 eloqui,
1283 663 1396 770 cujus
1423 671 1478 741 est

335 801 415 880 »in
446 801 705 879 rnatrimonic
746 797 994 905 principium
1032 804 1071 878 et
1112 797 1430 878 fundamentum.
1461 841 1477 853 -

336 968 353 1010 »
375 933 545 1014 Constat
574 933 679 1013 inter
703 933 861 1032 amnes
886 931 1154 1010 Venerabiles
1184 932 1363 1029 Fratres
1385 955 1479 1036 quac

337 1101 355 1144 ›
376 1093 473 1148 vera
493 1066 547 1146 sit
568 1065 832 1146 matrimonii·
850 1066 979 1172 origo,
998 1064 1235 1156 -Quamvis
1265 1063 1370 1145 enim
1395 1063 1478 1144 fidei

337 1199 622 1284 »christianae
653 1199 951 1306 vituperatores
991 1207 1232 1306 perpetuam
1263 1197 1480 1278 haedere

337 1334 602 1417 »doctrinam
632 1333 841 1414 Ecclesiae
873 1318 1034 1439 fugiani
1069 1358 1308 1438 agnoscere,
1342 1339 1380 1412 et
1408 1357 1483 1411 mc·

338 1466 551 1547 »moriam
583 1467 767 1546 omnium
794 1466 994 1573 gentium,
1018 1465 1204 1544 omnium
1234 1464 1480 1548 saeculorum

337 1635 354 1676 »
377 1600 509 1680 delere
536 1599 705 1705 jamdiu'
725 1599 985 1698 contendant,
1008 1597 1092 1676 vim
1123 1605 1260 1677 tamen
1281 1599 1483 1704 lucemque

337 1769 354 1811 ›
376 1733 559 1815 veritatis
575 1759 650 1812 nec
665 1733 906 1838 extinguere
927 1759 1002 1812 nec
1022 1731 1235 1812 debilitare
1257 1737 1479 1838 potuerunt.

340 1903 358 1943 »
379 1867 488 1947 Nota
508 1865 700 1945 omnibus
722 1873 761 1945 et
782 1865 933 1945 nemini
961 1865 1087 1945 dubia
1106 1891 1482 1946 eornmemoramus:

267 2052 271 2064 ·
338 2007 643 2108 »posteaquem
675 2006 792 2078 sexto
823 1996 1041 2078 creationis
1072 1999 1136 2078 die
1168 1998 1361 2078 formavit
1384 1998 1485 2076 Deus

339 2134 586 2216 »hominem
617 2133 666 2214 de
696 2131 795 2212 limo
817 2139 962 2232 terrae,
986 2141 1026 2212 et
1051 2130 1266 2238 inspiravit
1287 2131 1330 2210 in
1352 2129 1486 2210 faciem

340 2267 469 2374 >ejus
499 2265 752 2373 spiraculum
774 2264 896 2364 vitae,
920 2265 1075 2346 sociam
1106 2265 1163 2344 illi
1191 2264 1321 2344 voluit
1352 2263 1488 2371 adjun-

339 2434 356 2477 »
378 2427 487 2506 gere,
512 2426 635 2506 quam
667 2400 716 2479 de
742 2399 867 2480 latere
888 2399 965 2478 viri
997 2398 1128 2506 ipsius
1160 2398 1399 2479 dormientis
1420 2395 1488 2476 mi-

340 2569 357 2610 »
378 2535 562 2615 rabiliter
592 2534 749 2615 eduxit.
775 2533 868 2626 Qua
898 2535 940 2614 in
961 2561 1005 2614 re
1035 2533 1112 2614 hoc
1133 2533 1262 2614 voluit
1281 2533 1489 2641 providen-

339 2700 357 2742 s
379 2667 566 2748 tissimus
588 2666 717 2765 DeuS,
743 2673 787 2745 ut
809 2665 909 2746 illud
931 2692 1004 2773 par
1024 2665 1248 2772 conjugum
1270 2674 1380 2744 esset
1400 2689 1492 2744 cun·

341 2807 538 2882 »otorum
570 2797 785 2888 hominum
816 2798 1002 2880 naturale
1038 2798 1300 2905 principium,
1338 2825 1390 2876 ex
1420 2819 1491 2902 quo

340 2968 357 3009 »
378 2933 532 3014 scilicet
549 2932 764 3041 propagari
786 2931 1014 3013 humanum
1034 2959 1178 3038 genus,
1199 2939 1253 3032 et,
1273 2953 1492 3038 numquam

339 3064 623 3146 »intermissis
653 3064 1020 3171 procreationibus
1045 3065 1276 3145 conservari
1310 3065 1352 3144 in
1380 3086 1492 3144 omno

340 3234 355 3270 »
377 3211 540 3306 tempus
556 3204 774 3305 oporteret.
795 3199 931 3304 Atque
952 3197 1021 3276 illa
1038 3197 1114 3276 viri
1137 3207 1176 3278 et.
1195 3197 1384 3278 mulieris
1405 3221 1492 3278 con-

339 3331 545 3438 »junctio,
573 3357 654 3438 quo
675 3311 989 3438 sapientissimis
1009 3331 1084 3410 Dei
1116 3330 1299 3412 consiliis
1331 3357 1493 3438 respou-

339 3499 355 3538 s
378 3465 490 3546 daret
506 3466 658 3573 aptiuS,
678 3465 742 3546 vel
759 3492 809 3546 ex
827 3491 874 3545 eo
892 3471 1074 3574 tempore
1096 3466 1201 3546 duas
1217 3466 1490 3573 potissimum,

338 3625 529 3704 »easque
560 3599 601 3680 in
632 3599 775 3707 primis
806 3599 977 3698 nobileS,
1014 3599 1131 3707 quasi
1164 3599 1243 3682 alte
1275 3601 1495 3708 impressas

339 3764 356 3804 >›
378 3739 418 3811 ct
439 3731 665 3839 insculptas
686 3758 783 3839 prae
813 3760 858 3812 se
879 3733 973 3814 tulit
994 3733 1277 3841 proprietates
1302 3733 1494 3814 nimirum

340 3863 579 3944 »unitatem
611 3871 651 3944 et
679 3865 1006 3978 perpetuitatem.
1040 3912 1061 3928 -
1089 3867 1213 3974 quue
1248 3866 1498 3948 declaratum

341 4029 357 4068 »
379 4003 600 4105 aperteque
616 3997 904 4079 confirmatum
921 4025 971 4079 ex
990 4000 1213 4108 Evangelio
1229 4001 1500 4110 perspicimus

338 4129 518 4210 »divina
548 4129 647 4210 Jesu
679 4131 829 4212 Christi
870 4133 1129 4235 auctoritate;
1163 4135 1231 4243 qui
1261 4133 1435 4217 Judaeis
1464 4139 1499 4210 et

339 4263 588 4371 »Apostolis
618 4271 793 4346 testatus
823 4273 898 4366 est,
924 4269 1231 4350 matrimonium
1254 4295 1305 4348 ex
1327 4267 1420 4378 ipsa
1441 4265 1499 4344 in-

338 4393 588 4477 »stitutione
618 4397 683 4477 sui
717 4398 933 4481 dumtaxat
962 4399 1067 4482 inter
1096 4401 1201 4483 duos
1222 4429 1312 4484 esse
1333 4401 1497 4496 debera,
