3264 5146
539 447 649 498 mnas
670 447 717 496 iv.
742 465 762 479 -
785 448 923 498 rnucus
946 448 966 496 1.
1301 435 1342 498 37

164 599 272 653 vero
303 600 354 653 ex
385 573 586 654 atheismo
616 601 792 682 magnae
823 573 1108 656 Revolutionis
1139 575 1334 678 Gallicae,

162 707 393 815 infecitque
413 707 551 814 plures
582 707 769 788 nationes
790 708 885 788 data
905 707 1008 814 lege,
1034 709 1076 788 in
1097 736 1179 817 qua
1199 713 1340 793 exclu-

163 843 377 922 debantur
405 843 545 921 omnia
584 842 876 949 impedimenta
916 840 1149 924 dirimentis
1179 846 1231 925 ab
1262 846 1340 926 Ec-

163 974 301 1056 clesia
330 975 552 1082 proposita,
579 1001 684 1082 quae
715 974 914 1080 originem
946 975 1142 1058 haberent
1163 1005 1213 1058 ex
1237 979 1341 1060 obli-

163 1110 337 1216 gatione
358 1109 566 1215 religiosa,
586 1136 732 1217 nempe
749 1109 831 1189 voti
853 1109 1063 1210 solemnis
1084 1113 1340 1219 cognationis

165 1241 416 1351 spiritualis
434 1243 688 1350 disparitatis
709 1242 861 1343 cultus
881 1242 1036 1323 ordinis
1057 1246 1179 1346 sacri,
1205 1255 1244 1328 et
1265 1274 1341 1354 pu-

167 1376 305 1457 blicae
326 1374 568 1476 honestatis
594 1383 715 1482 atque
736 1375 858 1456 etiam
889 1385 1048 1483 raptus,
1074 1377 1178 1458 Cum
1201 1389 1337 1470 autem

161 1513 256 1620 jam
288 1509 380 1590 illae
410 1509 598 1594 nationes
634 1509 775 1616 lugere
811 1509 1007 1616 incipiant
1036 1511 1146 1592 mala
1176 1515 1336 1620 gravis-

168 1647 296 1746 sima,
330 1669 434 1752 quae
466 1671 516 1724 ex
548 1643 618 1724 illo
659 1652 804 1725 exorta
841 1651 953 1744 sunt,
988 1652 1029 1724 et
1059 1643 1101 1724 in
1132 1645 1340 1753 aliquibus

168 1781 294 1861 datae
325 1777 408 1859 sint
448 1777 678 1886 petitiones,
712 1785 757 1856 ut
793 1775 895 1857 haec
935 1801 1031 1885 pars
1071 1777 1339 1884 legislationis

167 1911 396 2019 dispareat,
420 1912 486 1992 sin
507 1911 647 1992 minus
673 1889 918 1991 reformetur
937 1908 1079 1990 habita
1101 1911 1256 1992 ratione
1277 1939 1342 1992 re-

169 2043 311 2152 ligiosi
333 2044 582 2151 dictaminis;
606 2071 699 2125 ecce
721 2051 923 2123 venenata
943 2041 1044 2123 haec
1065 2045 1245 2124 merxin
1262 2047 1341 2125 lta-

168 2179 275 2257 liam
306 2176 525 2277 invehitur,
554 2177 764 2291 nostrique
794 2175 1050 2283 legislatores
1081 2185 1127 2256 ut
1157 2203 1248 2257 eam
1281 2177 1341 2256 la-

167 2311 297 2393 cilius
327 2311 535 2392 venditent
564 2311 644 2390 illis
675 2311 870 2391 omnibus
902 2319 1075 2391 utuntur
1109 2309 1342 2419 sophisma-

167 2445 301 2546 tibus
336 2471 441 2554 quae
476 2445 621 2556 jam-a
650 2444 781 2526 doctis
811 2445 910 2524 viris
952 2444 1119 2526 fuerunt
1153 2445 1337 2552 disjecta.

169 2579 287 2672 Quin
309 2579 407 2679 imo,
432 2603 528 2659 cum
559 2577 661 2658 haec
691 2577 874 2658 inlausta
893 2577 958 2657 lex
981 2577 1036 2657 sit
1061 2577 1146 2684 jam
1179 2578 1342 2659 civitate

168 2714 342 2812 donata,
376 2711 497 2793 hodie
537 2738 783 2820 exasperare
824 2711 936 2792 illam
968 2721 1171 2792 conantur
1210 2712 1345 2821 impo-

169 2857 320 2927 nentes
336 2845 649 2927 celebrationem
666 2845 918 2927 matrimonii
935 2845 1067 2926 civilis
1088 2846 1235 2927 debere
1252 2873 1342 2926 esse

169 2980 481 3090 praeventivam
512 2981 811 3089 cujuscumque
852 2979 1103 3062 matrimonii
1140 2981 1337 3087 religiosi,

168 3113 286 3220 quod
316 3113 483 3194 schema
512 3115 615 3222 legis
647 3114 876 3221 admissum
907 3141 932 3194 a
962 3114 1135 3215 Camere
1161 3114 1343 3222 Deputa-

169 3256 330 3347 torum,
353 3253 416 3328 est
445 3247 486 3327 in
517 3247 774 3329 discussione
796 3247 837 3327 in
859 3248 1030 3328 Senatu.
1056 3245 1143 3326 Nec
1173 3245 1338 3345 sufficit,

168 3405 355 3487 namque
386 3381 504 3462 etde
536 3381 769 3463 inducenda
797 3381 887 3487 lege
918 3379 1080 3462 divortii
1111 3387 1209 3461 sunt
1238 3379 1341 3487 peti-

168 3512 325 3613 tiones,
347 3512 397 3593 de
417 3514 569 3621 quibus
600 3513 738 3621 agitur
767 3515 808 3594 in
840 3513 948 3594 dicta
968 3513 1142 3593 Camcra
1162 3513 1346 3620 Deputa-

168 3659 329 3728 torum.
341 3647 458 3741 Quae
473 3675 697 3756 pravorum
714 3648 928 3729 molimina
943 3648 1021 3729 nisi
1040 3647 1153 3728 Deus·
1169 3655 1341 3749 avertat,

166 3781 337 3863 eveniet
366 3781 562 3887 profecte,
597 3781 707 3890 quod
737 3782 780 3862 in
810 3782 1005 3863 societate
1035 3781 1250 3890 gentilium
1281 3809 1346 3862 re-

168 3915 457 4025 prehendebat
485 3915 659 4024 Sapiens
685 3944 775 4028 cap.
806 3920 859 3996 14
879 3945 916 3998 o.
942 3919 1013 3996 26:
1053 3947 1070 3980 ν
1091 3915 1168 3996 Dei
1199 3916 1345 3997 imme·

174 4089 193 4124 »
216 4051 411 4150 morati0,
432 4050 667 4132 animarum
683 4050 928 4160 inquinatio,
947 4048 1173 4130 nativitatis
1195 4049 1341 4131 immu-

174 4225 192 4256 »
215 4183 338 4284 tatic,
373 4183 611 4290 nuptiarum
642 4181 930 4282 inconstantia,
958 4181 1203 4263 inordinatio
1233 4209 1347 4264 moc-

173 4355 192 4389 »
214 4314 340 4398 chiae
362 4323 400 4396 et
420 4315 716 4424 impudicitiae.
741 4348 759 4392 ›
785 4315 914 4396 Porro
935 4313 1013 4396 hoc
1033 4314 1344 4396 matrimonium

168 4448 297 4532 civile
321 4447 363 4528 in
385 4447 497 4547 lociS,
521 4449 591 4530 ubi
610 4449 916 4557 promulgatum
938 4458 1000 4528 est
1016 4447 1237 4529 Decretum
1254 4448 1348 4528 Tri-
