3360 5126
319 452 386 518 238
613 437 900 516 rrnusmcrronus⁷
912 469 1005 516 sunu
1027 468 1186 517 cruorum

405 597 551 690 Quoad
569 595 748 703 primam
765 593 1048 703 quaestionem
1068 595 1362 701 respondetur:
1383 595 1500 679 Licet

310 733 430 840 juxta
459 730 568 811 dicta
597 729 882 811 malefactores
908 728 1158 835 justissime,
1184 738 1223 810 et
1254 729 1362 812 licite
1387 733 1501 812 occi-

313 867 478 966 dantur,
513 864 576 944 vel
606 863 850 944 mutilentur
874 863 1119 944 auctoritate
1140 862 1321 971 publica,
1346 863 1498 947 nihilo-

312 999 453 1081 minus
483 1005 567 1079 cer
570 1023 716 1097 um,
718 1004 814 1105 que
836 996 1052 1077 indubium
1091 1005 1168 1098 est,
1207 1023 1352 1078 omnes
1390 1002 1495 1080 irre·

311 1135 512 1244 pulcritot
508 1159 576 1212 em
607 1131 830 1232 incurrere,
864 1157 947 1212 non
967 1157 1019 1212 ex
1050 1131 1213 1230 delicte,
1248 1131 1320 1211 sed
1348 1159 1399 1212 ex
1421 1131 1492 1211 de-

313 1268 422 1348 fectu
454 1267 579 1348 lenito
537 1270 649 1358 tntis,
684 1265 831 1346 effectu
862 1274 1054 1372 sequuto,
1098 1263 1203 1346 idest
1239 1272 1388 1365 morte,
1425 1263 1490 1346 vel

311 1399 570 1484 mutilatione
600 1425 699 1481 secu
702 1405 758 1503 a,
793 1406 833 1479 et
863 1399 970 1478 hano
1013 1398 1359 1504 irregularitatem
1392 1381 1499 1479 oon-f

310 1536 480 1618 trahunt
510 1560 669 1634 omnes,
703 1534 771 1641 qui
806 1533 1046 1615 auctoritate
1082 1533 1250 1641 publica
1270 1534 1323 1614 ad
1345 1531 1494 1641 hujus—

309 1669 420 1752 modi
462 1667 751 1766 homicidium,
796 1675 835 1748 et
874 1667 1177 1747 mutilationem
1217 1675 1481 1766 concurrunt,

308 1803 452 1912 quales
483 1808 605 1883 sunt:
629 1803 915 1893 Accusatores,
941 1801 1173 1893 Delatores,
1197 1801 1379 1891 Jndices,
1404 1804 1486 1881 As·

306 1961 494 2028 sessores,
533 1935 806 2026 Consultores,
841 1933 1060 2026 Adoocoti,
1099 1935 1247 2028 Testes,
1291 1933 1486 2025 Notarii,

305 2072 546 2152 sententiam
575 2070 805 2162 scribentes,
841 2067 1057 2160 dictantes,
1097 2069 1401 2163 subscribentes,
1426 2069 1486 2150 le-

305 2214 454 2314 pentes,
489 2205 716 2288 ministri
687 2207 830 2310 Justiti
784 2208 882 2286 niae
912 2202 1096 2283 eamdem
1127 2211 1279 2284 sentent
1283 2208 1368 2285 inm
1388 2231 1484 2284 ene·

305 2349 547 2448 quentesetc
507 2341 629 2421 tcEt
614 2349 696 2448 top
700 2341 801 2420 timo
817 2365 917 2419 sane
929 2337 1038 2444 jure,
1055 2339 1152 2444 quia
1168 2337 1262 2419 licet
1278 2337 1318 2418 hi
1336 2365 1481 2420 omnes

304 2474 465 2555 nullum
497 2474 664 2554 commit
651 2481 753 2554 ttant
784 2472 1044 2574 delictum‚t
1028 2481 1167 2552 tamen
1190 2471 1289 2580 quia
1309 2472 1479 2576 sangui·

303 2636 398 2689 nem
430 2607 611 2688 alienum
643 2607 835 2706 fundunt,
870 2607 934 2686 vel
956 2607 1007 2686 ed
1031 2606 1286 2687 fundendum
1308 2633 1487 2688 concur-

301 2749 412 2838 runt,
459 2747 599 2820 carent
638 2739 818 2846 perlecta
857 2741 1194 2842 mansuetudine,
1240 2747 1279 2822 et
1313 2740 1482 2823 lenitate

301 2872 551 2954 Christiana.

389 3006 686 3088 Verumtamen
717 3008 979 3116 excipiuntur
1000 3010 1051 3089 ab
1073 3010 1151 3090 hac
1173 3008 1478 3116 irregularitate

299 3138 461 3218 Summi
479 3141 722 3249 Pontifices,
745 3150 883 3250 utpote
901 3143 969 3251 qui
987 3143 1271 3224 ecclesiastica
1288 3141 1378 3248 lege
1394 3169 1476 3222 non

297 3271 493 3380 ligantur,
526 3277 792 3383 inquisitores
822 3275 1050 3359 haereticae
1071 3276 1308 3385 pravitatis
1333 3283 1478 3384 utpote

298 3409 367 3514 qui
399 3409 567 3517 speciali
600 3411 739 3491 favore
769 3409 864 3491 fidei
895 3412 1113 3518 potiuntur
1143 3417 1221 3494 eto.
1257 3421 1336 3493 etc.

384 3541 530 3632 Quoad
545 3543 715 3624 alteram
728 3570 825 3624 vero
837 3545 1118 3651 quaestionem
1136 3545 1475 3652 distinguendum

296 3675 477 3756 occurrit
509 3677 614 3758 inter
635 3676 789 3759 bellum
814 3680 1022 3786 injustum,
1047 3689 1087 3762 et
1109 3680 1286 3787 justum,
1310 3687 1349 3759 et
1369 3679 1481 3757 inter

294 3809 449 3890 bellum
481 3813 743 3918 offensiorem,
778 3822 819 3894 et
848 3813 1118 3923 defensionrn.
1139 3815 1221 3894 Pro
1243 3811 1388 3896 maiori
1410 3819 1476 3892 ta·

291 3969 388 4023 men
417 3945 603 4026 claritate
634 3944 684 4025 de
715 3945 892 4053 singulis
929 3947 1133 4057 speciales
1165 3946 1267 4027 istas
1306 3946 1473 4027 conclu-

290 4073 428 4155 siones
461 4078 627 4159 damus

381 4210 435 4287 1⁰.
471 4209 514 4289 Si
536 4211 578 4289 in
600 4209 706 4290 bello
730 4219 924 4323 patenter
944 4212 1113 4321 injusto,
1138 4213 1226 4293 sive
1247 4213 1473 4323 difensioo,

289 4337 377 4418 sive
394 4341 607 4446 offensioo,
627 4343 690 4424 vel
713 4371 823 4427 unus
841 4345 1067 4448 occidatur,
1090 4373 1235 4428 omnes
1251 4354 1336 4428 tam
1358 4345 1471 4447 laici,

289 4498 414 4579 quam
437 4473 572 4556 clerici
606 4476 646 4555 in
680 4477 749 4558 tali
782 4477 888 4560 bello
921 4487 1173 4588 pugnanteS,
1193 4478 1256 4560 vol
1288 4480 1340 4560 ad
1371 4479 1473 4559 illud
