3388 5136
310 393 375 459 112
616 413 886 461 rananuomonns
911 413 1004 461 snam
1026 412 1184 460 onuonror

311 543 442 623 omnis
483 543 688 654 conventio
726 547 868 622 cessat.
913 539 1017 620 Vide
1061 538 1328 624 Reiffanstuel
1364 539 1407 622 h.
1453 549 1483 622 t.

310 703 353 759 n.
394 680 489 759 108.

309 947 533 1054 temporale
564 946 773 1055 promittit,
806 946 886 1047 dat,
920 943 983 1024 vel
1016 951 1195 1052 praestat
1226 945 1343 1026 alteri
1371 971 1419 1026 ex
1440 973 1481 1052 g.

309 1079 512 1187 ministre,
536 1080 598 1161 vel
621 1078 812 1160 familiari
834 1077 1038 1186 Episcopi,
1057 1105 1131 1159 seu
1148 1079 1482 1186 praesentatoris²

310 1215 374 1296 vel
405 1213 565 1322 patroni
597 1211 781 1293 beneficii
814 1211 893 1291 huc
922 1212 1022 1306 solo,
1054 1238 1122 1293 seu
1161 1213 1394 1322 principali
1426 1216 1488 1294 in·

310 1350 472 1445 tutione,
496 1375 570 1429 seu
593 1347 667 1429 hoc
686 1347 908 1458 primario,
934 1345 995 1427 vel
1016 1347 1102 1428 soto
1124 1348 1284 1442 metim,
1309 1355 1354 1428 ut
1377 1349 1487 1456 apud

308 1482 574 1590 Episcopum,
606 1509 681 1562 seu
713 1487 1073 1589 praesentatorem,
1097 1489 1160 1561 vel
1183 1489 1402 1589 patronum
1425 1482 1488 1562 in-

309 1616 503 1716 tercedat,
540 1623 668 1721 roget,
703 1614 766 1693 vel
799 1615 935 1722 ipsum
967 1614 1186 1696 efficaciter
1225 1617 1487 1696 commendat

309 1749 352 1828 in
364 1749 506 1829 ordine
519 1748 569 1828 ad
587 1748 854 1829 obtinendum
867 1747 1113 1830 beneficium
1130 1748 1481 1831 Ecclesiasticum.

308 1883 388 1964 Hic
428 1883 537 1962 enim
579 1909 651 1990 per
681 1883 904 1990 temporale
935 1892 1052 1990 parat
1082 1883 1160 1963 sibi
1193 1883 1302 1963 viam
1334 1885 1385 1963 ad
1417 1909 1487 1964 ac-

308 2017 556 2126 quirendum
597 2016 824 2124 spirituale,
871 2026 911 2098 at
951 2043 1093 2098 revera
1124 2017 1224 2098 illud
1259 2017 1483 2124 temporale

307 2177 381 2260 pro
404 2151 483 2232 isto
504 2150 707 2258 spirituali
730 2151 946 2259 promittit,
971 2151 1055 2252 dat,
1081 2177 1154 2232 seu
1178 2157 1373 2259 praestat.
1408 2178 1484 2232 ceu

308 2286 516 2393 eleganter
526 2287 575 2367 ad
589 2312 675 2366 rem
689 2293 827 2367 monet
838 2286 1075 2395 Eoetraoop.
1092 2291 1138 2386 2,
1153 2284 1203 2365 de
1218 2286 1394 2365 simonia
1413 2285 1484 2364 ubi

308 2417 472 2499 dicitur:
493 2453 551 2490 =
570 2419 801 2498 Simoniani
832 2420 1030 2499 committi
1050 2445 1141 2499 cum
1160 2419 1339 2529 pecunia
1360 2416 1484 2500 datur

300 2577 381 2660 pro
423 2551 639 2632 collatione
795 2552 977 2658 fucore,
1019 2579 1089 2633 seu
1130 2553 1391 2635 mediatione.
1434 2553 1486 2633 Et

307 2683 401 2766 lieet
441 2685 647 2767 videretur
685 2684 726 2765 in
768 2684 845 2765 hac
882 2685 1097 2794 hypothesi
1130 2687 1228 2768 dare
1260 2687 1484 2796 temporale

307 2818 543 2899 immediate
583 2844 657 2926 pro
692 2820 922 2927 temporali,
957 2822 1092 2929 qualis
1123 2829 1186 2902 est
1217 2821 1482 2922 intercessio;

307 2957 446 3032 tamen
476 2950 536 3032 sie
567 2979 640 3059 per
660 2952 877 3061 pecuniam
900 2979 1068 3062 parares
1089 2954 1162 3038 tibi
1184 2955 1293 3036 viam
1317 2956 1369 3036 ad
1398 2981 1482 3035 rem

307 3084 564 3193 spiritualem
595 3087 878 3188 obtinendam,
914 3096 959 3169 ut
989 3088 1046 3169 ait
1077 3089 1123 3169 S.
1157 3087 1344 3169 Thomas
1375 3093 1479 3172 22.

307 3247 346 3328 q.
384 3224 490 3322 100,
524 3228 610 3301 art.
644 3225 690 3305 2.
726 3221 784 3300 aul
813 3221 859 3303 5.

394 3355 500 3440 Hinc
512 3357 657 3438 merito
670 3357 711 3437 in
723 3383 813 3468 cap.
830 3358 1119 3438 Praesentium
1133 3362 1179 3440 3.
1195 3383 1306 3438 eous.
1327 3361 1368 3456 1,
1383 3385 1421 3464 q.
1434 3359 1480 3456 5,

308 3490 397 3598 (ubi
415 3519 538 3573 casus
555 3500 617 3573 est
633 3493 682 3572 de
699 3491 975 3592 ordinatione,
1010 3518 1089 3571 non
1107 3492 1156 3572 de
1179 3489 1395 3596 beneficio)
1417 3517 1485 3569 re·

306 3629 475 3730 putatur
495 3633 707 3731 tamquam
734 3625 963 3706 simoniaca
984 3625 1186 3734 promotio
1208 3627 1261 3708 ad
1286 3625 1485 3706 Sacerdo-

306 3756 410 3838 tium
427 3759 594 3839 obtenta
609 3783 682 3866 per
698 3758 930 3864 pecuniam,
957 3787 1037 3843 non
1059 3759 1286 3868 Episcop0,
1305 3760 1379 3840 sed
1396 3760 1484 3840 cui-

307 3891 401 3972 dam
419 3891 632 4000 prinoipali
649 3891 739 3999 ejus
756 3891 963 3992 familiari,
986 3894 1045 3974 vel
1062 3894 1255 3974 ministro
1273 3893 1429 3992 datam,
1444 3901 1482 3973 et

306 4027 357 4108 ad
380 4053 465 4108 rem
484 4026 580 4108 facit
603 4053 693 4138 cop.
712 4025 944 4108 statuimus
965 4032 1071 4129 107,
1092 4032 1255 4125 coust,
1277 4057 1317 4136 q.
1343 4031 1385 4127 1,
1410 4026 1481 4107 ubi

307 4159 505 4244 Nicolaus
522 4161 637 4268 Papa
647 4163 680 4240 ll
691 4171 772 4242 tres
790 4161 915 4270 ponit,
937 4189 1011 4242 seu
1023 4170 1240 4243 enumerat
1256 4160 1484 4269 speciessi-

306 4293 485 4392 moniae,
515 4321 690 4402 quarum
719 4323 845 4378 unam
872 4322 963 4376 esse
981 4295 1141 4394 asserit,
1163 4295 1329 4403 quando
1357 4295 1486 4376 simo-

306 4428 411 4510 niaci
429 4428 653 4509 simoniace
670 4457 695 4510 a
712 4457 794 4510 non
811 4429 1050 4512 simoniacis
1067 4429 1326 4528 ordinantur,
1355 4429 1393 4510 id
1421 4436 1485 4509 est

397 811 575 918 Colliges
605 819 751 920 quarto
787 811 895 920 quod
917 810 1138 891 simoniam
1160 809 1393 909 committit,
1417 811 1487 920 qui
1672 721 1678 934 l
