3178 5134
415 413 525 464 arena
548 413 592 462 ιν.
617 432 638 446 -
661 414 801 464 renones
823 415 893 462 xiv.
1182 397 1248 461 247

87 567 155 648 quo
182 569 280 621 casu
313 541 380 623 lex
412 568 493 622 non
534 542 636 622 satis
676 541 846 649 provida
870 525 1095 640 ⁸videratur,
1135 565 1239 646 quae

87 675 300 756 evenientes
331 676 572 783 plerumque
594 701 716 756 casus
737 703 820 756 non
847 673 1237 782 comprehendisset.

88 807 192 889 Ratio
222 809 327 890 haec
356 819 517 917 praeter
548 809 650 890 alios
672 810 870 912 Doctores
891 808 1069 891 traditur
1090 809 1242 888 aGon-

89 941 180 1022 zalez
210 943 253 1022 in
285 942 514 1024 Comment.
540 945 592 1024 ad
613 943 792 1050 quinque
813 942 940 1022 libros
962 941 1239 1022 Decretalium

91 1076 146 1155 tt.
178 1079 244 1157 IV
271 1104 361 1186 cap.
398 1080 423 1157 8
456 1079 498 1156 ia
534 1077 650 1158 Notis
680 1078 737 1158 od
768 1079 829 1156 lit.
865 1076 906 1156 d.

186 1213 246 1289 4.⁰
277 1209 421 1290 Altera
450 1237 546 1317 pars
577 1210 682 1290 tituli
715 1209 839 1316 hujus
871 1210 1053 1317 loquitur
1079 1210 1128 1290 dc
1151 1207 1240 1289 affi-

91 1343 209 1424 nitate:
233 1352 423 1450 quaeest
446 1377 464 1420 ‹
486 1345 770 1453 propinquitas
787 1371 1059 1452 personarum
1076 1369 1127 1424 ex
1150 1369 1241 1424 car·

92 1475 157 1555 nali
186 1477 334 1584 copula
364 1477 492 1584 adque
519 1477 697 1585 perfecta
718 1485 758 1558 et
778 1485 1066 1559 consummata
1097 1501 1241 1582 prove-

93 1609 201 1690 niens,
220 1645 238 1684 a
264 1610 461 1692 Consulto
479 1611 656 1693 dicimus
672 1613 862 1720 copulam
879 1611 1027 1692 debere
1042 1615 1133 1691 esse
1150 1634 1242 1716 per-

95 1742 232 1846 fectam,
258 1771 353 1824 nam
382 1747 417 1826 si
440 1747 588 1854 copula
618 1747 672 1826 sit
701 1754 863 1828 tantum
895 1745 1133 1853 imperfecta
1153 1743 1241 1824 sive

95 1876 273 1980 inchoata,
294 1880 358 1959 vel
374 1881 408 1959 si
427 1881 700 1962 interveniant
720 1889 838 1962 actus
859 1889 1240 1989 quantumcumque

96 2007 280 2116 impudici,
314 2013 402 2091 sive
432 2010 633 2094 habeatur
662 2014 833 2120 pollutio
864 2021 982 2093 extra
1012 2039 1085 2092 vas
1117 2038 1242 2118 gene-

99 2143 220 2224 rationi
242 2145 491 2227 destinatum
512 2173 593 2227 non
616 2148 747 2228 oritur
762 2147 956 2248 affinitas;
976 2145 1080 2226 ratio
1101 2153 1240 2226 autem

99 2277 256 2359 redditur
276 2279 318 2359 in
336 2307 426 2360 cun.
448 2281 745 2362 Fraternitatis
767 2307 916 2362 causae
938 2283 990 2360 35
1007 2286 1162 2388 quaest.
1188 2281 1239 2357 lt)

100 2433 218 2518 nempe
238 2413 346 2519 quod
368 2439 441 2520 per
460 2413 584 2494 talem
602 2415 792 2522 copulam
808 2414 926 2494 viret
943 2412 1121 2494 ioomina
1136 2413 1241 2492 fiunt

100 2567 163 2622 una
179 2571 286 2646 caro;
311 2545 407 2626 hinc
432 2549 615 2655 exsurgit
635 2549 797 2630 etiamsi
818 2553 1019 2656 unapars
1041 2569 1242 2654 oppressa

99 2673 138 2754 sit
161 2685 197 2759 ct
222 2679 430 2761 reluctans
451 2705 502 2760 ex
525 2709 615 2791 cup.
642 2685 666 2762 6
689 2683 738 2762 de
768 2711 813 2764 eo
844 2685 915 2790 qui
946 2681 1127 2791 cognorit
1158 2687 1236 2760 etc.

99 2807 261 2892 Affinitas
282 2839 379 2893 vero
410 2841 489 2894 non
522 2813 778 2896 contrahitur
808 2816 914 2897 inter
938 2815 1072 2895 virum
1094 2820 1135 2894 ot
1156 2813 1241 2893 ioe-

99 2939 239 3044 ninam,
273 2931 343 3052 qni
375 2955 566 3027 exercent
596 2948 784 3054 copulam
817 2949 1054 3055 perfectam,
1078 2948 1150 3027 sed
1178 2947 1242 3024 vir

99 3077 272 3159 contrahit
312 3087 473 3161 tantum
516 3082 754 3163 affinitatem
784 3111 879 3164 cum
917 3080 1240 3190 consanguineis

99 3206 270 3312 mulieriS,
305 3237 399 3293 cum
442 3239 523 3320 qua
563 3211 709 3295 habuit
746 3215 951 3321 copulam,
988 3222 1028 3294 et
1056 3209 1240 3294 vicissim

97 3340 221 3425 mulier
247 3353 411 3428 tantum
442 3346 644 3429 contrahit
674 3349 913 3430 affinitatem
944 3373 1039 3428 cum
1066 3371 1243 3452 consan7

97 3472 235 3575 guineis
265 3479 342 3559 viri
374 3505 585 3588 aquosa
625 3481 818 3588 cognosci
859 3480 1059 3588 permisit.
1095 3477 1242 3586 Neque

97 3604 238 3691 demum
270 3612 450 3694 affinitas
480 3613 646 3720 exurgit
674 3615 779 3696 inter
799 3613 1128 3721 consanguineas
1148 3638 1244 3692 mu·

94 3734 186 3823 lieris
214 3753 254 3826 ct
279 3745 611 3854 consanguineos
642 3747 734 3827 viri.
759 3747 867 3829 Sunt
897 3773 994 3854 ergo
1015 3747 1078 3826 vir
1098 3753 1138 3827 et
1158 3745 1243 3828 foe-

94 3873 187 3957 mina
214 3906 257 3960 se
289 3887 583 3986 cognoscentes
619 3880 739 3988 quasi
780 3881 901 3978 radix,
926 3891 966 3962 et
995 3881 1135 3988 stirps,
1169 3881 1239 3987 qui

95 4003 244 4094 fundant
275 4013 533 4116 affinitatem,
566 4021 607 4122 et
641 4041 714 4122 per
747 4015 826 4097 hoe
855 4015 1028 4124 sanguis
1068 4041 1243 4096 suorum

93 4145 474 4252 consanguineorum
505 4145 784 4228 mediantibus
814 4147 916 4255 ipsis
937 4149 1177 4255 attingatur,
1202 4157 1247 4228 et

93 4279 242 4385 sangnis
272 4279 399 4362 unius
430 4280 802 4389 consanguinitatis
838 4281 1093 4390 ingradiatur
1122 4279 1240 4389 quasi

92 4403 177 4492 fines
206 4415 376 4497 alterius
407 4415 677 4524 cognationis
703 4417 766 4496 Ex
789 4416 909 4498 dictis
929 4417 1116 4525 sequitur
1136 4417 1245 4500 duos
