3360 5126
525 451 625 496 naua
647 452 681 497 v.
705 467 748 478 —
771 449 911 497 rrrucus
934 452 990 496 xu.
1282 428 1349 495 233

170 575 385 684 personale
415 576 654 657 exercitium
695 575 851 657 ordinis
880 576 1005 676 sacri,
1041 575 1118 656 hoc
1154 573 1263 656 enim
1304 573 1344 654 in

171 735 269 792 casn
297 736 402 818 opus
434 718 541 790 esset
563 710 867 817 dispensatione
898 707 1127 803 pontificis,
1161 733 1244 816 qua
1264 733 1345 788 non

172 843 338 925 obtenta
367 843 469 926 illud
492 843 599 924 ultro
621 841 825 924 dimittere
851 841 1029 942 deberet,
1058 851 1226 948 urgente
1248 867 1345 922 con-

171 977 366 1058 scientiae
388 977 651 1084 obligatione.
678 979 734 1058 30.
753 978 846 1084 Ipso
868 976 974 1057 facto
991 974 1163 1056 incurrit
1183 973 1341 1080 irregu-

170 1111 373 1192 laritatem
397 1111 540 1219 (quam
572 1109 695 1192 etiam
726 1110 857 1191 laicus
888 1109 1093 1190 homicida
1124 1107 1343 1217 contrahit)

171 1244 274 1325 adeo
305 1254 365 1344 ut,
400 1245 664 1352 quantumvis
681 1243 888 1324 oecultum
905 1242 960 1323 sit
977 1241 1256 1342 homicidium,
1279 1266 1346 1322 or-

171 1377 289 1458 dines
310 1377 434 1460 etiam
456 1387 548 1486 post
568 1387 777 1486 peractam
800 1377 1089 1484 poenitentiam
1116 1377 1341 1483 suscipere,

170 1519 211 1594 et
241 1513 282 1592 in
313 1513 517 1620 susceptis
542 1511 778 1593 ministrare
802 1511 891 1592 sine
912 1510 1216 1618 dispensatione
1238 1509 1346 1588 Pon·

168 1644 288 1726 tifieis
310 1671 392 1726 non
424 1645 572 1726 valeat.
603 1645 706 1726 Can.
731 1646 872 1726 Miror
889 1647 934 1746 4,
954 1669 1044 1726 can.
1070 1643 1276 1724 Clerieum
1296 1643 1341 1734 5,

171 1779 351 1862 distinet.
385 1783 463 1878 50,
502 1779 606 1890 Cup.
641 1781 757 1861 Sicut
787 1787 831 1872 6,
872 1780 975 1890 Cup.
1011 1781 1075 1860 De
1106 1784 1267 1858 caetero
1300 1779 1343 1854 7.

173 1912 214 1993 h.
242 1922 271 1995 t.
310 1915 485 1996 thmcn.
520 1918 630 1996 unic.
666 1915 707 1996 h.
743 1923 772 1996 t.
802 1915 947 2022 juncto
970 1913 1152 1995 Concilio
1173 1911 1348 1992 Trideuc

172 2049 257 2128 tino
278 2077 376 2130 sesa.
400 2053 479 2142 24,
508 2051 612 2158 Cup.
638 2056 682 2141 6,
708 2049 756 2130 de
777 2050 1011 2158 Reformat.
1042 2048 1091 2128 de
1113 2071 1195 2154 qua
1216 2071 1350 2152 poena

173 2179 308 2261 fusius
330 2180 452 2262 inlra.
1380 2276 1383 2282 Ι

259 2313 354 2394 Huc
384 2311 568 2394 oratione
599 2321 794 2420 perventa
822 2313 993 2394 ulterius
1024 2311 1165 2419 quaeri
1199 2317 1344 2419 potest,

174 2456 314 2528 utrum
346 2455 559 2529 enarratas
576 2445 683 2554 juris
699 2473 869 2555 poenae,
904 2446 1146 2554 praesertim
1179 2470 1274 2526 vero
1295 2443 1350 2523 ir-

173 2581 482 2688 regularitatem
514 2581 727 2664 inourrant
766 2581 890 2664 etiam
922 2580 995 2681 illi,
1030 2581 1098 2688 qui
1132 2579 1345 2679 mandant,

172 2713 235 2794 vel
267 2716 488 2796 consulunt
517 2715 786 2798 homicidium
818 2715 1050 2824 injustum?
1074 2714 1202 2823 Resp.
1227 2713 1350 2795 Com-

173 2846 327 2949 munis,
361 2855 401 2929 et
431 2857 540 2930 certa
571 2849 714 2956 regula
744 2858 821 2949 est,
847 2876 958 2950 eum,
983 2851 1051 2958 qui
1085 2849 1254 2932 mandat
1274 2847 1348 2928 ho-

10 3055 11 3082 ,
171 2979 385 3063 micidium
430 2983 638 3090 injustum,
678 3009 760 3064 non
792 2983 913 3063 modo
944 2982 1169 3083 homicidii,
1208 2983 1281 3063 sed
1312 2991 1350 3063 et

10 3109 12 3134 ²
173 3113 357 3193 omnium
390 3141 618 3222 poenarum
662 3115 772 3196 illius
813 3142 929 3196 reum
967 3115 1069 3216 fieri,
1104 3123 1143 3195 et
1174 3140 1265 3194 esse
1295 3113 1346 3194 ad

174 3247 378 3330 monitum
410 3249 485 3358 loy.
531 3252 701 3331 Interest
736 3253 793 3331 15
816 3251 875 3358 ff,
909 3249 964 3330 uul
995 3249 1071 3358 leq.
1117 3247 1351 3330 Corneliam

175 3380 224 3462 dc
253 3382 390 3464 Sicur.
429 3427 475 3440 -
510 3381 565 3463 ibi
597 3428 649 3438 —
680 3383 911 3465 Mundutor
947 3381 1083 3463 caedis
1107 3407 1189 3492 pro
1220 3379 1351 3462 homi-

173 3514 268 3598 cida
289 3514 475 3599 habetur.
501 3517 576 3598 Cui
599 3517 776 3600 concinit
800 3519 904 3598 Can.
930 3517 1096 3626 Siquis
1119 3513 1284 3598 uiduam
1301 3517 1346 3607 8,

174 3647 269 3730 dist.
290 3651 366 3732 50.
388 3651 440 3732 Et
457 3651 560 3732 ratio
582 3660 657 3752 est,
680 3652 777 3760 quia
799 3652 1000 3734 mandans
1023 3659 1082 3732 est
1106 3675 1200 3731 vere
1221 3674 1350 3730 causa

174 3785 343 3865 moralis
359 3783 581 3886 homicidii,
600 3795 895 3894 consequenter
916 3795 956 3867 et
977 3809 1204 3893 poenarum
1219 3783 1351 3890 ipsius

174 3941 288 4000 reus,
313 3916 422 4000 Nam
454 3921 528 4027 qui
547 3921 664 4030 fucit
687 3945 767 4031 per
787 3921 932 4013 atium,
956 3929 1014 4000 cst
1037 3917 1212 4029 perinde
1243 3943 1292 3996 ac
1311 3920 1349 3997 si

165 4047 311 4156 faciat
334 4078 414 4161 per
443 4079 484 4132 se
516 4054 661 4164 ipsum.
701 4054 804 4164 Cap.
843 4053 923 4144 Qui
943 4053 1039 4161 sac.
1071 4055 1133 4136 72
1163 4049 1212 4130 de
1241 4050 1342 4158 Ray.

162 4182 257 4288 jur.
285 4187 326 4266 in
348 4189 393 4266 6.
419 4184 470 4265 Et
490 4185 589 4266 nihil
624 4185 805 4278 interest,
839 4183 999 4266 occidat
1029 4185 1134 4292 quis,
1168 4209 1224 4262 un
1251 4207 1348 4262 cuu-

174 4341 264 4396 sam
294 4319 438 4400 mortis
466 4319 677 4430 praebent.
727 4320 809 4402 Cit.
846 4320 929 4400 tec.
964 4317 1043 4400 Nil
1081 4321 1244 4400 interest
1277 4317 1349 4396 15.

167 4449 226 4556 ff.
262 4451 320 4546 nd
350 4453 426 4563 leq.
466 4455 630 4536 Cornel.
667 4453 715 4536 de
746 4453 883 4537 θέσαν.
