3356 5118
513 473 615 520 mxu
636 473 668 519 v.
693 491 736 502 --
760 475 899 522 urrunus
921 475 1035 523 xxxin.
1298 457 1363 523 329

185 600 376 682 sitionem
419 601 471 680 ab
516 599 652 681 officio
693 626 893 708 personae
933 603 1192 684 concedentis
1239 604 1365 711 privi-

185 735 341 843 legium
387 735 588 834 absolute,
638 741 678 816 et
722 735 814 816 sine
859 735 1103 817 limitatione
1151 763 1234 817 non
1279 765 1366 820 ces-

185 878 275 970 sat3
330 869 473 978 regula
523 869 633 950 enim
683 869 887 977 generalis
940 879 1023 971 est,
1080 877 1120 952 et
1170 897 1363 952 commu-

184 1002 290 1084 niter
325 1011 502 1111 recepta,
536 1003 645 1111 quod
676 1003 820 1086 Gratia
860 1004 1047 1084 absolute
1080 1029 1291 1106 concessa,
1326 1013 1365 1086 et

111 1215 114 1224 .
185 1145 396 1245 acceptata
411 1164 492 1219 non
509 1145 641 1218 cesset
662 1163 736 1245 per
758 1147 947 1231 mortem,
972 1145 1045 1218 ant
1066 1137 1363 1246 depositionem

184 1272 236 1350 ab
266 1271 401 1352 olficio
423 1270 555 1379 ipsius
576 1271 838 1352 concedentis
864 1271 988 1378 juxta
1018 1280 1230 1379 receptum
1258 1271 1365 1377 juris

62 1497 65 1500 ,
185 1401 365 1504 axioma,
401 1403 510 1512 quod
531 1404 688 1511 gratiae
710 1403 834 1485 etiam
856 1430 899 1484 re
922 1404 1082 1510 integra
1112 1419 1242 1484 morte
1267 1430 1365 1485 con-

183 1537 363 1618 cedentis
395 1563 477 1618 non
508 1535 711 1645 expirent.
746 1540 805 1618 lta
839 1538 942 1646 Cup.
978 1539 1114 1646 Super
1152 1539 1295 1647 pratia
1335 1543 1363 1618 9

183 1667 233 1748 de
262 1671 371 1778 offic.
396 1669 494 1776 jud.
530 1669 657 1778 detep.
686 1671 727 1750 in
762 1677 806 1763 6,
841 1680 879 1752 et
915 1671 1020 1782 Cap.
1058 1671 1108 1752 Si
1139 1673 1206 1752 cut
1234 1676 1296 1756 26
1318 1669 1368 1752 dc

178 1803 389 1913 praebent.
427 1808 468 1886 in
499 1810 543 1884 6.
583 1805 710 1912 Atqui
754 1804 1017 1912 privilegium
1059 1813 1123 1885 est
1163 1807 1365 1914 quaedam

36 1962 41 1968 ·
185 1937 331 2043 gratia,
374 1938 472 2045 qnia
512 1936 691 2020 continet
722 1937 904 2019 favorem
948 1938 1058 2045 ejnS,
1104 1938 1172 2020 cui
1214 1940 1361 2041 datur,

186 2095 283 2176 ergo
315 2081 393 2150 etc.
1136 2165 1138 2168 ¹

243 2203 519 2285 Confirmatur
549 2211 688 2285 autern
719 2209 925 2284 assertum
957 2228 1008 2283 ex
1041 2229 1105 2304 ec,
1142 2204 1251 2312 quod
1284 2203 1365 2312 pri-

186 2334 382 2444 vilegium
414 2335 467 2417 sit
498 2335 700 2443 quaedam
721 2334 902 2416 liberalis
923 2335 1116 2417 donatio:
1149 2335 1260 2445 etqui
1293 2338 1367 2418 do-

185 2468 296 2550 natio
318 2469 446 2550 semel
469 2469 575 2550 lecte
596 2494 676 2549 non
697 2468 857 2577 expirat
873 2495 945 2576 per
960 2476 1137 2551 mortem
1155 2470 1359 2570 donantis,

185 2627 283 2708 ergo
306 2609 383 2684 etc.
405 2605 459 2683 At
474 2603 509 2682 si
526 2601 787 2710 privilegium
804 2603 957 2684 nonsit
978 2601 1184 2703 absolute,
1210 2610 1250 2684 et
1275 2601 1364 2683 sinc

185 2733 426 2816 limitatione
448 2761 707 2836 concessum,
731 2736 803 2816 sed
825 2763 921 2818 cum
943 2737 1082 2846 aliqua
1112 2736 1362 2837 conditione,

185 2875 257 2949 aut
287 2867 528 2949 limitatione
560 2869 612 2949 ad
634 2875 792 2949 certum
813 2878 992 2978 tempus
1028 2871 1208 2979 exempli
1230 2868 1364 2978 gratie

185 3027 308 3108 usque
334 3000 391 3081 od
412 3001 704 3113 beneplacitum
725 3007 923 3103 nostrum,
947 3010 1047 3084 tunc
1070 3001 1269 3108 ipsofacto
1291 3029 1364 3109 per

184 3139 357 3214 mortem
398 3135 659 3216 concedentis
700 3134 985 3243 extinguitur,
1029 3141 1069 3216 et
1119 3143 1255 3216 cessat
1293 3159 1366 3242 per

182 3265 341 3347 obitum
358 3265 467 3348 enim
484 3268 761 3370 concedentis
781 3295 856 3350 seu
872 3267 1175 3376 privilegiantis
1196 3267 1365 3349 omnino

183 3398 307 3481 ctiam
339 3399 608 3508 extinguitur,
643 3411 681 3483 et
711 3411 846 3484 cessat
877 3401 1008 3510 ipsius
1039 3399 1360 3508 beneplacitum.

182 3533 242 3612 lta
281 3539 420 3615 textus
461 3560 686 3643 expressus
718 3535 759 3614 in
797 3536 900 3646 Cap.
935 3536 985 3617 St
1021 3533 1206 3645 gratiose
1246 3534 1274 3613 5
1316 3531 1365 3612 de

184 3670 392 3779 rescriptis
417 3670 458 3750 in
483 3676 526 3762 6,
543 3671 663 3750 -ibi
679 3719 731 3729 -
749 3671 999 3778 Hujusmodi
1017 3675 1163 3780 pratia
1180 3693 1258 3780 per
1280 3669 1365 3777 ejus

183 3799 350 3894 obitum,
368 3828 584 3912 perquem
610 3805 737 3914 ipsius
768 3804 1082 3916 beneplacitum,
1108 3830 1152 3885 cc
1176 3806 1262 3914 ipsc
1293 3829 1368 3882 οω-

176 3934 312 4040 pirat.
347 3935 391 4016 Si
426 3963 522 4018 vero
552 3963 797 4019 concessum
829 3937 951 4020 luerit
987 3935 1255 4046 privilegium
1285 3936 1365 4014 sub

183 4065 373 4149 clausula
403 4095 526 4179 usque
545 4071 603 4153 od
622 4073 916 4184 beneplacitum
941 4071 1064 4154 Sedis
1087 4068 1364 4181 Apostolicae,

184 4211 256 4283 eut
286 4200 541 4311 hujusmodi,
576 4214 675 4288 tunc
696 4205 774 4289 hoc
795 4206 837 4287 in
872 4233 973 4288 casu
999 4211 1196 4313 perpetuo
1228 4203 1364 4306 duret,
1456 4289 1458 4294 ,

184 4333 262 4415 nisi
297 4363 322 4418 a
351 4337 623 4440 Concedente,
650 4341 714 4421 vel
737 4340 827 4448 ejus
858 4341 1108 4422 Successore
1136 4343 1361 4435 revocetur,

187 4493 263 4548 ceu
296 4473 421 4555 tradit
453 4475 523 4556 cit.
549 4499 640 4590 cap.
676 4477 704 4556 5
736 4475 786 4557 de
807 4477 992 4586 rescript.
1029 4475 1070 4556 in
1101 4479 1145 4566 6,
1170 4469 1369 4550 -ibi-
