3178 5134
291 385 362 450 216
585 395 877 448 rnrnnncnouus
899 395 993 446 mars
1016 393 1185 446 cauourcr

300 525 500 608 tationem
545 523 824 631 intelligebant
867 521 1052 602 nonnulli
1096 519 1314 630 Episcopi,
1357 520 1471 626 quod

298 657 449 738 fuisset
463 657 703 765 simpliciter
718 655 913 737 exclusus
930 679 1053 735 casus
1067 654 1173 735 inter
1191 651 1471 760 baptizantem

301 801 343 875 ct
362 792 630 901 baptizatum,
654 816 737 872 non
757 816 853 870 vero
874 789 980 870 inter
999 788 1224 896 patrinum,
1248 786 1472 868 matrinam

297 932 341 1006 et
371 925 638 1032 baptizatum.
675 921 768 1004 Non
798 921 925 1004 semel
955 928 1094 1003 autern
1124 919 1314 1003 consulta
1342 945 1475 1026 super

298 1058 379 1140 boo
399 1059 444 1140 S.
469 1057 804 1156 Poenitentiaria‚
828 1083 853 1136 a
873 1081 955 1164 qua
984 1055 1259 1164 procedebant
1288 1053 1381 1134 illae
1408 1052 1427 1130 f
1453 1099 1475 1114 -

295 1191 490 1292 cultam,
515 1190 725 1299 respondit
744 1189 824 1270 sub
846 1189 1011 1270 nomine
1040 1187 1215 1268 levantis
1234 1185 1373 1268 venire
1394 1211 1476 1294 pa-

295 1324 455 1406 trinum
485 1331 526 1404 ct
554 1322 789 1419 matrinam,
814 1321 883 1428 qui
905 1320 1105 1401 vocabulo
1131 1319 1237 1426 juris
1268 1325 1477 1400 vocantur

295 1456 482 1538 levantes
511 1482 586 1537 sau
616 1453 886 1564 suscipientes
912 1461 1073 1536 esacro
1104 1452 1228 1534 fonte.
1252 1451 1477 1559 Antiquis-

294 1591 454 1670 simum
483 1589 595 1671 hunc
625 1615 750 1671 usum
790 1587 1008 1670 adhibendi
1044 1586 1252 1694 patrinum
1283 1585 1346 1666 val
1378 1611 1478 1666 ma-

296 1724 451 1805 trinam
471 1723 516 1804 in
536 1731 795 1806 sacramento
812 1721 1074 1830 baptismatis
1090 1729 1131 1803 et
1146 1721 1479 1802 confirmationis

297 1857 545 1939 auctoritate
576 1883 782 1939 canonum
817 1857 1037 1965 probatum
1067 1861 1108 1936 et
1137 1855 1480 1936 commendatum

291 1989 390 2096 jugi
419 1989 681 2072 observantia
700 2015 792 2071 asse
812 1989 1071 2071 retinendum
1091 2015 1173 2069 non
1194 1987 1321 2070 semel
1340 1987 1480 2070 edixit

191 2137 194 2142 ’
301 2125 343 2204 in
373 2124 463 2233 suis
503 2124 846 2206 Instructionibus
876 2124 1079 2231 Suprema
1113 2121 1387 2230 Congregatio
1423 2123 1473 2203 S.

298 2255 453 2356 Officii,
487 2256 607 2363 cujus
633 2257 812 2338 Litterae
841 2256 993 2337 nostris
1022 2280 1184 2363 quoque
1213 2253 1479 2362 temporibus

299 2388 439 2470 editae
484 2389 841 2472 circumferuntur.
885 2389 1074 2471 Profecto
1113 2389 1214 2470 hacc
1253 2395 1480 2496 praecepta

298 2531 403 2605 sunt
432 2524 636 2605 servanda
665 2524 707 2604 in
737 2523 914 2632 publicis
950 2547 1112 2632 quoque
1151 2521 1481 2603 administratio-

299 2654 425 2738 nibus
456 2656 710 2739 Sacramenti
742 2654 1089 2756 confirmationis,
1124 2679 1230 2763 quae
1268 2653 1376 2736 fiunt
1418 2654 1478 2735 ab

297 2788 516 2897 Episcopis
546 2789 589 2870 in
619 2789 851 2872 visitatione
882 2815 1007 2896 quam
1046 2795 1250 2898 peragunt
1280 2787 1478 2895 propriae

301 2921 527 3023 DioeoesiS‚
561 2930 608 3006 ut
648 2923 783 3032 quivis
822 2922 1089 3005 confirmatus
1119 2922 1184 3002 val
1224 2919 1481 3004 confirmata

295 3081 427 3136 suum
443 3055 592 3140 habeat
605 3064 903 3164 susceptorem,
922 3055 1000 3136 nisi
1016 3055 1350 3138 circumstantiae
1367 3065 1481 3138 tam·

301 3213 449 3294 porum
466 3196 507 3270 et
520 3189 705 3272 locorum
720 3189 833 3271 aliud
848 3212 901 3270 ex
917 3189 1159 3272 necessitate
1174 3188 1239 3272 vel
1254 3189 1482 3296 prudentia

295 3321 467 3430 exigere
498 3323 728 3407 videantur.
