3178 5134
419 417 525 467 menn
548 417 594 466 iv.
621 433 638 447 -
663 391 802 467 irrosus
824 417 894 469 xiv,
1182 401 1248 464 243

84 545 172 646 sive,
205 545 267 626 vel
301 546 351 626 ἃᾶ
381 545 597 627 secundum
626 547 941 654 generationem.
976 545 1092 638 Quae
1117 544 1241 625 disci-

86 679 181 786 plina
209 679 448 786 perduravit
470 707 599 788 usque
621 679 672 762 ad
693 681 905 761 saeculum
927 687 1135 780 octavum,
1159 706 1240 787 quo

84 823 250 920 tempore
282 814 391 894 latus
421 840 512 896 esse
542 815 705 896 videtur
735 795 876 894 Carion
908 814 1061 896 relatus
1092 815 1134 894 in
1155 813 1240 892 De-

85 953 181 1025 ereto
211 973 338 1026 eausa
372 953 425 1027 55
456 955 611 1054 qzruest.
646 949 673 1024 2
705 973 795 1026 eun.
840 949 905 1026 16:
957 945 1237 1052 «Progeniem

82 1105 187 1158 suam
221 1106 557 1188 unumquemque
589 1106 721 1189 usque
753 1082 803 1162 ad
841 1081 1059 1188 septimam
1099 1079 1240 1159 obser-

84 1237 164 1292 vare
204 1213 467 1296 decernimus
508 1215 835 1321 generationem,
879 1225 919 1295 et
959 1214 1154 1321 quamdiu
1195 1241 1240 1293 se

84 1355 299 1449 agnoscunt
329 1347 539 1430 adfinitate
571 1346 822 1454 propinquos
843 1347 894 1427 ad
916 1345 1041 1452 hujus
1068 1345 1238 1453 copulae

85 1505 151 1559 non
179 1482 374 1589 acce-dant
404 1481 654 1562 societatem.
683 1515 700 1554 »
735 1481 877 1562 Canon
910 1481 974 1560 lric
996 1479 1064 1587 qui
1088 1505 1113 1558 a
1134 1479 1238 1558 Gra-

85 1611 179 1694 tiano
209 1615 406 1696 tribuitur
435 1616 632 1722 Gregorio
662 1615 832 1721 Magno,
867 1612 1115 1694 aRomauis
1137 1611 1236 1693 Cor-

86 1747 293 1827 reetoribus
323 1747 472 1828 dicitur
501 1774 608 1854 opus
638 1746 824 1854 Gregorii
856 1747 886 1826 ll
918 1745 987 1852 qui
1015 1743 1236 1824 Pontifica-

86 1885 160 1957 tum
193 1881 321 1986 gessit
360 1889 454 1962 ante
495 1881 756 1980 medietatem
796 1879 951 1960 saeculi
992 1878 1140 1978 octavi,
1184 1879 1235 1958 ab

86 2008 164 2090 aliis
192 2014 364 2095 eruditis
394 2013 589 2096 tribuitur
619 2013 764 2094 Carolo
800 2013 954 2119 Magno
986 2011 1028 2090 in
1069 2010 1237 2118 Capitu-

87 2139 223 2226 laribus
253 2173 349 2228 oum
381 2174 585 2228 consensu
616 2145 886 2228 Auctoritatis
917 2144 1231 2226 ecclesiastieae.

88 2274 218 2358 Verius
248 2291 387 2360 autem
418 2291 479 2362 est
510 2279 695 2386 Gregorii
726 2279 775 2358 lll
813 2278 906 2359 dicti
938 2278 1125 2360 Junioris
1165 2276 1233 2384 qui

85 2405 355 2494 Pontificatum
388 2415 515 2520 gessit
555 2414 606 2494 ab
649 2438 757 2492 anno
799 2413 877 2492 731
924 2412 974 2492 ad
1015 2437 1083 2492 an.
1129 2411 1230 2510 7413

85 2546 234 2626 nam'in
265 2547 438 2656 epistola
468 2548 518 2629 ad
550 2545 811 2627 Bonifacium
852 2545 1101 2654 Episcopum
1143 2543 1235 2624 Mo-

81 2677 282 2778 guntinum
314 2707 404 2790 cop.
440 2685 464 2759 5
496 2679 640 2760 eadem
673 2679 797 2759 verba
827 2678 941 2760 relati
975 2677 1145 2758 canonis
1175 2676 1232 2756 lc-

82 2819 231 2911 guntur.
267 2813 477 2922 Quidquid
507 2813 561 2895 sit
590 2814 640 2895 de
670 2812 748 2893 hac
778 2812 1032 2921 quaestione,
1066 2839 1147 2892 non
1169 2811 1230 2890 vi-

79 2939 183 3026 detur
222 2976 313 3029 esse
358 2949 650 3056 ambigendum
696 2948 954 3056 disciplinam
1000 2947 1106 3027 hano
1152 2971 1234 3025 non

84 3074 191 3162 luisse
222 3083 387 3164 saeculo
418 3095 562 3165 octavo
594 3081 883 3190 antiquiorem.
919 3082 983 3160 Ex
1014 3089 1114 3161 tunc
1134 3104 1233 3159 con-

82 3215 357 3323 sanguinitatis
378 3218 716 3326 impedimentum
733 3215 913 3325 respexit
929 3215 1147 3322 septimam
1163 3237 1235 3318 ge-

83 3351 315 3432 nerationem
347 3353 409 3433 vel
432 3352 653 3460 septimum
675 3353 851 3460 gradum
873 3347 1095 3430 canonicae
1118 3371 1232 3426 com-

82 3485 288 3582 putationis
320 3497 365 3568 ut
395 3486 615 3595 explicavit
644 3486 882 3588 Alexander
901 3485 933 3563 Il
964 3482 1125 3563 decreto
1151 3504 1228 3560 suo

81 3609 113 3690 in
141 3615 320 3702 Concilio
350 3621 692 3718 celebratoanno
729 3623 837 3702 1065
868 3617 988 3725 cujus
1018 3617 1144 3712 lectio.
1169 3623 1231 3694 ost

80 3751 175 3850 apud
206 3753 449 3834 Gratianum
481 3779 592 3834 eous.
621 3756 674 3834 35
708 3761 862 3863 quaest.
890 3758 1027 3834 beon.
1053 3753 1095 3832 2.
1126 3737 1235 3830 Con-

79 3891 282 3968 srutaneae
312 3886 409 3968 huic
440 3887 698 3996 dispositioni
729 3895 842 3988 sunt,
887 3884 1124 3968 constitutio
1155 3881 1232 3960 Ni-

78 4016 165 4096 colai
194 4020 228 4099 ll
258 4047 364 4128 quae
394 4024 569 4102 refertur
599 4047 624 4100 a
656 4021 851 4103 Gratiano
892 4045 1003 4101 cous,
1041 4021 1094 4098 35
1127 4046 1165 4125 q.
1201 4017 1228 4094 2

77 4171 154 4231 con.
193 4157 245 4238 17
285 4165 325 4237 et
365 4156 677 4238 constitutiones
718 4155 983 4238 conciliorum
1025 4152 1228 4233 Guarma-

75 4279 211 4366 ciensis
242 4297 280 4369 et
310 4289 603 4397 Lugdunensis
638 4315 743 4397 quae
782 4287 986 4368 habentur
1023 4310 1133 4365 raus
1171 4283 1226 4362 35

75 4439 132 4518 qu.
165 4421 190 4499 2
222 4449 310 4506 con.
354 4426 405 4504 18
437 4433 474 4504 ot
510 4427 576 4506 19.
612 4424 749 4532 Hujus
780 4421 1019 4531 disciplinae
1042 4418 1226 4500 introdu-
