3264 5146
484 427 591 475 mmcn
614 425 661 478 rr.
686 444 707 458 ·
729 426 867 477 rnucus
890 427 912 478 1.
1247 414 1286 476 ὃ]

132 582 214 636 nem
244 553 433 661 baptismi
456 553 611 636 subditi
632 553 840 635 Ecclesiae
862 553 957 636 facti
977 567 1089 655 sunt,
1120 555 1172 635 ab
1193 555 1283 661 ejus

131 703 256 770 tamen
284 688 574 770 communione
594 697 693 770 sunt
714 689 851 790 divisi,
876 700 915 770 et
936 716 961 768 a
990 690 1186 770 societate
1217 717 1283 770 cc-

130 823 345 904 clesiastica
374 823 540 930 penitus
571 823 721 904 avulsi.
758 823 810 904 Et
840 824 975 932 quoad
1005 823 1081 904 bos
1108 824 1282 905 dubium

133 963 291 1036 nonest
321 955 363 1033 in
394 954 487 1054 hoc;
521 981 574 1034 an
604 953 761 1036 scilicet
794 955 978 1037 Ecclesia
1019 955 1168 1037 babeat
1208 981 1282 1036 nec

132 1114 175 1168 ne
202 1096 443 1196 potestatem
473 1113 544 1168 eos
584 1088 673 1168 suis
713 1087 875 1194 legibus
915 1088 1139 1194 obligandi:
1185 1115 1282 1168 nam

129 1249 214 1302 cum
244 1221 450 1330 baptisma
479 1222 608 1302 semel
637 1231 876 1330 susceptum
907 1248 1136 1329 numquam
1162 1223 1283 1302 amit-

135 1363 232 1436 tatur
261 1382 311 1434 ex
343 1383 434 1466 cap.
461 1357 485 1436 7
508 1355 557 1434 dc
587 1355 753 1453 divort,
789 1356 855 1436 isti
884 1363 1123 1463 permanent
1142 1354 1283 1435 subie-

130 1487 177 1566 cti
196 1489 381 1596 potestati
402 1487 626 1590 Ecclesiae,
651 1487 839 1596 quamvis
860 1487 1007 1595 privati
1034 1489 1117 1568 sint
1146 1487 1281 1568 omni-

134 1621 201 1700 bus
215 1622 333 1702 bonis
354 1631 394 1703 et
415 1622 641 1729 privilegiis
661 1621 868 1704 societatis
893 1623 1195 1720 ecclesiasticae
1217 1623 1277 1728 (in

132 1780 203 1860 quo
229 1755 414 1836 consistit
440 1757 542 1836 ratio
564 1755 1017 1854 excommunicationis,
1043 1782 1117 1835 scu
1139 1754 1281 1836 exclu-

128 1887 245 1966 sionis
275 1914 301 1966 a
331 1887 525 1969 societate
556 1887 866 1995 ecclesiastica).
901 1891 958 1968 At
988 1887 1200 1994 quaeritur
1224 1915 1278 1968 an

129 2019 300 2102 Ecclesia
330 2021 515 2102 intendat
545 2048 615 2101 eos
646 2020 724 2101 hac
755 2023 803 2102 de
825 2049 868 2102 re
889 2020 1071 2128 obligare
1093 2048 1169 2102 scu
1191 2022 1280 2102 adi-

128 2179 210 2257 gere
238 2156 291 2234 ad
321 2155 625 2236 observantiam
656 2156 811 2262 legum,
845 2156 1034 2263 quamvis
1066 2183 1136 2236 eos
1174 2155 1279 2235 sciat

131 2285 276 2368 tuturos
305 2298 585 2388 contumaces
619 2297 659 2369 ct
689 2288 765 2395 ipsi
796 2288 998 2369 retineant
1028 2289 1165 2368 valida
1185 2313 1276 2368 esse

28 2453 29 2488 ³
130 2421 378 2501 matrimonia
408 2446 513 2528 quae
543 2420 727 2502 Ecclesia
767 2419 861 2502 lecit
900 2421 1106 2502 invalida?
1145 2422 1278 2528 Super

130 2581 201 2660 qua
217 2539 259 2636 re
281 2554 381 2635 mihi
404 2555 565 2635 videtur
585 2554 718 2662 aptior
737 2581 827 2634 esse
848 2580 1025 2662 sequens
1046 2555 1276 2662 responsi0,

29 2671 30 2674 Ὺ
128 2714 221 2793 quae
250 2689 372 2770 certis
393 2689 593 2796 probatur
618 2689 887 2794 argumentis,
913 2715 1074 2796 nempe:
1109 2687 1280 2780 ‹Quid-

128 2822 214 2928 quid
228 2821 480 2904 censendum
495 2823 549 2902 sit
565 2823 614 2904 de
631 2823 919 2929 impedimento
936 2823 1151 2905 dirimente
1167 2823 1280 2904 clan-

127 2929 360 3038 ae'snnuaus
392 2983 417 3036 a
447 2955 629 3038 concino
659 2956 898 3037 Tridentino
920 2958 1100 3058 induco,
1126 2959 1175 3038 ce
1196 2983 1277 3064 quo

128 3114 289 3193 agemus
318 3089 560 3196 singillatim
591 3091 653 3170 tit.
688 3092 787 3190 Ill,
821 3091 1077 3172 retinendum
1099 3097 1176 3190 cst,
1200 3089 1278 3170 hos

129 3223 193 3302 etsi
222 3224 373 3331 ejectos
403 3251 429 3302 a
458 3224 652 3304 societate
682 3222 905 3324 Ecclesiae,
949 3234 988 3304 et
1027 3249 1189 3330 quoque
1220 3223 1279 3302 el-

133 3355 340 3438 lormantes
370 3357 473 3438 alias
505 3357 721 3438 societates
751 3357 1049 3438 haereticorum
1077 3367 1150 3438 aut
1170 3356 1280 3436 schi-

130 3493 384 3574 smaticorum
406 3492 447 3572 in
469 3517 617 3596 genere
637 3491 765 3572 teneri
783 3493 834 3572 ad
852 3491 1158 3574 observantiam
1179 3491 1279 3572 ista-

130 3651 211 3705 rum
240 3627 379 3732 legum
410 3624 775 3705 matrimonialium
798 3657 815 3700 »
841 3625 1035 3706 Diximus
1058 3628 1274 3733 inponere,

127 3760 214 3863 quia
242 3759 308 3840 bic
339 3785 421 3838 non
452 3757 660 3865 loquimur
689 3758 737 3838 de
768 3758 984 3840 haereticis
1015 3769 1055 3840 et
1075 3759 1278 3840 schisma-

130 3889 207 3972 ticis
235 3891 504 3984 orientalibus
535 3893 792 3974 diversorum
823 3894 994 3992 rituum,
1028 3891 1098 3999 qui
1125 3891 1279 3971 habent

128 4019 194 4105 bac
221 4025 263 4104 in
294 4026 467 4106 materia
505 4025 804 4133 legislationem
845 4053 1014 4133 prorsus
1055 4027 1275 4124 diversam,

128 4163 237 4262 atque
281 4158 331 4238 de
377 4158 479 4265 ipsis
523 4185 605 4240 non
651 4166 784 4265 potest
824 4158 1034 4239 conclusio
1073 4156 1278 4264 generalis

131 4289 302 4395 proponi.
321 4275 497 4371 Duobus
521 4317 615 4372 vero
633 4291 887 4398 argumentis
908 4291 1164 4399 gravissimis
1185 4317 1280 4398 pro·

133 4417 241 4502 batur
265 4423 505 4532 propositi0,
548 4451 726 4531 quorum
767 4426 964 4534 primum·
988 4435 1062 4506 est:
1106 4423 1282 4531 Impedi-
