3386 5126
526 439 625 485 omna
648 441 680 486 v.
704 457 748 468 -
772 439 914 487 munus
935 439 993 486 vu.
1280 420 1345 486 187

168 575 231 654 3.⁰
261 567 489 649 catholicae
520 568 685 648 ceritati
715 571 997 647 contrarium:
1025 567 1212 675 namqui
1236 579 1346 650 errat

165 705 277 788 circa
307 701 390 782 alia
419 700 595 801 obiectu,
629 727 735 808 quae
766 702 818 782 ad
849 701 972 781 fidem
1013 726 1094 780 non
1126 701 1343 809 pertinent,

169 866 253 919 non
285 844 347 917 est
376 860 476 915 sane
509 833 754 917 haereticus
789 834 950 915 Dicitur
980 837 1043 915 4⁰
1065 833 1182 914 homo
1214 836 1349 917 calide

4 1051 6 1092 Ι
170 974 418 1084 baptizatus,
439 969 536 1078 quia
566 969 669 1050 alias
703 997 782 1051 non
815 968 962 1077 poterit
992 967 1346 1070 essehaeretiouS,

4 1147 7 1208 1
167 1106 242 1187 sed
274 1129 463 1213 paganus
497 1103 615 1204 foret,
650 1131 724 1183 seu
757 1102 947 1203 infidelis,
972 1109 1044 1184 aut
1060 1102 1255 1210 judaeus,
1280 1104 1350 1211 qui

4 1211 6 1224 Ι
169 1238 395 1320 nullimode
425 1237 477 1317 ad
506 1236 736 1317 Ecclesiam
767 1237 986 1344 pertinent,
1034 1243 1157 1344 atque
1203 1237 1255 1316 ab
1301 1261 1351 1315 ea

168 1372 412 1480 dependent.
451 1374 511 1451 5.⁰
541 1370 702 1451 Dicitur
734 1397 824 1450 cum
855 1369 1076 1451 uoluntatis
1090 1372 1348 1482 pertinacia,

170 1507 270 1616 quia
301 1503 541 1613 pertinacia,
576 1505 681 1585 idest
711 1494 988 1602 contumacia,
1022 1511 1084 1583 est
1104 1503 1351 1583 elementum

171 1637 395 1749 principale
426 1637 610 1718 haeresis
646 1639 749 1747 Cup.
784 1642 829 1723 2.
856 1636 905 1717 de
925 1639 1041 1719 Sum.
1070 1637 1219 1718 Trinit.
1245 1635 1353 1715 Hinc

174 1771 411 1880 requiritur,
447 1779 492 1852 ut
523 1771 617 1878 quis
647 1771 752 1853 sciat
777 1797 898 1853 suam
921 1769 1168 1851 sententiam
1191 1771 1353 1850 centra·

173 1907 278 1986 riam
310 1931 401 1986 esse
431 1905 657 2006 doctrinae,
686 1932 735 1986 ac
757 1905 983 1986 definitioni
1007 1904 1253 1986 universalis
1275 1903 1355 1984 Eo-

173 2039 323 2120 cl'esiae
354 2037 521 2137 Christi,
556 2046 596 2118 et
627 2038 898 2118 nihilominus
929 2037 1206 2144 pertinaciter,
1241 2036 1355 2118 ideo-

172 2198 253 2282 que
283 2170 543 2276 culpabiliter
577 2195 667 2249 eam
710 2178 862 2270 teneat,
906 2197 1114 2276 suumque
1150 2169 1355 2275 judicium

174 2303 371 2416 proferat.
397 2301 517 2384 Unde
539 2301 727 2405 infertur,
752 2303 861 2412 quod
883 2301 918 2381 si
942 2303 1035 2410 quis
1052 2303 1212 2409 ignoret
1232 2300 1356 2382 etiam

172 2467 229 2520 ex
261 2436 496 2545 ignorantia
526 2436 753 2518 mortaliter
782 2434 993 2544 culpabili,
1017 2442 1058 2515 et
1078 2423 1234 2534 crassa,
1268 2433 1358 2541 opi-

175 2574 339 2654 nionem
367 2595 490 2652 suam
512 2569 722 2651 adversari
745 2569 955 2651 doctrinae
977 2569 1185 2650 Ecclesiae
1206 2568 1358 2649 Catho-

174 2705 291 2803 licae,
328 2729 420 2784 eam
452 2711 589 2784 tamen
621 2703 884 2812 pertinaciter
912 2730 994 2784 non
1016 2711 1164 2803 teneat,
1193 2711 1358 2784 nonest

174 2837 337 2948 proprie
369 2835 617 2937 haereticus
653 2863 785 2945 neque
806 2837 1110 2920 Ecclesiasticis
1132 2837 1358 2920 haeretico-

172 2997 265 3052 rum
297 2970 442 3078 poenis
473 2969 698 3071 obnoxius,
733 2969 831 3078 quia
865 2970 979 3051 deest
1009 2971 1259 3078 pertinacia;
1282 2999 1358 3053 ceu

174 3103 326 3212 pariter
346 3101 586 3208 hujusmodi
610 3102 834 3210 pertinacia
858 3101 900 3181 in
919 3102 1129 3183 voluntate
1146 3130 1226 3184 non
1244 3105 1362 3184 adest

174 3235 217 3315 in
247 3260 311 3334 ec,
346 3233 416 3341 qui
447 3234 540 3314 licet
571 3243 679 3316 erret
708 3236 750 3316 in
781 3237 875 3335 fide,
928 3243 992 3317 est
1029 3243 1170 3317 tamen
1210 3237 1360 3345 corrigi

175 3375 360 3478 paratus,
396 3370 455 3449 Ita
490 3367 595 3447 Can.
632 3372 710 3461 29,
748 3370 853 3480 Cup.
892 3371 970 3469 24,
1004 3377 1160 3476 quaest.
1195 3375 1240 3450 3.

264 3504 326 3583 Ex
356 3501 420 3580 his
452 3499 579 3606 igitur
614 3503 810 3583 omnibus
853 3502 1008 3611 liquido
1039 3511 1215 3603 constat,
1251 3502 1361 3613 quod

176 3642 222 3717 ut
252 3635 345 3744 quis
375 3657 471 3713 vere
501 3632 666 3716 dicatur
686 3635 933 3737 haereticuS,
959 3643 1119 3745 oportet
1144 3639 1201 3717 l.⁰
1224 3645 1269 3718 ut
1289 3638 1362 3718 ha·

174 3772 269 3851 beat
300 3793 481 3849 errorem
516 3767 556 3848 in
587 3769 809 3853 intellectu.
845 3772 911 3856 2.⁰
947 3771 1009 3854 Ut
1031 3771 1098 3853 hic
1119 3798 1232 3854 error
1252 3774 1362 3854 circa

173 3903 355 4010 aliquem
386 3901 480 3984 fidei
515 3903 736 4018 articulum
768 3907 820 3987 ab
857 3906 1043 3988 Ecclesia
1063 3905 1294 4006 definitum,
1314 3933 1363 3988 ac

176 4041 379 4115 retentum
411 4044 613 4120 versetur.
652 4040 713 4122 3.⁰
743 4039 798 4121 Ut
833 4067 929 4122 cum
972 4039 1194 4121 voluntatis
1240 4038 1364 4148 perti-

177 4167 297 4250 nacia
328 4165 569 4254 retineatur.
607 4171 697 4254 Hac
727 4174 776 4255 de
817 4202 860 4255 re
902 4173 1136 4256 haereticus
1177 4201 1260 4256 non
1301 4181 1364 4258 est

176 4303 246 4408 qui
279 4311 387 4386 errat
418 4305 601 4414 quidem,
634 4309 708 4389 sed
740 4316 903 4392 tantum
934 4309 976 4389 in
1006 4310 1131 4392 rebus
1161 4308 1359 4419 physiciS,

175 4433 352 4544 aliisque
384 4438 607 4541 eiusmodi,
642 4469 747 4551 quae
778 4445 830 4525 ad
865 4443 1106 4552 religionem
1139 4443 1363 4527 nullimode
