3264 5146
524 364 658 449 'urana
680 400 725 451 1v.
750 418 770 430 -
792 398 932 448 rrrunns
954 399 975 447 1.
1309 387 1350 450 29

176 536 314 610 tatum
345 533 422 606 est.
456 527 615 607 J'uverit
645 526 814 634 proinde
845 525 887 605 in
918 525 969 604 iis
999 523 1203 606 diluendis
1238 527 1345 608 diffi-

175 660 405 742 cultatibus
437 660 739 767 aliquantulum
760 659 986 742 immorari.
1012 658 1340 764 Matrimonium,

176 795 258 903 ipsi
292 795 424 902 ajunt,
464 794 540 876 etsi
581 793 826 875 sacramenti
866 791 1106 898 dignitatern
1148 791 1341 896 induerit,

176 955 265 1008 non
296 927 416 1008 desiit
445 935 582 1009 tamen
613 953 704 1008 esse
725 933 975 1025 contractus
1000 923 1119 1004 etsie
1140 927 1191 1006 ad
1214 927 1345 1010 instar

174 1062 357 1142 aliorum
387 1068 673 1144 contractuum
704 1069 744 1142 et
764 1069 992 1168 pactorum,
1023 1067 1161 1142 manet
1181 1063 1260 1142 sub
1283 1089 1346 1143 re-

176 1195 336 1302 gimine
366 1193 621 1275 auctoritatis
651 1193 798 1274 civilia.
833 1193 991 1272 Verum
1023 1191 1154 1272 facilis
1190 1201 1253 1275 est
1282 1222 1346 1275 re·

176 1326 363 1435 sponsio.
398 1325 659 1407 Praeoisione
690 1325 799 1406 enirn
831 1323 938 1404 saeta
969 1351 994 1404 a
1023 1324 1198 1430 legibue,
1240 1353 1345 1434 quac

176 1464 353 1542 effectus
373 1460 514 1543 civiles
534 1459 783 1542 matrimonii
806 1459 1083 1558 moderentur,
1103 1483 1207 1566 quas
1224 1487 1345 1542 nemo

176 1605 307 1701 negat
335 1620 459 1702 posse
488 1621 513 1673 a
542 1593 650 1675 civili
683 1591 882 1699 gubernio
904 1591 1038 1693 condi,
1064 1593 1172 1674 etde
1193 1594 1344 1701 quibus

177 1727 353 1808 inferius
384 1728 616 1835 loquemur,
649 1727 690 1807 id
721 1733 878 1808 certum
909 1733 970 1805 est
1000 1725 1229 1834 principum
1252 1751 1344 1808 sae·

178 1861 386 1942 cularium
403 1863 690 1943 auctoritatem
706 1861 835 1942 fuisse
853 1859 969 1940 valde
986 1858 1203 1940 limitatam
1219 1859 1342 1940 etiam

178 2004 403 2102 antequam
424 1996 732 2077 matrimonium
755 1994 806 2075 ad
828 1993 1067 2100 dignitatem
1098 1993 1343 2095 sacramenti

173 2155 202 2207 a
224 2127 389 2209 Christo
410 2127 666 2228 eveheretur;
689 2127 761 2207 sed
783 2125 974 2234 posthoc
999 2123 1148 2205 Christi
1171 2125 1340 2224 factum,

178 2262 263 2342 illis
294 2288 577 2369 quaecumque
599 2270 779 2369 potestas
802 2260 878 2341 fuit
898 2259 1062 2340 sublata
1084 2285 1164 2369 per
1182 2259 1346 2340 subtra-

176 2397 367 2496 ctionem,
402 2404 449 2477 ut
478 2395 608 2502 ajunt,
633 2369 842 2476 ‘materiae
881 2418 1028 2500 nempe
1069 2391 1166 2500 quia
1204 2393 1346 2474 matri-

175 2529 367 2610 monium
399 2531 450 2610 ad
481 2529 735 2638 superiorem
776 2527 960 2608 ordinem
1002 2526 1080 2607 fuit
1119 2525 1339 2607 clevatum.

175 2663 344 2744 Revera
373 2661 604 2770 principum
634 2659 911 2742 saecularium
941 2666 1122 2768 potestas
1162 2659 1345 2767 nequivit

176 2797 340 2904 aliquid
370 2803 552 2878 statuere
583 2804 724 2878 contra
764 2792 1165 2874 indissolubilitatem
1202 2794 1344 2874 matri-

177 2927 325 3028 monii,
358 2954 483 3036 quam
513 2927 591 3008 hoc
621 2934 889 3008 consecutum
929 2925 1063 3006 estin
1103 2925 1237 3033 prima
1275 2925 1341 3005 sui

177 3061 435 3145 institutione
465 3088 515 3142 ex
544 3060 784 3142 auctoritate
806 3067 845 3140 et
871 3059 1102 3140 interventu
1123 3057 1276 3157 divin0,
1301 3057 1340 3139 id

176 3203 244 3276 est
274 3195 395 3302 longe
425 3202 644 3302 antequam
675 3192 984 3274 matrimonium
1015 3217 1040 3269 a
1069 3189 1230 3270 Christo
1262 3189 1344 3269 ele-

177 3339 347 3410 varetur
372 3329 423 3410 ad
445 3327 684 3436 dignitatem
705 3327 968 3427 sacramenti;
991 3331 1113 3433 prout
1134 3324 1176 3402 in
1197 3323 1343 3404 litteris

174 3464 232 3544 ad
263 3462 515 3571 Episcopum
544 3460 699 3568 Agriac
729 3462 808 3541 sub
839 3458 906 3541 die
940 3461 985 3538 ll
1011 3459 1121 3542 Jctti
1144 3458 1252 3538 1789
1275 3485 1344 3538 as-

173 3595 279 3676 serit
308 3594 410 3676 Pius
440 3595 511 3676 VI.
546 3595 706 3677 Relatis
738 3594 940 3702 siquidem
978 3589 1109 3674 'nostri
1150 3600 1341 3699 protopa-

173 3728 306 3810 rentis
336 3729 487 3810 verbis:
527 3731 660 3810 «Hoc
690 3755 796 3810 nunc
826 3754 869 3808 os
899 3755 953 3807 en
983 3729 1135 3808 ossibus
1158 3727 1270 3827 maia,
1304 3732 1342 3804 et

172 3889 278 3944 curo
307 3863 358 3944 de
388 3877 510 3944 earne
539 3891 629 3944 mea
650 3873 728 3945 etc.
754 3898 772 3940 ›
798 3863 1027 3970 subiungit:
1058 3893 1076 3937 ‹
1097 3863 1188 3955 Quo
1210 3859 1343 3942 mani-

177 4033 196 4072 »
220 3997 324 4078 feste
353 4004 478 4105 patet,
513 3997 820 4080 matrimonium
853 3997 916 4078 vel
947 3997 989 4077 in
1020 3997 1108 4104 ipso
1137 4003 1247 4078 statu
1269 4019 1344 4075 na-

175 4167 196 4206 »
218 4140 355 4229 turae,
388 4157 436 4212 ac
466 4155 565 4213 sane
597 4131 727 4212 multo
758 4136 851 4210 ante
872 4155 998 4237 quam
1018 4129 1070 4209 ad
1097 4127 1259 4237 proprie
1280 4128 1344 4209 di-

173 4301 193 4342 >
214 4265 273 4346 cti
288 4265 536 4347 sacramenti
553 4265 796 4372 dignitatem
813 4263 1068 4363 eveheretur,
1103 4263 1164 4343 sic
1193 4261 1341 4344 divini-

174 4435 191 4472 »
213 4409 287 4480 tus
310 4395 544 4480 institutum
566 4424 670 4496 esse,
696 4405 742 4478 ut
762 4423 905 4478 secum
927 4397 1070 4478 afferat
1091 4403 1335 4504 perpetuum
