3386 5126
543 363 644 409 umas
666 363 697 407 v.
723 379 766 392 —
788 362 927 412 mantus
949 363 1009 410 vn.
1304 344 1368 412 197

197 491 270 570 cia·
299 517 481 596 anquam
511 487 696 570 accidere
721 496 870 598 potest,
902 495 947 570 ut
965 491 1155 600 inpraai
1178 492 1233 572 sit
1255 493 1369 572 iano·

195 625 273 704 mia
304 623 597 704 catholicorum
630 650 720 704 cam
750 617 967 705 haereticis
994 627 1305 707 communicatio
1329 631 1370 708 in

195 757 361 840 diuinis.
396 759 455 838 Ita
486 757 720 864 praedictus
751 756 941 837 Pontifex
971 755 1021 837 de
1045 759 1200 866 Synod.
1227 759 1296 840 lib.
1322 766 1366 851 6,

200 893 304 1004 Cap.
333 891 379 984 5,
412 920 454 972 n.
488 896 534 984 2,
569 900 606 972 et
636 895 705 974 cit.
742 917 847 1002 resp.
881 892 926 974 S.
967 893 1122 1002 Officii.
1157 892 1267 984 Quin
1303 919 1371 973 oa-

195 1025 369 1108 tholicos
409 1051 610 1107 excusare
655 1026 789 1108 valeat
834 1025 1131 1108 haereticorum
1178 1053 1371 1134 persecu·

199 1159 271 1258 tio,
305 1159 403 1266 quia
428 1159 550 1265 juxta
579 1159 624 1238 S.
660 1158 793 1240 Officii
839 1160 1099 1260 sententiam,
1140 1165 1370 1270 persecutio

198 1297 288 1402 ipsa
308 1293 538 1401 aequivalet
559 1294 872 1402 interropationi
885 1292 1008 1400 fidei.
1029 1292 1176 1374 [tacit.
1204 1320 1366 1400 respon.

197 1425 240 1506 S.
277 1425 426 1526 Officii,
461 1451 565 1534 quae
596 1451 669 1533 per
699 1433 917 1506 extensum
947 1426 1121 1506 retertur
1151 1452 1176 1507 a
1202 1425 1369 1507 Giraldo

196 1565 288 1668 post
312 1560 417 1670 Cap.
441 1558 565 1640 Nulli
585 1559 634 1640 de
655 1569 804 1642 senten.
830 1585 987 1640 cacam.
1010 1559 1127 1642 Unde
1150 1559 1308 1640 Paulus
1330 1559 1370 1636 V

196 1693 378 1775 definivit
409 1720 490 1773 non
522 1693 642 1774 licere
672 1692 884 1775 catholicis
915 1693 1030 1800 regni
1063 1691 1240 1798 Angliae
1274 1692 1372 1774 hae·

197 1825 417 1908 retioorum
449 1827 603 1934 templa
633 1826 760 1928 adire,
804 1834 843 1908 et
884 1826 1033 1906 ritibus
1078 1852 1222 1907 eorum
1269 1825 1373 1908 inte·

197 1986 324 2042 resse.
357 1962 419 2042 Ita
447 1960 516 2042 cit.
552 1961 742 2042 PontiFex
773 1961 927 2042 Bened.
953 1960 1054 2040 XIV
1075 1961 1144 2042 cit.
1171 1987 1269 2042 moa
1292 1961 1367 2042 loc.

194 2092 306 2174 idem
337 2094 623 2173 confirmatum
656 2094 733 2174 luit
763 2095 852 2174 aS.
879 2092 1205 2200 Congregatione
1228 2096 1272 2175 S.
1299 2093 1372 2174 Ol-

196 2222 277 2304 ficii
309 2223 350 2302 in
380 2223 651 2305 instructione
682 2251 755 2331 pro
787 2225 1065 2305 Missionariis
1097 2225 1278 2307 Orientis
1299 2253 1372 2305 an-

197 2381 249 2438 no
285 2357 394 2438 1729
410 2386 421 2457 ;
455 2363 494 2436 et
525 2355 566 2435 in
598 2355 863 2465 responsione
889 2358 940 2438 ad
962 2359 1181 2466 quemdam
1206 2359 1372 2440 Missio-

196 2491 360 2574 narium
392 2490 746 2598 peloponnensem
778 2517 885 2572 anno
921 2491 1045 2592 1753,
1072 2493 1113 2572 in
1135 2517 1218 2600 qua
1238 2492 1373 2574 decla-

196 2626 315 2724 ravit,
352 2651 432 2706 non
464 2651 584 2732 posse
626 2624 780 2707 Missae
826 2625 1145 2707 celebrationem
1192 2626 1371 2733 permitti

198 2757 489 2842 Sacerdotibus
505 2757 735 2870 haereticis,
760 2767 799 2840 et
818 2758 1092 2842 schismaticis
1114 2759 1155 2840 iu
1176 2759 1373 2841 Ecclesiis

197 2889 507 2991 catholicorum,
541 2918 673 3000 neque
694 2918 816 2999 posse
843 2893 1068 2975 catholicos
1091 2893 1329 2976 adsisteret
1357 2939 1375 2953 -

198 3025 367 3106 neribus
398 3025 613 3106 celebratis
643 3025 724 3106 ritu
756 3025 1035 3126 schismatico,
1081 3053 1213 3135 neque
1254 3053 1376 3133 posse

199 3155 357 3236 absolvi
388 3157 610 3239 catholicos
640 3157 995 3240 communicantes
1021 3184 1116 3240 cum
1140 3158 1376 3241 schismati-

199 3289 275 3390 cis,
300 3289 379 3369 nisi
401 3289 442 3369 in
458 3316 558 3370 casu
579 3299 785 3373 extremae
801 3291 1074 3392 necessitatis
1097 3317 1230 3398 neque
1252 3319 1373 3398 posse

199 3422 420 3506 catholicos
451 3425 757 3506 communicare
788 3427 830 3506 in
860 3423 1012 3505 divinis
1043 3450 1139 3505 cum
1175 3422 1375 3506 schisma-

199 3555 306 3656 ticis,
341 3563 381 3638 et
410 3555 627 3638 haereticis
657 3557 699 3638 in
727 3583 870 3640 eorum
892 3557 1087 3639 Ecclesiis
1102 3587 1113 3658 3
1138 3582 1215 3638 ceu
1236 3567 1375 3639 monet

200 3689 409 3789 GiralduS,
443 3691 513 3799 qui
544 3691 697 3774 dictam
728 3693 1041 3773 instructionem
1070 3691 1191 3772 refert
1212 3718 1283 3800 per
1304 3717 1377 3771 ex-

199 3831 363 3904 tensum
394 3833 487 3932 post
517 3852 606 3936 cap.
643 3823 766 3906 Nulli
796 3824 844 3906 de
873 3833 974 3908 sent.
1010 3852 1165 3906 eacom.
1197 3824 1374 3906 Demum

200 3955 241 4035 in
272 3957 420 4038 horum
447 3959 799 4042 confirmationem
822 3961 978 4042 accedit
998 3958 1211 4068 dispositio
1232 3983 1375 4040 recens

199 4089 295 4171 data
326 4117 350 4171 a
380 4091 455 4172 Pio
486 4093 558 4194 Vl,
593 4093 635 4174 in
666 4120 767 4176 casu
798 4093 1123 4194 Gallicanorum,
1158 4091 1226 4200 qui
1269 4089 1378 4172 schi-

199 4223 421 4306 smaticum
453 4227 681 4310 emiserunt
706 4227 990 4335 juramentum
1021 4227 1248 4308 servandac
1279 4251 1374 4306 oon-

199 4359 426 4440 stitutionis
459 4388 484 4440 a
514 4361 726 4445 Conventa
760 4361 954 4444 nationali
989 4361 1136 4444 editae.
