3264 5146
317 361 360 425 88
604 373 896 426 rmnnnorrouns
919 373 1012 424 runis
1037 371 1207 424 cruorum

322 501 578 603 ordinantur,
611 499 707 583 hinc
746 511 942 609 putamus
982 508 1131 583 cuneta
1172 525 1376 607 exponere
1416 525 1487 606 per

322 645 461 744 partes
491 635 591 717 illud
622 637 895 744 explanando.

440 771 499 849 3.⁰
529 771 572 849 ln
609 769 827 852 enunciato
869 771 1029 852 decreto
1061 767 1289 849 Concilium
1313 763 1487 847 Triden-

319 902 453 982 tinum
475 902 601 982 instat
622 929 695 1010 pro
716 901 1022 1010 praemittendis
1044 898 1306 981 matrimonio
1329 899 1488 980 denun-

321 1036 583 1116 ciationibus.
619 1036 672 1117 Et
702 1037 804 1118 istae
825 1037 990 1145 quidem
1012 1035 1223 1116 faciendae
1244 1039 1342 1114 sunt
1358 1032 1486 1114 tribus

321 1170 471 1250 uicibus
503 1169 649 1251 diebus
681 1169 836 1250 festivis
868 1169 972 1250 inter
993 1169 1220 1248 Missarum
1240 1165 1443 1246 solemnia
1462 1191 1487 1243 a

319 1300 486 1408 proprio
515 1327 762 1408 sponsorum
793 1301 985 1410 parocho,
1020 1309 1059 1382 et
1088 1300 1124 1380 si
1153 1297 1296 1408 sponsi
1326 1298 1410 1380 sint
1425 1297 1487 1378 di-

320 1459 534 1513 versarum
565 1431 852 1541 parochiarum
884 1434 936 1514 ab
967 1441 1140 1540 utroque
1170 1431 1365 1540 parocho:
1401 1431 1486 1511 imo

318 1591 402 1645 non
440 1565 578 1646 solum
612 1593 638 1647 a
676 1565 854 1674 parocho
895 1565 1089 1647 domicilii
1128 1566 1201 1646 sed
1240 1563 1363 1644 etiam
1404 1560 1487 1641 ori·

318 1698 451 1804 giniS,
487 1673 579 1778 ‘nisi
625 1699 666 1779 in
711 1699 800 1780 loco
844 1697 1040 1780 domicilii
1087 1724 1203 1779 mora
1241 1695 1487 1778 contrahen-

317 1831 420 1911 tium
443 1831 565 1912 fuerit
584 1833 780 1914 continua
799 1859 872 1940 per
891 1833 1030 1940 plures
1046 1858 1189 1914 annos
1211 1832 1327 1925 Quae
1343 1831 1486 1911 omnia

314 1964 521 2072 expressis
551 1963 829 2046 decisionibus
859 1965 904 2046 S.
940 1963 1277 2072 Congregationis
1313 1963 1486 2044 firman-

315 2105 384 2177 tur
414 2098 556 2179 relatis
583 2125 608 2178 a
638 2098 792 2180 Giraldi
823 2126 933 2210 oper.
961 2101 1030 2181 cit.
1060 2107 1173 2210 part.
1209 2101 1350 2178 2scct.
1380 2100 1479 2178 114.

315 2230 575 2339 Dispensatio
607 2241 746 2314 autem
776 2233 920 2340 alege
951 2233 1307 2315 denuntiationum
1329 2261 1354 2314 a
1373 2231 1486 2312 Con-

314 2365 411 2446 cilio
441 2365 680 2448 Tridentino
711 2367 954 2475 relinquitur
983 2367 1172 2476 prudenti
1202 2365 1371 2448 arbitrio
1402 2366 1485 2446 Or-

315 2498 480 2600 dinarii,
514 2499 584 2607 qui
616 2525 667 2579 ex
697 2501 933 2581 causasibi
969 2502 1074 2582 bene
1113 2502 1204 2582 visa
1232 2501 1380 2609 poterit
1409 2525 1484 2582 eas

313 2632 532 2733 remittere,
557 2633 634 2714 etsi
656 2632 777 2714 fuerit
805 2633 888 2715 alia
917 2661 1060 2735 causa,
1094 2661 1219 2743 quam
1249 2661 1299 2715 ea
1328 2661 1435 2742 quae
1458 2660 1484 2714 a

312 2763 496 2846 Concilio
537 2793 734 2874 expressa
774 2767 885 2870 fuit„
909 2769 1132 2851 dummodo
1172 2784 1301 2876 aeq'ue
1340 2769 1485 2876 gravis

312 2893 376 2974 vel
406 2896 584 3002 gravior,
618 2907 740 3006 prout
769 2901 900 2982 tenuit
930 2901 974 2982 S.
1010 2901 1282 3008 Congregatio
1314 2903 1358 2981 in
1386 2899 1482 2982 No-

312 3031 489 3131 uariam,
523 3039 564 3112 et
593 3031 765 3113 refertur
797 3035 839 3114 in
869 3035 939 3116 lib.
974 3038 1234 3118 2Dccrctor.
1261 3062 1364 3148 pap.
1402 3037 1477 3116 73.

313 3161 394 3255 Qui
423 3163 577 3272 pariter
607 3165 851 3248 Ordinarius
881 3169 989 3250 valet
1019 3170 1061 3250 in
1093 3177 1224 3250 totum
1254 3171 1476 3270 remittere,

311 3297 375 3378 vel
406 3300 542 3406 quoad
572 3301 759 3407 singulas
788 3302 913 3402 vices
949 3303 1013 3384 vel
1043 3305 1291 3386 constituere
1311 3311 1358 3385 ut
1376 3303 1483 3386 fiant

307 3439 404 3513 ante
434 3433 497 3513 vel
527 3443 621 3542 post
650 3435 900 3517 celebratum
930 3421 1237 3520 matrimonium
1269 3445 1363 3518 ante
1378 3463 1483 3518 con·

308 3567 599 3668 sumationem,
633 3577 755 3676 prout
784 3569 909 3651 etiam
938 3569 1072 3653 sinere
1103 3583 1149 3652 ut
1188 3573 1290 3654 fiant
1328 3571 1479 3652 diebus

309 3696 466 3778 festivis
496 3699 539 3778 iu
569 3702 766 3808 vesperis,
799 3703 1022 3786 autetiam
1057 3703 1203 3786 diebus
1243 3704 1472 3786 ferialibus.

307 3827 484 3911 Nomine
516 3841 654 3914 autem
684 3833 890 3916 Ordinarii
930 3863 1013 3918 non
1052 3837 1188 3919 solum
1230 3838 1337 3919 venit
1375 3837 1478 3945 Epi·
1600 3943 1601 3948 Ν

305 3989 472 4072 scopus,
505 3967 578 4048 sed
609 3975 648 4048 et
677 3967 893 4050 Praelatus
922 3997 1017 4052 vere
1047 3969 1233 4072 Nullius,
1267 3977 1367 4080 quin
1378 3969 1474 4072 ‚imo

308 4105 350 4180 et
380 4098 574 4182 Vioarius
603 4102 821 4208 generaliS,
854 4103 935 4184 nisi
966 4131 1155 4212 expresse
1196 4105 1238 4186 id
1277 4104 1400 4186 fuerit
1434 4107 1473 4186 ei

308 4231 584 4318 interdictum.
619 4236 793 4329 Quando
823 4245 961 4319 autem
992 4237 1133 4347 sponsi
1164 4248 1262 4322 sunt
1291 4239 1474 4322 diversa-
