<?xml version="1.0" encoding="UTF-8"?>
<!DOCTYPE html PUBLIC "-//W3C//DTD XHTML 1.0 Transitional//EN"
    "http://www.w3.org/TR/xhtml1/DTD/xhtml1-transitional.dtd">
<html xmlns="http://www.w3.org/1999/xhtml" xml:lang="en" lang="en">
 <head>
  <title>
</title>
<meta http-equiv="Content-Type" content="text/html;charset=utf-8" />
  <meta name='ocr-system' content='tesseract 3.04.00' />
  <meta name='ocr-capabilities' content='ocr_page ocr_carea ocr_par ocr_line ocrx_word'/>
</head>
<body>
  <div class='ocr_page' id='page_1' title='image "./praelectionesju00angegoog/praelectionesju00angegoog_0508.png"; bbox 0 0 3386 5126; ppageno 0'>
   <div class='ocr_carea' id='block_1_1' title="bbox 548 375 1377 443">
    <p class='ocr_par' dir='ltr' id='par_1_1' title="bbox 548 375 1377 443">
     <span class='ocr_line' id='line_1_1' title="bbox 548 375 1377 443; baseline 0.001 -2"><span class='ocrx_word' id='word_1_1' title='bbox 548 397 647 442; x_wconf 74' lang='lat' dir='ltr'><strong>umus</strong></span> <span class='ocrx_word' id='word_1_2' title='bbox 670 395 701 442; x_wconf 87' lang='lat' dir='ltr'><strong>v.</strong></span> <span class='ocrx_word' id='word_1_3' title='bbox 727 413 767 424; x_wconf 86' lang='lat'><em>-</em></span> <span class='ocrx_word' id='word_1_4' title='bbox 793 397 932 443; x_wconf 80' lang='lat' dir='ltr'><strong>rmunus</strong></span> <span class='ocrx_word' id='word_1_5' title='bbox 956 397 1003 442; x_wconf 90' lang='lat'>111.</span> <span class='ocrx_word' id='word_1_6' title='bbox 1305 375 1377 442; x_wconf 49' lang='lat'><strong>145,</strong></span> 
     </span>
    </p>
   </div>
   <div class='ocr_carea' id='block_1_2' title="bbox 185 540 1386 4513">
    <p class='ocr_par' dir='ltr' id='par_1_2' title="bbox 189 540 1370 890">
     <span class='ocr_line' id='line_1_2' title="bbox 191 540 1365 652; baseline -0.003 -29"><span class='ocrx_word' id='word_1_7' title='bbox 191 543 288 652; x_wconf 91' lang='lat' dir='ltr'><strong>quia</strong></span> <span class='ocrx_word' id='word_1_8' title='bbox 322 542 388 623; x_wconf 92' lang='lat' dir='ltr'><strong>hic</strong></span> <span class='ocrx_word' id='word_1_9' title='bbox 420 543 471 622; x_wconf 89' lang='lat' dir='ltr'><strong>ab</strong></span> <span class='ocrx_word' id='word_1_10' title='bbox 503 542 594 650; x_wconf 89' lang='lat' dir='ltr'><strong>ipsa</strong></span> <span class='ocrx_word' id='word_1_11' title='bbox 625 540 785 622; x_wconf 89' lang='lat' dir='ltr'><strong>actione</strong></span> <span class='ocrx_word' id='word_1_12' title='bbox 816 568 936 622; x_wconf 91' lang='lat' dir='ltr'><strong>sacra</strong></span> <span class='ocrx_word' id='word_1_13' title='bbox 970 568 1050 622; x_wconf 89' lang='lat' dir='ltr'><strong>non</strong></span> <span class='ocrx_word' id='word_1_14' title='bbox 1082 541 1365 648; x_wconf 70' lang='lat' dir='ltr'><strong>distinguitur,</strong></span> 
     </span>
     <span class='ocr_line' id='line_1_3' title="bbox 189 674 1370 783; baseline -0.003 -26"><span class='ocrx_word' id='word_1_15' title='bbox 189 678 261 759; x_wconf 89' lang='lat' dir='ltr'><strong>sed</strong></span> <span class='ocrx_word' id='word_1_16' title='bbox 293 703 389 757; x_wconf 91' lang='lat' dir='ltr'><strong>cum</strong></span> <span class='ocrx_word' id='word_1_17' title='bbox 420 675 512 783; x_wconf 85' lang='lat' dir='ltr'><strong>ipsa</strong></span> <span class='ocrx_word' id='word_1_18' title='bbox 542 701 675 755; x_wconf 90' lang='lat' dir='ltr'><strong>unum</strong></span> <span class='ocrx_word' id='word_1_19' title='bbox 707 701 812 781; x_wconf 92' lang='lat' dir='ltr'><strong>opus</strong></span> <span class='ocrx_word' id='word_1_20' title='bbox 849 674 992 773; x_wconf 86' lang='lat' dir='ltr'><strong>efficit,</strong></span> <span class='ocrx_word' id='word_1_21' title='bbox 1026 682 1217 782; x_wconf 89' lang='lat' dir='ltr'><strong>totusque</strong></span> <span class='ocrx_word' id='word_1_22' title='bbox 1252 700 1370 755; x_wconf 89' lang='lat' dir='ltr'><strong>sacer</strong></span> 
     </span>
     <span class='ocr_line' id='line_1_4' title="bbox 190 817 268 890; baseline 0 0"><span class='ocrx_word' id='word_1_23' title='bbox 190 817 268 890; x_wconf 89' lang='lat' dir='ltr'><strong>est.</strong></span> 
     </span>
    </p>

    <p class='ocr_par' dir='ltr' id='par_1_3' title="bbox 185 939 1386 4513">
     <span class='ocr_line' id='line_1_5' title="bbox 336 939 1362 1052; baseline -0.002 -30"><span class='ocrx_word' id='word_1_24' title='bbox 336 943 377 1022; x_wconf 88' lang='lat'><strong>3⁰</strong></span> <span class='ocrx_word' id='word_1_25' title='bbox 406 939 592 1022; x_wconf 81' lang='lat' dir='ltr'><strong>Excusat</strong></span> <span class='ocrx_word' id='word_1_26' title='bbox 617 967 642 1020; x_wconf 90' lang='lat' dir='ltr'><strong>a</strong></span> <span class='ocrx_word' id='word_1_27' title='bbox 663 940 852 1021; x_wconf 88' lang='lat' dir='ltr'><strong>Simonia</strong></span> <span class='ocrx_word' id='word_1_28' title='bbox 874 940 1096 1052; x_wconf 80' lang='lat' dir='ltr'><strong>redemptio</strong></span> <span class='ocrx_word' id='word_1_29' title='bbox 1119 943 1362 1022; x_wconf 73' lang='lat' dir='ltr'><strong>oeeeotionis.</strong></span> 
     </span>
     <span class='ocr_line' id='line_1_6' title="bbox 189 1073 1363 1183; baseline 0 -29"><span class='ocrx_word' id='word_1_30' title='bbox 189 1074 310 1166; x_wconf 84' lang='lat' dir='ltr'><strong>Quod</strong></span> <span class='ocrx_word' id='word_1_31' title='bbox 342 1084 387 1156; x_wconf 91' lang='lat' dir='ltr'><strong>ut</strong></span> <span class='ocrx_word' id='word_1_32' title='bbox 418 1081 525 1156; x_wconf 87' lang='lat' dir='ltr'><strong>recte</strong></span> <span class='ocrx_word' id='word_1_33' title='bbox 556 1073 822 1181; x_wconf 82' lang='lat' dir='ltr'><strong>intelligatur,</strong></span> <span class='ocrx_word' id='word_1_34' title='bbox 848 1074 1107 1156; x_wconf 90' lang='lat' dir='ltr'><strong>distinctione</strong></span> <span class='ocrx_word' id='word_1_35' title='bbox 1137 1101 1242 1183; x_wconf 91' lang='lat' dir='ltr'><strong>opus</strong></span> <span class='ocrx_word' id='word_1_36' title='bbox 1278 1081 1363 1154; x_wconf 91' lang='lat' dir='ltr'><strong>est:</strong></span> 
     </span>
     <span class='ocr_line' id='line_1_7' title="bbox 189 1207 1366 1316; baseline -0.001 -28"><span class='ocrx_word' id='word_1_37' title='bbox 189 1209 254 1288; x_wconf 86' lang='lat' dir='ltr'><strong>vel</strong></span> <span class='ocrx_word' id='word_1_38' title='bbox 285 1209 377 1315; x_wconf 90' lang='lat' dir='ltr'><strong>quis</strong></span> <span class='ocrx_word' id='word_1_39' title='bbox 408 1209 562 1316; x_wconf 87' lang='lat' dir='ltr'><strong>patitur</strong></span> <span class='ocrx_word' id='word_1_40' title='bbox 592 1209 850 1290; x_wconf 85' lang='lat' dir='ltr'><strong>vexationem</strong></span> <span class='ocrx_word' id='word_1_41' title='bbox 885 1208 1036 1316; x_wconf 89' lang='lat' dir='ltr'><strong>injure</strong></span> <span class='ocrx_word' id='word_1_42' title='bbox 1057 1207 1366 1316; x_wconf 88' lang='lat' dir='ltr'><strong>spiritualijam</strong></span> 
     </span>
     <span class='ocr_line' id='line_1_8' title="bbox 189 1341 1366 1452; baseline -0.002 -29"><span class='ocrx_word' id='word_1_43' title='bbox 189 1343 307 1452; x_wconf 84' lang='lat' dir='ltr'>plene</span> <span class='ocrx_word' id='word_1_44' title='bbox 324 1343 526 1452; x_wconf 85' lang='lat' dir='ltr'><strong>quaesite,</strong></span> <span class='ocrx_word' id='word_1_45' title='bbox 552 1343 616 1422; x_wconf 83' lang='lat' dir='ltr'><strong>vel</strong></span> <span class='ocrx_word' id='word_1_46' title='bbox 638 1343 677 1423; x_wconf 89' lang='lat' dir='ltr'><strong>in</strong></span> <span class='ocrx_word' id='word_1_47' title='bbox 696 1341 789 1449; x_wconf 88' lang='lat' dir='ltr'><strong>jure</strong></span> <span class='ocrx_word' id='word_1_48' title='bbox 810 1343 1013 1452; x_wconf 89' lang='lat' dir='ltr'><strong>spirituali</strong></span> <span class='ocrx_word' id='word_1_49' title='bbox 1034 1344 1215 1424; x_wconf 89' lang='lat' dir='ltr'><strong>nondum</strong></span> <span class='ocrx_word' id='word_1_50' title='bbox 1233 1367 1366 1449; x_wconf 90' lang='lat' dir='ltr'><strong>quae-</strong></span> 
     </span>
     <span class='ocr_line' id='line_1_9' title="bbox 187 1475 1365 1584; baseline -0.002 -28"><span class='ocrx_word' id='word_1_51' title='bbox 187 1477 284 1576; x_wconf 90' lang='lat' dir='ltr'><strong>sito,</strong></span> <span class='ocrx_word' id='word_1_52' title='bbox 317 1476 388 1558; x_wconf 91' lang='lat' dir='ltr'><strong>scd</strong></span> <span class='ocrx_word' id='word_1_53' title='bbox 422 1475 560 1558; x_wconf 90' lang='lat' dir='ltr'><strong>adhuc</strong></span> <span class='ocrx_word' id='word_1_54' title='bbox 590 1477 839 1584; x_wconf 86' lang='lat' dir='ltr'><strong>quaerendo.</strong></span> <span class='ocrx_word' id='word_1_55' title='bbox 876 1475 919 1556; x_wconf 89' lang='lat' dir='ltr'><strong>Si</strong></span> <span class='ocrx_word' id='word_1_56' title='bbox 954 1476 1133 1583; x_wconf 90' lang='lat' dir='ltr'><strong>primum</strong></span> <span class='ocrx_word' id='word_1_57' title='bbox 1166 1475 1253 1556; x_wconf 92' lang='lat' dir='ltr'><strong>dari</strong></span> <span class='ocrx_word' id='word_1_58' title='bbox 1286 1499 1365 1582; x_wconf 91' lang='lat' dir='ltr'><strong>po-</strong></span> 
     </span>
     <span class='ocr_line' id='line_1_10' title="bbox 188 1607 1366 1716; baseline -0.002 -28"><span class='ocrx_word' id='word_1_59' title='bbox 188 1615 267 1688; x_wconf 88' lang='lat' dir='ltr'><strong>test</strong></span> <span class='ocrx_word' id='word_1_60' title='bbox 297 1607 451 1716; x_wconf 91' lang='lat' dir='ltr'><strong>aliquid</strong></span> <span class='ocrx_word' id='word_1_61' title='bbox 482 1609 705 1716; x_wconf 86' lang='lat' dir='ltr'><strong>temporale</strong></span> <span class='ocrx_word' id='word_1_62' title='bbox 727 1609 779 1690; x_wconf 90' lang='lat' dir='ltr'><strong>ad</strong></span> <span class='ocrx_word' id='word_1_63' title='bbox 802 1609 1062 1691; x_wconf 81' lang='lat' dir='ltr'><strong>vexationem</strong></span> <span class='ocrx_word' id='word_1_64' title='bbox 1086 1607 1366 1690; x_wconf 81' lang='lat' dir='ltr'><strong>redimendam</strong></span> 
     </span>
     <span class='ocr_line' id='line_1_11' title="bbox 188 1741 1367 1849; baseline 0.003 -30"><span class='ocrx_word' id='word_1_65' title='bbox 188 1743 345 1849; x_wconf 90' lang='lat' dir='ltr'><strong>absque</strong></span> <span class='ocrx_word' id='word_1_66' title='bbox 386 1741 578 1840; x_wconf 87' lang='lat' dir='ltr'><strong>simonia,</strong></span> <span class='ocrx_word' id='word_1_67' title='bbox 618 1769 694 1824; x_wconf 88' lang='lat' dir='ltr'><strong>ceu</strong></span> <span class='ocrx_word' id='word_1_68' title='bbox 734 1743 879 1824; x_wconf 85' lang='lat' dir='ltr'><strong>docent</strong></span> <span class='ocrx_word' id='word_1_69' title='bbox 923 1744 1026 1824; x_wconf 85' lang='lat' dir='ltr'><strong>Con.</strong></span> <span class='ocrx_word' id='word_1_70' title='bbox 1066 1743 1306 1834; x_wconf 83' lang='lat' dir='ltr'><strong>Quaesitum</strong></span> <span class='ocrx_word' id='word_1_71' title='bbox 1341 1745 1367 1822; x_wconf 75' lang='lat'><em>4</em></span> 
     </span>
     <span class='ocr_line' id='line_1_12' title="bbox 189 1876 1365 1988; baseline 0.001 -34"><span class='ocrx_word' id='word_1_72' title='bbox 189 1901 300 1958; x_wconf 87' lang='lat' dir='ltr'><strong>eous.</strong></span> <span class='ocrx_word' id='word_1_73' title='bbox 336 1877 375 1966; x_wconf 76' lang='lat'><strong>1,</strong></span> <span class='ocrx_word' id='word_1_74' title='bbox 410 1903 449 1984; x_wconf 84' lang='lat' dir='ltr'><strong>q.</strong></span> <span class='ocrx_word' id='word_1_75' title='bbox 485 1879 514 1956; x_wconf 84' lang='lat'><em>3</em></span> <span class='ocrx_word' id='word_1_76' title='bbox 546 1887 585 1958; x_wconf 84' lang='lat' dir='ltr'><strong>et</strong></span> <span class='ocrx_word' id='word_1_77' title='bbox 619 1877 723 1988; x_wconf 85' lang='lat' dir='ltr'><strong>Cap.</strong></span> <span class='ocrx_word' id='word_1_78' title='bbox 759 1877 943 1959; x_wconf 79' lang='lat' dir='ltr'><strong>Dilectus</strong></span> <span class='ocrx_word' id='word_1_79' title='bbox 973 1881 1034 1964; x_wconf 76' lang='lat'><strong>28</strong></span> <span class='ocrx_word' id='word_1_80' title='bbox 1067 1878 1109 1958; x_wconf 84' lang='lat' dir='ltr'><strong>h.</strong></span> <span class='ocrx_word' id='word_1_81' title='bbox 1146 1886 1174 1958; x_wconf 85' lang='lat' dir='ltr'><strong>t.</strong></span> <span class='ocrx_word' id='word_1_82' title='bbox 1202 1877 1271 1957; x_wconf 89' lang='lat' dir='ltr'><strong>ubi</strong></span> <span class='ocrx_word' id='word_1_83' title='bbox 1294 1876 1365 1956; x_wconf 86' lang='lat' dir='ltr'><strong>Si-</strong></span> 
     </span>
     <span class='ocr_line' id='line_1_13' title="bbox 188 2009 1365 2118; baseline 0.002 -30"><span class='ocrx_word' id='word_1_84' title='bbox 188 2009 349 2090; x_wconf 90' lang='lat' dir='ltr'><strong>moniae</strong></span> <span class='ocrx_word' id='word_1_85' title='bbox 371 2036 451 2090; x_wconf 91' lang='lat' dir='ltr'><strong>non</strong></span> <span class='ocrx_word' id='word_1_86' title='bbox 474 2018 723 2116; x_wconf 85' lang='lat' dir='ltr'><strong>arguuntur,</strong></span> <span class='ocrx_word' id='word_1_87' title='bbox 756 2010 826 2118; x_wconf 93' lang='lat' dir='ltr'><strong>qui</strong></span> <span class='ocrx_word' id='word_1_88' title='bbox 859 2013 910 2093; x_wconf 90' lang='lat' dir='ltr'><strong>ad</strong></span> <span class='ocrx_word' id='word_1_89' title='bbox 942 2011 1222 2092; x_wconf 82' lang='lat' dir='ltr'><strong>redimendam</strong></span> <span class='ocrx_word' id='word_1_90' title='bbox 1252 2009 1365 2117; x_wconf 88' lang='lat' dir='ltr'><strong>inju-</strong></span> 
     </span>
     <span class='ocr_line' id='line_1_14' title="bbox 187 2141 1367 2250; baseline 0.002 -30"><span class='ocrx_word' id='word_1_91' title='bbox 187 2147 296 2221; x_wconf 90' lang='lat' dir='ltr'><strong>stam</strong></span> <span class='ocrx_word' id='word_1_92' title='bbox 318 2168 483 2238; x_wconf 80' lang='lat' dir='ltr'><strong>vexam,</strong></span> <span class='ocrx_word' id='word_1_93' title='bbox 508 2168 633 2249; x_wconf 90' lang='lat' dir='ltr'><strong>quam</strong></span> <span class='ocrx_word' id='word_1_94' title='bbox 664 2141 926 2248; x_wconf 87' lang='lat' dir='ltr'><strong>patiebantur</strong></span> <span class='ocrx_word' id='word_1_95' title='bbox 957 2144 998 2222; x_wconf 93' lang='lat' dir='ltr'><strong>in</strong></span> <span class='ocrx_word' id='word_1_96' title='bbox 1021 2144 1113 2249; x_wconf 89' lang='lat' dir='ltr'><strong>jure</strong></span> <span class='ocrx_word' id='word_1_97' title='bbox 1132 2143 1218 2249; x_wconf 90' lang='lat' dir='ltr'><strong>jam</strong></span> <span class='ocrx_word' id='word_1_98' title='bbox 1241 2169 1367 2250; x_wconf 86' lang='lat' dir='ltr'><strong>quae-</strong></span> 
     </span>
     <span class='ocr_line' id='line_1_15' title="bbox 188 2259 1366 2382; baseline 0.002 -30"><span class='ocrx_word' id='word_1_99' title='bbox 188 2272 282 2372; x_wconf 87' lang='lat' dir='ltr'><strong>sito,</strong></span> <span class='ocrx_word' id='word_1_100' title='bbox 304 2259 559 2382; x_wconf 67' lang='lat' dir='ltr'><strong>&#39;temporalia</strong></span> <span class='ocrx_word' id='word_1_101' title='bbox 589 2273 804 2355; x_wconf 90' lang='lat' dir='ltr'><strong>dederunt.</strong></span> <span class='ocrx_word' id='word_1_102' title='bbox 839 2275 891 2353; x_wconf 85' lang='lat' dir='ltr'><strong>Et</strong></span> <span class='ocrx_word' id='word_1_103' title='bbox 921 2275 1024 2355; x_wconf 88' lang='lat' dir='ltr'><strong>ratio</strong></span> <span class='ocrx_word' id='word_1_104' title='bbox 1046 2283 1124 2373; x_wconf 85' lang='lat' dir='ltr'><strong>est,</strong></span> <span class='ocrx_word' id='word_1_105' title='bbox 1149 2275 1366 2382; x_wconf 91' lang='lat' dir='ltr'><strong>quiaillud</strong></span> 
     </span>
     <span class='ocr_line' id='line_1_16' title="bbox 188 2406 1365 2517; baseline -0.001 -30"><span class='ocrx_word' id='word_1_106' title='bbox 188 2407 309 2487; x_wconf 92' lang='lat' dir='ltr'><strong>datur</strong></span> <span class='ocrx_word' id='word_1_107' title='bbox 339 2433 420 2487; x_wconf 90' lang='lat' dir='ltr'><strong>non</strong></span> <span class='ocrx_word' id='word_1_108' title='bbox 453 2433 525 2514; x_wconf 91' lang='lat' dir='ltr'><strong>pro</strong></span> <span class='ocrx_word' id='word_1_109' title='bbox 552 2408 645 2515; x_wconf 87' lang='lat' dir='ltr'><strong>jure</strong></span> <span class='ocrx_word' id='word_1_110' title='bbox 686 2406 906 2514; x_wconf 86' lang='lat' dir='ltr'><strong>spirituali,</strong></span> <span class='ocrx_word' id='word_1_111' title='bbox 952 2415 1090 2517; x_wconf 89' lang='lat' dir='ltr'><strong>utpote</strong></span> <span class='ocrx_word' id='word_1_112' title='bbox 1131 2410 1240 2516; x_wconf 93' lang='lat' dir='ltr'><strong>quod</strong></span> <span class='ocrx_word' id='word_1_113' title='bbox 1279 2409 1365 2516; x_wconf 89' lang='lat' dir='ltr'><strong>jam</strong></span> 
     </span>
     <span class='ocr_line' id='line_1_17' title="bbox 187 2537 1366 2650; baseline 0.004 -32"><span class='ocrx_word' id='word_1_114' title='bbox 187 2537 338 2622; x_wconf 87' lang='lat' dir='ltr'><strong>habere</strong></span> <span class='ocrx_word' id='word_1_115' title='bbox 369 2541 632 2648; x_wconf 84' lang='lat' dir='ltr'><strong>supponitur,</strong></span> <span class='ocrx_word' id='word_1_116' title='bbox 666 2541 737 2622; x_wconf 87' lang='lat' dir='ltr'><strong>sad</strong></span> <span class='ocrx_word' id='word_1_117' title='bbox 770 2567 843 2650; x_wconf 93' lang='lat' dir='ltr'><strong>pro</strong></span> <span class='ocrx_word' id='word_1_118' title='bbox 874 2541 1069 2640; x_wconf 87' lang='lat' dir='ltr'><strong>tollenda,</strong></span> <span class='ocrx_word' id='word_1_119' title='bbox 1119 2543 1182 2623; x_wconf 85' lang='lat' dir='ltr'><strong>vet</strong></span> <span class='ocrx_word' id='word_1_120' title='bbox 1230 2541 1366 2650; x_wconf 89' lang='lat' dir='ltr'><strong>impc-</strong></span> 
     </span>
     <span class='ocr_line' id='line_1_18' title="bbox 187 2673 1366 2783; baseline 0.002 -30"><span class='ocrx_word' id='word_1_121' title='bbox 187 2673 336 2753; x_wconf 89' lang='lat' dir='ltr'><strong>dienda</strong></span> <span class='ocrx_word' id='word_1_122' title='bbox 366 2673 519 2778; x_wconf 87' lang='lat' dir='ltr'><strong>injusta</strong></span> <span class='ocrx_word' id='word_1_123' title='bbox 561 2673 765 2774; x_wconf 87' lang='lat' dir='ltr'><strong>molestia,</strong></span> <span class='ocrx_word' id='word_1_124' title='bbox 814 2683 853 2756; x_wconf 89' lang='lat' dir='ltr'><strong>et</strong></span> <span class='ocrx_word' id='word_1_125' title='bbox 897 2674 1079 2782; x_wconf 88' lang='lat' dir='ltr'><strong>injuria;</strong></span> <span class='ocrx_word' id='word_1_126' title='bbox 1114 2677 1222 2782; x_wconf 90' lang='lat' dir='ltr'><strong>quod</strong></span> <span class='ocrx_word' id='word_1_127' title='bbox 1269 2675 1366 2783; x_wconf 91' lang='lat' dir='ltr'><strong>quid</strong></span> 
     </span>
     <span class='ocr_line' id='line_1_19' title="bbox 186 2804 1365 2911; baseline 0.003 -29"><span class='ocrx_word' id='word_1_128' title='bbox 186 2804 409 2911; x_wconf 90' lang='lat' dir='ltr'><strong>temporale</strong></span> <span class='ocrx_word' id='word_1_129' title='bbox 440 2805 677 2910; x_wconf 81' lang='lat' dir='ltr'><strong>praesefert.</strong></span> <span class='ocrx_word' id='word_1_130' title='bbox 715 2807 758 2887; x_wconf 88' lang='lat' dir='ltr'><strong>Si</strong></span> <span class='ocrx_word' id='word_1_131' title='bbox 789 2834 886 2887; x_wconf 84' lang='lat' dir='ltr'><strong>vero</strong></span> <span class='ocrx_word' id='word_1_132' title='bbox 918 2810 1166 2908; x_wconf 91' lang='lat' dir='ltr'><strong>secundum,</strong></span> <span class='ocrx_word' id='word_1_133' title='bbox 1201 2809 1305 2890; x_wconf 89' lang='lat' dir='ltr'><strong>idest</strong></span> <span class='ocrx_word' id='word_1_134' title='bbox 1331 2810 1365 2888; x_wconf 92' lang='lat' dir='ltr'><strong>si</strong></span> 
     </span>
     <span class='ocr_line' id='line_1_20' title="bbox 186 2938 1364 3051; baseline 0.005 -35"><span class='ocrx_word' id='word_1_135' title='bbox 186 2938 447 3018; x_wconf 88' lang='lat' dir='ltr'><strong>vexationem</strong></span> <span class='ocrx_word' id='word_1_136' title='bbox 464 2938 618 3044; x_wconf 89' lang='lat' dir='ltr'><strong>patitur</strong></span> <span class='ocrx_word' id='word_1_137' title='bbox 635 2941 675 3020; x_wconf 94' lang='lat' dir='ltr'><strong>in</strong></span> <span class='ocrx_word' id='word_1_138' title='bbox 693 2941 787 3047; x_wconf 86' lang='lat' dir='ltr'><strong>jure</strong></span> <span class='ocrx_word' id='word_1_139' title='bbox 804 2939 1006 3046; x_wconf 88' lang='lat' dir='ltr'><strong>spirituali</strong></span> <span class='ocrx_word' id='word_1_140' title='bbox 1026 2943 1209 3022; x_wconf 91' lang='lat' dir='ltr'><strong>nondum</strong></span> <span class='ocrx_word' id='word_1_141' title='bbox 1232 2967 1364 3051; x_wconf 87' lang='lat' dir='ltr'><strong>quae-</strong></span> 
     </span>
     <span class='ocr_line' id='line_1_21' title="bbox 185 3070 1367 3181; baseline 0.002 -31"><span class='ocrx_word' id='word_1_142' title='bbox 185 3070 281 3168; x_wconf 90' lang='lat' dir='ltr'><strong>sito,</strong></span> <span class='ocrx_word' id='word_1_143' title='bbox 325 3071 397 3152; x_wconf 90' lang='lat' dir='ltr'><strong>sed</strong></span> <span class='ocrx_word' id='word_1_144' title='bbox 439 3073 693 3179; x_wconf 89' lang='lat' dir='ltr'><strong>quaerendo,</strong></span> <span class='ocrx_word' id='word_1_145' title='bbox 738 3081 836 3153; x_wconf 88' lang='lat' dir='ltr'><strong>tunc</strong></span> <span class='ocrx_word' id='word_1_146' title='bbox 876 3073 1220 3155; x_wconf 85' lang='lat' dir='ltr'><strong>subdistinctione</strong></span> <span class='ocrx_word' id='word_1_147' title='bbox 1261 3100 1367 3181; x_wconf 88' lang='lat' dir='ltr'><strong>opus</strong></span> 
     </span>
     <span class='ocr_line' id='line_1_22' title="bbox 186 3203 1367 3315; baseline 0.003 -32"><span class='ocrx_word' id='word_1_148' title='bbox 186 3211 268 3284; x_wconf 90' lang='lat' dir='ltr'><strong>est:</strong></span> <span class='ocrx_word' id='word_1_149' title='bbox 301 3203 363 3284; x_wconf 89' lang='lat' dir='ltr'><strong>vel</strong></span> <span class='ocrx_word' id='word_1_150' title='bbox 404 3203 642 3314; x_wconf 87' lang='lat' dir='ltr'><strong>hujusmodi</strong></span> <span class='ocrx_word' id='word_1_151' title='bbox 687 3206 848 3287; x_wconf 83' lang='lat' dir='ltr'><strong>vexatio</strong></span> <span class='ocrx_word' id='word_1_152' title='bbox 890 3206 1071 3312; x_wconf 88' lang='lat' dir='ltr'><strong>procedit</strong></span> <span class='ocrx_word' id='word_1_153' title='bbox 1107 3207 1158 3285; x_wconf 90' lang='lat' dir='ltr'><strong>ab</strong></span> <span class='ocrx_word' id='word_1_154' title='bbox 1199 3233 1263 3306; x_wconf 88' lang='lat' dir='ltr'><strong>ec,</strong></span> <span class='ocrx_word' id='word_1_155' title='bbox 1297 3207 1367 3315; x_wconf 93' lang='lat' dir='ltr'><strong>qui</strong></span> 
     </span>
     <span class='ocr_line' id='line_1_23' title="bbox 186 3337 1366 3446; baseline 0.001 -30"><span class='ocrx_word' id='word_1_156' title='bbox 186 3337 323 3418; x_wconf 92' lang='lat' dir='ltr'><strong>solum</strong></span> <span class='ocrx_word' id='word_1_157' title='bbox 355 3363 517 3438; x_wconf 88' lang='lat' dir='ltr'><strong>nocere,</strong></span> <span class='ocrx_word' id='word_1_158' title='bbox 552 3365 634 3419; x_wconf 92' lang='lat' dir='ltr'><strong>non</strong></span> <span class='ocrx_word' id='word_1_159' title='bbox 666 3348 804 3420; x_wconf 88' lang='lat' dir='ltr'><strong>autem</strong></span> <span class='ocrx_word' id='word_1_160' title='bbox 837 3339 1031 3446; x_wconf 88' lang='lat' dir='ltr'><strong>prodesse</strong></span> <span class='ocrx_word' id='word_1_161' title='bbox 1061 3346 1192 3444; x_wconf 89' lang='lat' dir='ltr'><strong>potest</strong></span> <span class='ocrx_word' id='word_1_162' title='bbox 1214 3341 1264 3418; x_wconf 86' lang='lat' dir='ltr'><strong>ad</strong></span> <span class='ocrx_word' id='word_1_163' title='bbox 1287 3340 1366 3420; x_wconf 89' lang='lat' dir='ltr'><strong>tale</strong></span> 
     </span>
     <span class='ocr_line' id='line_1_24' title="bbox 186 3470 1368 3577; baseline 0.002 -29"><span class='ocrx_word' id='word_1_164' title='bbox 186 3470 401 3576; x_wconf 86' lang='lat' dir='ltr'><strong>spirituale</strong></span> <span class='ocrx_word' id='word_1_165' title='bbox 433 3501 473 3552; x_wconf 88' lang='lat' dir='ltr'><strong>v.</strong></span> <span class='ocrx_word' id='word_1_166' title='bbox 509 3499 550 3577; x_wconf 87' lang='lat' dir='ltr'><strong>g.</strong></span> <span class='ocrx_word' id='word_1_167' title='bbox 587 3471 834 3551; x_wconf 86' lang='lat' dir='ltr'><strong>beneficium</strong></span> <span class='ocrx_word' id='word_1_168' title='bbox 882 3470 1166 3567; x_wconf 89' lang='lat' dir='ltr'><strong>obtinendum,</strong></span> <span class='ocrx_word' id='word_1_169' title='bbox 1200 3479 1239 3548; x_wconf 92' lang='lat' dir='ltr'><strong>et</strong></span> <span class='ocrx_word' id='word_1_170' title='bbox 1270 3477 1368 3550; x_wconf 87' lang='lat' dir='ltr'><strong>lunc</strong></span> 
     </span>
     <span class='ocr_line' id='line_1_25' title="bbox 187 3601 1364 3711; baseline 0.003 -30"><span class='ocrx_word' id='word_1_171' title='bbox 187 3627 211 3681; x_wconf 90' lang='lat' dir='ltr'><strong>a</strong></span> <span class='ocrx_word' id='word_1_172' title='bbox 241 3602 444 3682; x_wconf 89' lang='lat' dir='ltr'><strong>simoniae</strong></span> <span class='ocrx_word' id='word_1_173' title='bbox 475 3602 568 3683; x_wconf 90' lang='lat' dir='ltr'><strong>labe</strong></span> <span class='ocrx_word' id='word_1_174' title='bbox 599 3613 773 3684; x_wconf 86' lang='lat' dir='ltr'><strong>excusat</strong></span> <span class='ocrx_word' id='word_1_175' title='bbox 804 3604 900 3684; x_wconf 92' lang='lat' dir='ltr'><strong>dare</strong></span> <span class='ocrx_word' id='word_1_176' title='bbox 932 3603 1031 3711; x_wconf 91' lang='lat' dir='ltr'><strong>quid</strong></span> <span class='ocrx_word' id='word_1_177' title='bbox 1060 3601 1284 3711; x_wconf 88' lang='lat' dir='ltr'><strong>temporale</strong></span> <span class='ocrx_word' id='word_1_178' title='bbox 1315 3605 1364 3685; x_wconf 87' lang='lat' dir='ltr'><strong>ad</strong></span> 
     </span>
     <span class='ocr_line' id='line_1_26' title="bbox 185 3735 1367 3846; baseline 0 -30"><span class='ocrx_word' id='word_1_179' title='bbox 185 3735 465 3816; x_wconf 87' lang='lat' dir='ltr'><strong>redimendam</strong></span> <span class='ocrx_word' id='word_1_180' title='bbox 498 3735 603 3819; x_wconf 89' lang='lat' dir='ltr'><strong>hanc</strong></span> <span class='ocrx_word' id='word_1_181' title='bbox 645 3739 907 3819; x_wconf 85' lang='lat' dir='ltr'><strong>vexationem</strong></span> <span class='ocrx_word' id='word_1_182' title='bbox 940 3739 1061 3819; x_wconf 89' lang='lat' dir='ltr'><strong>etiam</strong></span> <span class='ocrx_word' id='word_1_183' title='bbox 1094 3738 1134 3818; x_wconf 93' lang='lat' dir='ltr'><strong>in</strong></span> <span class='ocrx_word' id='word_1_184' title='bbox 1165 3739 1257 3845; x_wconf 89' lang='lat' dir='ltr'><strong>jure</strong></span> <span class='ocrx_word' id='word_1_185' title='bbox 1283 3737 1367 3846; x_wconf 91' lang='lat' dir='ltr'><strong>spi-</strong></span> 
     </span>
     <span class='ocr_line' id='line_1_27' title="bbox 186 3867 1366 3980; baseline 0.003 -33"><span class='ocrx_word' id='word_1_186' title='bbox 186 3867 323 3950; x_wconf 90' lang='lat' dir='ltr'><strong>rituali</strong></span> <span class='ocrx_word' id='word_1_187' title='bbox 367 3869 549 3950; x_wconf 91' lang='lat' dir='ltr'><strong>nondum</strong></span> <span class='ocrx_word' id='word_1_188' title='bbox 592 3871 795 3980; x_wconf 87' lang='lat' dir='ltr'><strong>quaesito,</strong></span> <span class='ocrx_word' id='word_1_189' title='bbox 839 3872 910 3952; x_wconf 90' lang='lat' dir='ltr'><strong>sed</strong></span> <span class='ocrx_word' id='word_1_190' title='bbox 955 3872 1203 3980; x_wconf 86' lang='lat' dir='ltr'><strong>quaerendo.</strong></span> <span class='ocrx_word' id='word_1_191' title='bbox 1244 3869 1366 3950; x_wconf 90' lang='lat' dir='ltr'><strong>Ratio</strong></span> 
     </span>
     <span class='ocr_line' id='line_1_28' title="bbox 186 4003 1368 4109; baseline 0 -29"><span class='ocrx_word' id='word_1_192' title='bbox 186 4009 264 4098; x_wconf 89' lang='lat' dir='ltr'><strong>est,</strong></span> <span class='ocrx_word' id='word_1_193' title='bbox 298 4003 396 4109; x_wconf 91' lang='lat' dir='ltr'><strong>quia</strong></span> <span class='ocrx_word' id='word_1_194' title='bbox 425 4003 549 4084; x_wconf 90' lang='lat' dir='ltr'><strong>etiam</strong></span> <span class='ocrx_word' id='word_1_195' title='bbox 572 4005 613 4084; x_wconf 91' lang='lat' dir='ltr'><strong>in</strong></span> <span class='ocrx_word' id='word_1_196' title='bbox 645 4005 716 4086; x_wconf 88' lang='lat' dir='ltr'><strong>tati</strong></span> <span class='ocrx_word' id='word_1_197' title='bbox 739 4030 842 4086; x_wconf 86' lang='lat' dir='ltr'><strong>casu</strong></span> <span class='ocrx_word' id='word_1_198' title='bbox 876 4031 955 4084; x_wconf 92' lang='lat' dir='ltr'><strong>non</strong></span> <span class='ocrx_word' id='word_1_199' title='bbox 988 4005 1109 4086; x_wconf 86' lang='lat' dir='ltr'><strong>datur</strong></span> <span class='ocrx_word' id='word_1_200' title='bbox 1144 4003 1368 4109; x_wconf 85' lang='lat' dir='ltr'><strong>temporale</strong></span> 
     </span>
     <span class='ocr_line' id='line_1_29' title="bbox 185 4135 1364 4247; baseline 0 -32"><span class='ocrx_word' id='word_1_201' title='bbox 185 4161 258 4244; x_wconf 92' lang='lat' dir='ltr'><strong>pro</strong></span> <span class='ocrx_word' id='word_1_202' title='bbox 289 4135 494 4244; x_wconf 86' lang='lat' dir='ltr'><strong>spirituali</strong></span> <span class='ocrx_word' id='word_1_203' title='bbox 533 4137 627 4245; x_wconf 87' lang='lat' dir='ltr'><strong>jure</strong></span> <span class='ocrx_word' id='word_1_204' title='bbox 669 4138 936 4247; x_wconf 89' lang='lat' dir='ltr'><strong>acquirend0‚</strong></span> <span class='ocrx_word' id='word_1_205' title='bbox 980 4143 1120 4244; x_wconf 88' lang='lat' dir='ltr'><strong>utpote</strong></span> <span class='ocrx_word' id='word_1_206' title='bbox 1162 4135 1260 4244; x_wconf 89' lang='lat' dir='ltr'><strong>quia</strong></span> <span class='ocrx_word' id='word_1_207' title='bbox 1289 4162 1364 4215; x_wconf 88' lang='lat' dir='ltr'><strong>ve-</strong></span> 
     </span>
     <span class='ocr_line' id='line_1_30' title="bbox 186 4270 1365 4380; baseline 0.001 -31"><span class='ocrx_word' id='word_1_208' title='bbox 186 4295 291 4349; x_wconf 91' lang='lat' dir='ltr'><strong>xans</strong></span> <span class='ocrx_word' id='word_1_209' title='bbox 332 4296 383 4349; x_wconf 86' lang='lat' dir='ltr'><strong>ex</strong></span> <span class='ocrx_word' id='word_1_210' title='bbox 431 4271 645 4379; x_wconf 86' lang='lat' dir='ltr'><strong>supposito</strong></span> <span class='ocrx_word' id='word_1_211' title='bbox 693 4273 790 4354; x_wconf 88' lang='lat' dir='ltr'><strong>dare</strong></span> <span class='ocrx_word' id='word_1_212' title='bbox 836 4270 1041 4380; x_wconf 84' lang='lat' dir='ltr'><strong>spirituali</strong></span> <span class='ocrx_word' id='word_1_213' title='bbox 1090 4297 1170 4352; x_wconf 91' lang='lat' dir='ltr'><strong>non</strong></span> <span class='ocrx_word' id='word_1_214' title='bbox 1216 4277 1365 4378; x_wconf 84' lang='lat' dir='ltr'><strong>potest,</strong></span> 
     </span>
     <span class='ocr_line' id='line_1_31' title="bbox 186 4393 1386 4513; baseline 0 -30"><span class='ocrx_word' id='word_1_215' title='bbox 186 4427 260 4484; x_wconf 88' lang='lat' dir='ltr'><strong>nec</strong></span> <span class='ocrx_word' id='word_1_216' title='bbox 291 4403 412 4484; x_wconf 87' lang='lat' dir='ltr'><strong>datur</strong></span> <span class='ocrx_word' id='word_1_217' title='bbox 443 4403 521 4485; x_wconf 91' lang='lat' dir='ltr'><strong>hoc</strong></span> <span class='ocrx_word' id='word_1_218' title='bbox 551 4405 775 4513; x_wconf 90' lang='lat' dir='ltr'><strong>temporale</strong></span> <span class='ocrx_word' id='word_1_219' title='bbox 807 4415 852 4486; x_wconf 89' lang='lat' dir='ltr'><strong>ut</strong></span> <span class='ocrx_word' id='word_1_220' title='bbox 889 4431 964 4513; x_wconf 92' lang='lat' dir='ltr'><strong>pro</strong></span> <span class='ocrx_word' id='word_1_221' title='bbox 1006 4403 1253 4513; x_wconf 86' lang='lat' dir='ltr'><strong>acquirendo</strong></span> <span class='ocrx_word' id='word_1_222' title='bbox 1299 4393 1386 4483; x_wconf 81' lang='lat' dir='ltr'><strong>itto&#39;</strong></span> 
     </span>
    </p>
   </div>
   <div class='ocr_carea' id='block_1_3' title="bbox 0 0 1698 5126">
    <p class='ocr_par' dir='ltr' id='par_1_4' title="bbox 0 0 1698 5126">
     <span class='ocr_line' id='line_1_32' title="bbox 0 0 1698 5126; baseline 0 1"><span class='ocrx_word' id='word_1_223' title='bbox 0 0 1698 5126; x_wconf 95' lang='lat' dir='ltr'><strong> </strong></span> 
     </span>
    </p>
   </div>
  </div>
 </body>
</html>
