3264 5146
27 10 567 270 F,

441 445 548 496 uraca
569 445 615 494 ιν,
641 461 661 476 -
684 445 823 495 rrrucus
846 445 867 494 1.
1200 427 1242 491 59

94 574 155 654 tior
180 573 227 654 de
255 573 347 654 loco
377 573 419 654 in
450 573 586 655 locum
617 573 745 654 invita
775 574 971 655 violenter
1001 573 1234 673 abducitur,

93 708 157 788 vel:
187 751 207 768 -
235 712 280 790 2⁰
311 734 407 789 cum
438 708 489 788 ad
520 707 657 789 locum
688 709 780 789 dolo
811 707 960 807 illecta,
984 706 1038 786 ibi
1061 706 1153 788 dolo
1174 707 1238 786 vel

95 843 124 921 vi
150 841 356 940 retinetur,
388 867 565 950 namque
586 842 628 922 in
649 841 727 922 hoc
747 867 848 922 casu
879 841 999 921 dolus
1029 841 1068 919 vi
1100 840 1240 949 aequi-

96 983 258 1080 paratur.
294 972 458 1083 Raptus
488 983 627 1056 autem
659 974 911 1056 seductionis
941 982 1017 1055 est:
1042 1019 1061 1035 -
1087 978 1125 1054 1ο
1146 1001 1240 1055 cum

95 1108 222 1189 mulier
250 1109 343 1216 ipsa
372 1134 467 1190 cum
497 1108 585 1190 viro
615 1107 739 1188 libere
771 1107 971 1188 consentit
1008 1107 1049 1186 in
1080 1108 1237 1214 fugam,

96 1241 163 1322 imo
198 1250 237 1322 et
277 1268 371 1322 cam
407 1242 562 1350 expetit
601 1243 653 1323 ad
699 1240 1033 1341 matrimonium,
1076 1242 1241 1322 obstant

97 1389 227 1476 tamen,
263 1382 404 1482 utpote
425 1374 541 1456 inviti
563 1375 627 1454 vel
654 1374 771 1456 inscii
802 1382 914 1474 sunt,
949 1383 1138 1482 parentes
1168 1387 1241 1456 aut

97 1517 245 1609 tutoreS,
281 1511 361 1590 sub
386 1535 562 1617 quorum
584 1517 784 1618 potestate
805 1519 867 1590 cst
887 1509 1123 1590 constituta:
1150 1510 1240 1591 idco

97 1651 215 1724 autem
244 1643 342 1726 licet
371 1643 591 1753 improprie
622 1645 792 1725 seducta
812 1643 975 1744 dicitur,
999 1643 1097 1751 quia
1116 1643 1241 1751 hujus

97 1774 258 1858 criminis
281 1785 425 1887 raptus
446 1785 636 1858 censetur
656 1777 891 1885 principalis
912 1787 1056 1858 auctor
1076 1778 1151 1880 vir,
1171 1781 1240 1888 qui

98 1909 293 1992 mulierem
325 1910 608 2019 depravaverit
638 1910 889 1991 seductione.
922 1957 942 1971 -
971 1914 1014 1991 2⁰
1035 1939 1130 1992 cum
1151 1939 1244 1994 mu-

99 2041 160 2120 lier
177 2043 400 2144 blanditiis,
421 2043 637 2144 illecebriS,
657 2043 842 2151 dolisque
858 2045 981 2124 simul
999 2045 1132 2126 illecta
1148 2074 1244 2127 con-

100 2177 202 2258 sentit
229 2179 274 2258 in
307 2178 447 2284 fugam
479 2185 520 2258 et
545 2177 588 2257 in
609 2177 933 2278 matrimonium,
958 2187 997 2259 et
1018 2188 1080 2260 est
1099 2180 1162 2260 vel
1185 2179 1245 2260 di-

100 2307 188 2390 citur
214 2337 311 2391 vere
351 2312 521 2392 seducta
561 2309 700 2391 invitis
731 2311 795 2391 vel
825 2311 966 2392 insciis
1007 2314 1245 2420 parentibus

101 2443 164 2522 sub
192 2470 370 2552 quorum
400 2453 599 2554 potestate
630 2457 707 2527 cst.
743 2445 875 2527 Nemo
906 2447 1093 2528 dubitare
1115 2456 1246 2556 potest

102 2577 182 2681 quin
209 2577 552 2688 impedimentum
574 2580 770 2660 dirimens
790 2581 844 2662 sit
866 2589 1009 2689 raptus
1031 2581 1246 2662 violentiae

102 2711 235 2814 primae
265 2720 309 2795 ct
338 2714 544 2794 secundae
574 2714 740 2822 speciei;
773 2713 830 2794 ibi
862 2714 971 2794 enim
1001 2714 1122 2794 dolus
1152 2714 1246 2794 talis

103 2852 162 2945 cst,
192 2855 236 2928 ut
267 2855 436 2955 apertae
467 2847 684 2928 violentiae
714 2847 1018 2955 aequiparetur,
1043 2857 1082 2928 et
1103 2849 1245 2928 eodem

103 2981 202 3062 modo
231 2991 382 3063 noceat
411 3008 460 3063 ac
489 2981 696 3063 violentia.
730 2983 839 3063 inter
872 2982 1072 3063 Doctores
1107 2991 1246 3062 autem

103 3115 412 3216 controvertitur,
446 3140 498 3196 an
529 3123 673 3224 raptus
698 3116 950 3198 seductionis
973 3115 1156 3196 fueritin
1177 3115 1248 3194 de-

105 3253 193 3328 creto
220 3247 393 3330 Concilii
423 3249 761 3358 comprehensus;
795 3257 834 3331 et
864 3275 937 3357 pro
959 3258 1132 3356 utraque
1153 3273 1247 3326 sen-

106 3379 210 3460 tentia
237 3411 322 3465 non
353 3383 503 3466 desunt
531 3411 606 3464 nec
634 3385 804 3465 nomina
833 3383 1058 3464 Doctorum
1089 3407 1163 3461 nec
1183 3407 1249 3460 ar·

107 3522 298 3617 gumenta3
332 3542 408 3596 nos
429 3517 525 3625 quid
547 3516 801 3624 probabilius
823 3541 1066 3596 censeamus
1086 3514 1249 3596 duabus

109 3649 435 3754 propositionibus
456 3677 726 3759 exponemus:
740 3651 927 3732 -l.⁰Non
949 3651 1110 3730 videtur
1129 3676 1250 3758 posse

110 3779 385 3864 rationabiliter
423 3785 617 3866 sustineri
658 3785 947 3892 comprehendi
993 3785 1035 3864 in
1080 3784 1252 3891 impedi-

110 3923 225 3996 mento
254 3925 401 4025 raptus
431 3925 585 3999 statuto
616 3945 670 3997 ca
700 3945 789 4029 cap.
809 3921 851 3998 .(t
883 3945 978 4000 sess.
1013 3921 1070 3998 24
1109 3917 1159 3995 dc
1190 3944 1253 3994 rc-

104 4041 214 4140 ,t'orna
247 4052 431 4132 matrim.
467 4077 605 4132 casum
628 4052 793 4161 priruce
817 4052 979 4161 speciei,
1004 4077 1085 4158 quc
1107 4049 1254 4129 mulier

113 4173 215 4263 libere
244 4183 448 4266 consentit
477 4211 572 4266 cum
603 4185 691 4266 viro
722 4185 763 4264 in
796 4186 952 4292 sugam,
985 4183 1069 4265 imo
1099 4192 1140 4265 ct
1159 4209 1252 4262 cem

78 4411 81 4418 ⁴
113 4316 241 4419 t{xpetit
271 4319 322 4399 ad
353 4319 676 4421 matrimonium,
709 4319 970 4400 obstantibus
1002 4345 1076 4398 seu
1113 4315 1252 4397 invitis

114 4455 169 4526 aut
194 4450 332 4532 insciis
363 4453 602 4560 parentibus
632 4453 696 4533 vel
727 4453 949 4554 tutoribus,
974 4454 1053 4534 sub
1075 4477 1249 4560 quorum
