3356 5118
328 343 398 410 ff
634 363 908 410 mmmm
929 362 1024 408 sm
1044 361 1205 406 motu

329 489 544 570 daemonis
574 487 784 588 inlectam,
816 488 971 568 veluti
1002 488 1080 566 Dei
1105 487 1372 566 tentationem
1399 487 1555 592 judi-
1638 545 1646 588 ι

329 635 492 708 camut.
531 623 637 706 can.
671 629 719 718 7,
751 652 817 706 ea.
840 627 888 724 2,
909 654 951 733 q.
976 629 1065 705 m
1089 631 1162 704 101.
1189 623 1262 703 xl
1275 633 1542 731 pmm.
1631 597 1641 773 Ι’

677 1019 921 1102 mztis
950 1019 1157 1099 XXXVI.

584 1291 651 1372 De
682 1289 866 1396 injurio,
897 1299 933 1369 et
964 1289 1116 1369 domno
1145 1287 1260 1368 doto.

415 1559 461 1638 ln
491 1557 779 1665 superioribus
807 1559 939 1639 titulis
968 1557 1052 1664 egit
1081 1557 1336 1664 Compilator
1359 1556 1520 1638 Decre-

330 1691 475 1773 talium
498 1693 549 1772 de
569 1693 695 1772 variis
714 1694 974 1790 excessibu5‚
995 1701 1037 1774 et
1056 1692 1317 1773 criminibus,
1336 1695 1393 1770 At
1413 1717 1517 1770 cum

329 1851 381 1906 cx
414 1823 480 1904 his
520 1825 753 1932 frequenter
781 1827 943 1906 soleant
976 1828 1166 1906 derivare
1195 1837 1285 1905 tum
1316 1825 1513 1931 injuriae,

330 1969 420 2042 lum
451 1959 618 2058 damna,
642 1957 740 2040 hinc
758 1959 870 2040 haud
894 1961 1103 2040 immerito
1123 1971 1383 2066 promentem
1408 1957 1517 2036 sub-

325 2091 465 2201 jungit
493 2093 676 2176 titolum.

418 2227 605 2308 Robrica
633 2229 717 2308 duo
752 2227 1053 2332 complectitur,
1079 2226 1235 2307 scilieet
1256 2224 1448 2331 injurias,
1470 2235 1514 2305 et

330 2361 500 2443 damna.
534 2361 625 2442 Hac
654 2363 705 2442 de
735 2389 780 2442 rc
811 2361 981 2467 majoris
1023 2361 1224 2440 claritatis
1259 2361 1393 2466 gratia
1432 2386 1513 2438 nos

330 2493 382 2576 do
413 2493 516 2602 ipsis
545 2501 747 2604 separatis
766 2494 1039 2602 paragraphis
1060 2521 1185 2601 agere
1206 2495 1416 2575 duximus.
1440 2492 1511 2571 Sil

331 2627 470 2738 itaque

865 3032 891 3130 t
927 3029 967 3108 1·

779 3295 844 3376 De
877 3295 1054 3402 injuriis.

416 3559 571 3666 injuria
586 3561 848 3668 generaliter,
872 3571 912 3642 et
932 3560 1012 3641 late
1034 3569 1201 3665 accepta
1221 3560 1370 3642 dicitur
1384 3587 1505 3642 omne

330 3691 385 3789 id,
421 3693 529 3799 quod
562 3719 644 3774 non
670 3695 763 3801 juro
795 3695 855 3794 fit,
889 3721 964 3774 seu
996 3695 1106 3802 quod
1137 3695 1182 3776 fit
1212 3705 1355 3776 contra
1382 3694 1505 3801 justi-

327 3824 445 3926 liam,
479 3825 566 3906 sivo
597 3854 692 3909 cum
720 3827 856 3933 culpa,
891 3828 981 3908 sive
1012 3829 1102 3909 sine
1133 3827 1257 3935 culpa
1286 3829 1383 3931 liat,
1414 3857 1504 3937 spe-

327 3957 485 4042 cialiter
516 3969 653 4040 autern
685 3973 870 4068 sumpta,
894 3989 968 4041 seu
994 3961 1034 4040 in
1066 3989 1193 4042 sensu
1230 3961 1336 4042 tituli
1359 3961 1506 4068 injuria
1651 4067 1652 4070 Ν

328 4091 428 4174 nihil
469 4092 581 4174 aliud
623 4101 698 4193 est,
735 4093 813 4174 nisi
855 4095 1107 4176 contumelio
1148 4097 1271 4193 dicta,
1307 4095 1369 4174 vel
1402 4096 1505 4174 lacta
1651 4071 1652 4120 ³

327 4225 420 4306 dolo
453 4227 562 4308 malo
594 4243 736 4310 contra
767 4229 984 4330 honorem,
1004 4231 1368 4330 existimationem,
1387 4241 1427 4309 et
1447 4228 1503 4307 la·

327 4383 440 4442 marn
471 4361 658 4446 alterius·
