3360 5126
510 428 612 476 unane
634 430 665 476 v.
691 446 734 458 —
757 429 897 476 munus
920 430 985 476 xvr.
1273 409 1343 478 255

43 627 49 639 .
158 557 264 638 inter
294 583 339 636 se
370 555 546 636 invicem
578 563 741 662 gerunt,
786 555 902 635 nulla
932 555 1037 662 lege,
1082 557 1146 638 vel
1183 583 1342 638 canone

159 689 486 798 reprehenditur,
521 689 605 769 imo
635 715 726 769 cun.
772 694 819 772 2.
855 715 968 770 caus.
1003 693 1080 771 23.
1116 698 1275 797 quaest.
1309 695 1341 775 2

160 825 278 905 docet
309 823 409 903 nihil
450 821 589 902 referri
633 823 784 930 quibus
821 823 949 903 armis
990 822 1203 906 militetur.
1248 825 1339 904 Ve-

159 966 393 1038 rumtamen
426 965 557 1065 artem
588 957 709 1037 istam
741 958 887 1037 docere
918 983 1153 1058 saracenos
1180 983 1255 1037 seu
1278 957 1342 1036 in-

159 1089 316 1190 fideleS,
350 1089 415 1170 vel
446 1089 535 1170 loco
562 1115 875 1190 saracenorum,
899 1115 974 1170 seu
997 1089 1224 1170 infidelium
1248 1115 1340 1169 eam

160 1249 352 1304 exercere
392 1231 535 1304 contra
573 1223 713 1303 fideles
754 1223 832 1303 hoc
874 1222 1124 1330 prohibitum
1168 1230 1231 1304 est
1260 1223 1342 1303 sub

158 1382 293 1464 poena
333 1355 776 1437 excommunicationis
820 1356 930 1437 latae
975 1356 1202 1437 sententiae
1243 1381 1335 1464 erp.

160 1518 252 1604 cop.
289 1498 332 1572 6.
368 1491 418 1572 de
446 1491 619 1573 Jnducis
650 1499 687 1571 ct
722 1491 874 1570 Bulluc
912 1492 1089 1591 Caccac,
1124 1515 1207 1598 qua
1238 1488 1341 1569 veti-

159 1633 249 1706 tum
280 1635 344 1708 est
383 1623 628 1705 Christianis
670 1625 946 1706 instrumenta
987 1623 1134 1704 bellica
1164 1623 1216 1703 ad
1248 1622 1343 1702 infi-

160 1757 271 1839 deles
293 1758 465 1852 deferre,
489 1765 529 1839 et
551 1759 726 1839 vendere
757 1757 859 1838 lucri
893 1757 1067 1838 faciendi
1090 1755 1237 1863 gratia,
1262 1781 1339 1836 ceu

160 1891 341 1973 vidimus
372 1895 413 1972 in
445 1894 507 1974 tit.
544 1899 587 1972 6.
623 1891 672 1972 dc
690 1889 877 1999 judaeis,
912 1900 950 1972 et
978 1895 1205 1972 saracenis.
1227 1893 1283 1970 At
1303 1891 1338 1969 si

160 2021 380 2106 Christiani
421 2025 499 2106 hac
539 2033 625 2106 arte
666 2025 805 2107 illicite
845 2033 1059 2106 uterentur
1089 2052 1128 2104 v.
1165 2051 1207 2130 g.
1242 2047 1339 2103 cum

159 2157 538 2264 superstitionibus
582 2167 622 2238 et
657 2159 927 2238 venenatione
967 2157 1198 2264 glandium,
1240 2165 1339 2236 tunc

160 2289 631 2372 excommunicationem
662 2287 931 2372 incurrerent.
971 2291 1075 2400 Cap.
1101 2293 1210 2372 unic.
1237 2287 1278 2370 h.
1306 2294 1335 2367 t.

557 2689 794 2772 TITULUS
826 2688 943 2769 XVI.

464 2953 527 3032 Dc
556 2949 780 3050 adulterae,
813 2955 849 3028 cl
880 2955 1036 3058 stupro.

245 3227 346 3306 Post
376 3225 661 3326 homicidium,
698 3252 780 3333 quo
818 3251 985 3332 corpuS,
1029 3233 1069 3306 et
1109 3217 1194 3306 rita
1234 3251 1336 3334 pro·

158 3359 259 3440 ximi
291 3359 482 3458 laeditur,
517 3366 627 3440 recto
660 3359 802 3439 ordine
834 3359 879 3439 S.
914 3351 1130 3437 Canonum
1171 3358 1336 3462 compi-

157 3495 264 3576 lator
284 3493 335 3576 ad
357 3493 548 3574 luxuriae
570 3493 716 3574 delicta
737 3491 899 3590 transit,
924 3517 1000 3599 per
1025 3516 1130 3600 quae
1152 3489 1337 3570 eiusdem

157 3628 348 3737 proximi,
383 3628 445 3709 vel
481 3628 642 3727 thoruS,
691 3627 754 3707 vel
800 3623 998 3733 pudicitia
1043 3623 1238 3706 violatur.
1286 3623 1339 3704 Et

159 3763 349 3872 quamvis
379 3763 547 3844 rubrica
577 3764 626 3844 de
658 3762 823 3844 duabus
853 3760 1114 3842 solummodo
1146 3757 1338 3840 luxuriae

159 3897 376 4005 speciebus
406 3905 539 4000 sonet,
574 3897 761 3978 videlicet
792 3896 841 3976 de
872 3895 1094 3986 adulterio,
1119 3900 1159 3974 et
1178 3900 1336 4004 stupro,

159 4038 349 4113 auctores
379 4040 518 4114 tamen
549 4032 626 4113 hac
655 4029 874 4112 occasione
905 4035 1069 4137 arrepta
1093 4027 1227 4108 solent
1248 4025 1338 4106 heic

159 4167 208 4249 de
240 4165 332 4246 aliis
364 4165 606 4248 delictorum
638 4165 774 4246 carnis
804 4162 1023 4272 speciebus
1044 4168 1233 4258 tractare,
1260 4159 1338 4240 sci-

158 4297 251 4379 licet
281 4298 331 4379 de
350 4299 652 4410 fornicatione,
689 4299 856 4389 incestu,
898 4295 1181 4394 concubinatu,
1206 4293 1338 4373 socri·

159 4429 262 4540 lepio
293 4441 369 4516 etc.
405 4434 466 4514 De
498 4432 562 4513 his
593 4442 849 4514 tamencum
876 4425 1336 4536 fuseagantTheologi
