<?xml version="1.0" encoding="UTF-8"?>
<!DOCTYPE html PUBLIC "-//W3C//DTD XHTML 1.0 Transitional//EN"
    "http://www.w3.org/TR/xhtml1/DTD/xhtml1-transitional.dtd">
<html xmlns="http://www.w3.org/1999/xhtml" xml:lang="en" lang="en">
 <head>
  <title>
</title>
<meta http-equiv="Content-Type" content="text/html;charset=utf-8" />
  <meta name='ocr-system' content='tesseract 3.04.00' />
  <meta name='ocr-capabilities' content='ocr_page ocr_carea ocr_par ocr_line ocrx_word'/>
</head>
<body>
  <div class='ocr_page' id='page_1' title='image "./praelectionesju00angegoog/praelectionesju00angegoog_0499.png"; bbox 0 0 3388 5136; ppageno 0'>
   <div class='ocr_carea' id='block_1_1' title="bbox 326 427 1195 492">
    <p class='ocr_par' dir='ltr' id='par_1_1' title="bbox 326 427 1195 492">
     <span class='ocr_line' id='line_1_1' title="bbox 326 427 1195 492; baseline -0.007 0"><span class='ocrx_word' id='word_1_1' title='bbox 326 427 390 492; x_wconf 81' lang='lat'><em>136</em></span> <span class='ocrx_word' id='word_1_2' title='bbox 624 441 894 488; x_wconf 66' lang='lat' dir='ltr'><em>reomaenonns</em></span> <span class='ocrx_word' id='word_1_3' title='bbox 918 440 1011 487; x_wconf 79' lang='lat' dir='ltr'><em>rums</em></span> <span class='ocrx_word' id='word_1_4' title='bbox 1034 438 1195 487; x_wconf 74' lang='lat' dir='ltr'><em>annornm</em></span> 
     </span>
    </p>
   </div>
   <div class='ocr_carea' id='block_1_2' title="bbox 319 565 1508 4548">
    <p class='ocr_par' dir='ltr' id='par_1_2' title="bbox 319 565 1508 4548">
     <span class='ocr_line' id='line_1_2' title="bbox 325 565 1506 674; baseline -0.003 -21"><span class='ocrx_word' id='word_1_5' title='bbox 325 571 422 654; x_wconf 84' lang='lat' dir='ltr'><em>titini</em></span> <span class='ocrx_word' id='word_1_6' title='bbox 445 576 676 650; x_wconf 84' lang='lat' dir='ltr'><em>reservatas</em></span> <span class='ocrx_word' id='word_1_7' title='bbox 698 565 938 674; x_wconf 83' lang='lat' dir='ltr'><em>simpliciter</em></span> <span class='ocrx_word' id='word_1_8' title='bbox 957 568 1037 646; x_wconf 90' lang='lat' dir='ltr'><em>sub</em></span> <span class='ocrx_word' id='word_1_9' title='bbox 1059 593 1176 648; x_wconf 92' lang='lat' dir='ltr'><em>num.</em></span> <span class='ocrx_word' id='word_1_10' title='bbox 1211 569 1235 646; x_wconf 88' lang='lat'>9</span> <span class='ocrx_word' id='word_1_11' title='bbox 1268 577 1506 650; x_wconf 78' lang='lat' dir='ltr'><em>recensetur</em></span> 
     </span>
     <span class='ocr_line' id='line_1_3' title="bbox 325 701 1505 788; baseline -0.005 0"><span class='ocrx_word' id='word_1_12' title='bbox 325 701 700 788; x_wconf 80' lang='lat' dir='ltr'><strong>excommunicatio</strong></span> <span class='ocrx_word' id='word_1_13' title='bbox 741 719 883 782; x_wconf 82' lang='lat' dir='ltr'><em>eontra</em></span> <span class='ocrx_word' id='word_1_14' title='bbox 921 744 980 763; x_wconf 92' lang='lat'>—</span> <span class='ocrx_word' id='word_1_15' title='bbox 1019 701 1125 781; x_wconf 84' lang='lat' dir='ltr'><em>Reos</em></span> <span class='ocrx_word' id='word_1_16' title='bbox 1165 701 1367 782; x_wconf 81' lang='lat' dir='ltr'><em>simoniae</em></span> <span class='ocrx_word' id='word_1_17' title='bbox 1409 728 1505 784; x_wconf 85' lang='lat' dir='ltr'><em>eou-</em></span> 
     </span>
     <span class='ocr_line' id='line_1_4' title="bbox 319 834 1504 946; baseline -0.001 -28"><span class='ocrx_word' id='word_1_18' title='bbox 319 837 555 946; x_wconf 80' lang='lat' dir='ltr'><em>fidentialis</em></span> <span class='ocrx_word' id='word_1_19' title='bbox 589 837 630 916; x_wconf 86' lang='lat' dir='ltr'><em>in</em></span> <span class='ocrx_word' id='word_1_20' title='bbox 673 835 880 942; x_wconf 81' lang='lat' dir='ltr'><em>benefieiis</em></span> <span class='ocrx_word' id='word_1_21' title='bbox 922 834 1177 942; x_wconf 71' lang='lat' dir='ltr'><em>quibuslibet,</em></span> <span class='ocrx_word' id='word_1_22' title='bbox 1221 835 1504 944; x_wconf 77' lang='lat' dir='ltr'><em>cujuscumque</em></span> 
     </span>
     <span class='ocr_line' id='line_1_5' title="bbox 324 968 1503 1080; baseline -0.003 -27"><span class='ocrx_word' id='word_1_23' title='bbox 324 974 406 1053; x_wconf 86' lang='lat' dir='ltr'><em>sint</em></span> <span class='ocrx_word' id='word_1_24' title='bbox 438 971 667 1080; x_wconf 86' lang='lat' dir='ltr'><em>diquitatis.</em></span> <span class='ocrx_word' id='word_1_25' title='bbox 701 971 768 1048; x_wconf 86' lang='lat' dir='ltr'><em>ll.⁰</em></span> <span class='ocrx_word' id='word_1_26' title='bbox 789 968 972 1049; x_wconf 89' lang='lat' dir='ltr'><em>Privatio</em></span> <span class='ocrx_word' id='word_1_27' title='bbox 1009 994 1091 1049; x_wconf 92' lang='lat' dir='ltr'><em>non</em></span> <span class='ocrx_word' id='word_1_28' title='bbox 1122 975 1283 1050; x_wconf 87' lang='lat' dir='ltr'><em>tantum</em></span> <span class='ocrx_word' id='word_1_29' title='bbox 1317 968 1503 1051; x_wconf 80' lang='lat' dir='ltr'><em>beneficii</em></span> 
     </span>
     <span class='ocr_line' id='line_1_6' title="bbox 327 1102 1502 1202; baseline -0.002 -18"><span class='ocrx_word' id='word_1_30' title='bbox 327 1105 368 1185; x_wconf 93' lang='lat' dir='ltr'><em>in</em></span> <span class='ocrx_word' id='word_1_31' title='bbox 400 1102 688 1186; x_wconf 85' lang='lat' dir='ltr'><em>confidentiam</em></span> <span class='ocrx_word' id='word_1_32' title='bbox 719 1102 890 1202; x_wconf 90' lang='lat' dir='ltr'><em>obtenti,</em></span> <span class='ocrx_word' id='word_1_33' title='bbox 924 1102 997 1182; x_wconf 89' lang='lat' dir='ltr'><em>sed</em></span> <span class='ocrx_word' id='word_1_34' title='bbox 1028 1109 1286 1182; x_wconf 80' lang='lat' dir='ltr'><em>caeterorum</em></span> <span class='ocrx_word' id='word_1_35' title='bbox 1317 1103 1502 1183; x_wconf 93' lang='lat' dir='ltr'><em>omnium</em></span> 
     </span>
     <span class='ocr_line' id='line_1_7' title="bbox 327 1233 1504 1344; baseline -0.003 -24"><span class='ocrx_word' id='word_1_36' title='bbox 327 1237 635 1337; x_wconf 85' lang='lat' dir='ltr'><em>beneficiorum,</em></span> <span class='ocrx_word' id='word_1_37' title='bbox 670 1243 709 1317; x_wconf 95' lang='lat' dir='ltr'><em>et</em></span> <span class='ocrx_word' id='word_1_38' title='bbox 739 1234 1002 1344; x_wconf 80' lang='lat' dir='ltr'><strong>pensionum,</strong></span> <span class='ocrx_word' id='word_1_39' title='bbox 1028 1235 1219 1342; x_wconf 89' lang='lat' dir='ltr'><em>quamvis</em></span> <span class='ocrx_word' id='word_1_40' title='bbox 1239 1233 1435 1341; x_wconf 79' lang='lat' dir='ltr'><em>legitime,</em></span> <span class='ocrx_word' id='word_1_41' title='bbox 1465 1245 1504 1316; x_wconf 93' lang='lat' dir='ltr'><em>et</em></span> 
     </span>
     <span class='ocr_line' id='line_1_8' title="bbox 327 1367 1503 1478; baseline -0.006 -23"><span class='ocrx_word' id='word_1_42' title='bbox 327 1372 523 1455; x_wconf 79' lang='lat' dir='ltr'><em>canonice</em></span> <span class='ocrx_word' id='word_1_43' title='bbox 546 1376 794 1478; x_wconf 80' lang='lat' dir='ltr'><em>assequutus</em></span> <span class='ocrx_word' id='word_1_44' title='bbox 817 1369 979 1468; x_wconf 88' lang='lat' dir='ltr'><em>fuerint,</em></span> <span class='ocrx_word' id='word_1_45' title='bbox 1006 1395 1079 1477; x_wconf 88' lang='lat' dir='ltr'><em>pro</em></span> <span class='ocrx_word' id='word_1_46' title='bbox 1107 1367 1259 1476; x_wconf 90' lang='lat' dir='ltr'><em>quibus</em></span> <span class='ocrx_word' id='word_1_47' title='bbox 1282 1379 1420 1449; x_wconf 90' lang='lat' dir='ltr'><em>tamen</em></span> <span class='ocrx_word' id='word_1_48' title='bbox 1441 1394 1503 1448; x_wconf 90' lang='lat' dir='ltr'><em>re-</em></span> 
     </span>
     <span class='ocr_line' id='line_1_9' title="bbox 327 1500 1502 1615; baseline -0.005 -28"><span class='ocrx_word' id='word_1_49' title='bbox 327 1506 505 1615; x_wconf 74' lang='lat' dir='ltr'><em>quiritur</em></span> <span class='ocrx_word' id='word_1_50' title='bbox 526 1503 796 1584; x_wconf 88' lang='lat' dir='ltr'><em>deolaratoria</em></span> <span class='ocrx_word' id='word_1_51' title='bbox 816 1502 969 1610; x_wconf 87' lang='lat' dir='ltr'><em>judicis</em></span> <span class='ocrx_word' id='word_1_52' title='bbox 989 1509 1066 1583; x_wconf 85' lang='lat' dir='ltr'><em>ete.</em></span> <span class='ocrx_word' id='word_1_53' title='bbox 1087 1504 1171 1582; x_wconf 86' lang='grc' dir='ltr'><em>ΙΙΙ.ο</em></span> <span class='ocrx_word' id='word_1_54' title='bbox 1191 1500 1431 1582; x_wconf 88' lang='lat' dir='ltr'><em>Inhabilitas</em></span> <span class='ocrx_word' id='word_1_55' title='bbox 1453 1501 1502 1581; x_wconf 87' lang='lat' dir='ltr'><em>ad</em></span> 
     </span>
     <span class='ocr_line' id='line_1_10' title="bbox 326 1633 1502 1743; baseline -0.007 -23"><span class='ocrx_word' id='word_1_56' title='bbox 326 1640 436 1720; x_wconf 90' lang='lat' dir='ltr'><em>idem</em></span> <span class='ocrx_word' id='word_1_57' title='bbox 468 1637 731 1736; x_wconf 84' lang='lat' dir='ltr'><em>beneficium,</em></span> <span class='ocrx_word' id='word_1_58' title='bbox 761 1643 801 1716; x_wconf 87' lang='lat' dir='ltr'><em>et</em></span> <span class='ocrx_word' id='word_1_59' title='bbox 831 1636 913 1716; x_wconf 90' lang='lat' dir='ltr'><em>alia</em></span> <span class='ocrx_word' id='word_1_60' title='bbox 933 1661 1218 1743; x_wconf 79' lang='lat' dir='ltr'><em>quaecumque</em></span> <span class='ocrx_word' id='word_1_61' title='bbox 1251 1633 1502 1741; x_wconf 70' lang='lat' dir='ltr'><em>inposterum</em></span> 
     </span>
     <span class='ocr_line' id='line_1_11' title="bbox 327 1765 1504 1878; baseline -0.008 -25"><span class='ocrx_word' id='word_1_62' title='bbox 327 1769 598 1878; x_wconf 88' lang='lat' dir='ltr'><em>assequenda.</em></span> <span class='ocrx_word' id='word_1_63' title='bbox 646 1767 737 1850; x_wconf 90' lang='lat' dir='ltr'>IV.⁰</span> <span class='ocrx_word' id='word_1_64' title='bbox 774 1767 1005 1850; x_wconf 89' lang='lat' dir='ltr'><em>Fruetuum</em></span> <span class='ocrx_word' id='word_1_65' title='bbox 1042 1767 1228 1848; x_wconf 91' lang='lat' dir='ltr'><em>omnium</em></span> <span class='ocrx_word' id='word_1_66' title='bbox 1260 1792 1310 1846; x_wconf 85' lang='lat' dir='ltr'><em>ex</em></span> <span class='ocrx_word' id='word_1_67' title='bbox 1350 1767 1417 1846; x_wconf 93' lang='lat' dir='ltr'><em>illo</em></span> <span class='ocrx_word' id='word_1_68' title='bbox 1447 1765 1504 1845; x_wconf 91' lang='lat' dir='ltr'><em>si·</em></span> 
     </span>
     <span class='ocr_line' id='line_1_12' title="bbox 327 1899 1504 2008; baseline -0.005 -23"><span class='ocrx_word' id='word_1_69' title='bbox 327 1905 516 1985; x_wconf 88' lang='lat' dir='ltr'><em>moniaeo</em></span> <span class='ocrx_word' id='word_1_70' title='bbox 538 1900 738 1982; x_wconf 74' lang='lat' dir='ltr'><em>beneficio</em></span> <span class='ocrx_word' id='word_1_71' title='bbox 774 1900 938 1982; x_wconf 88' lang='lat' dir='ltr'><em>nulliter</em></span> <span class='ocrx_word' id='word_1_72' title='bbox 969 1909 1254 2008; x_wconf 82' lang='lat' dir='ltr'><em>perceptorum</em></span> <span class='ocrx_word' id='word_1_73' title='bbox 1285 1899 1504 2004; x_wconf 80' lang='lat' dir='ltr'><em>applicatio</em></span> 
     </span>
     <span class='ocr_line' id='line_1_13' title="bbox 328 2032 1503 2142; baseline -0.008 -22"><span class='ocrx_word' id='word_1_74' title='bbox 328 2039 488 2120; x_wconf 89' lang='lat' dir='ltr'><em>Camer.</em></span> <span class='ocrx_word' id='word_1_75' title='bbox 516 2035 793 2142; x_wconf 87' lang='lat' dir='ltr'><em>Apostolieae.</em></span> <span class='ocrx_word' id='word_1_76' title='bbox 826 2037 895 2116; x_wconf 86' lang='lat' dir='ltr'><em>V.⁰</em></span> <span class='ocrx_word' id='word_1_77' title='bbox 914 2033 1157 2115; x_wconf 84' lang='lat' dir='ltr'><em>Reservatio</em></span> <span class='ocrx_word' id='word_1_78' title='bbox 1179 2032 1364 2114; x_wconf 80' lang='lat' dir='ltr'><em>Pontifici</em></span> <span class='ocrx_word' id='word_1_79' title='bbox 1391 2032 1503 2138; x_wconf 90' lang='lat' dir='ltr'><em>ejus-</em></span> 
     </span>
     <span class='ocr_line' id='line_1_14' title="bbox 326 2165 1505 2268; baseline -0.008 -13"><span class='ocrx_word' id='word_1_80' title='bbox 326 2174 420 2255; x_wconf 90' lang='lat' dir='ltr'><em>dem</em></span> <span class='ocrx_word' id='word_1_81' title='bbox 447 2169 651 2268; x_wconf 81' lang='lat' dir='ltr'><em>beneficii,</em></span> <span class='ocrx_word' id='word_1_82' title='bbox 672 2170 774 2250; x_wconf 91' lang='lat' dir='ltr'><em>adeo</em></span> <span class='ocrx_word' id='word_1_83' title='bbox 791 2176 836 2250; x_wconf 91' lang='lat' dir='ltr'><em>ut</em></span> <span class='ocrx_word' id='word_1_84' title='bbox 853 2195 973 2250; x_wconf 88' lang='lat' dir='ltr'><em>nemo</em></span> <span class='ocrx_word' id='word_1_85' title='bbox 996 2168 1104 2250; x_wconf 90' lang='lat' dir='ltr'><em>alius</em></span> <span class='ocrx_word' id='word_1_86' title='bbox 1137 2168 1269 2248; x_wconf 84' lang='lat' dir='ltr'><em>valeat</em></span> <span class='ocrx_word' id='word_1_87' title='bbox 1283 2165 1385 2248; x_wconf 90' lang='lat' dir='ltr'><em>illud</em></span> <span class='ocrx_word' id='word_1_88' title='bbox 1407 2193 1505 2248; x_wconf 88' lang='lat' dir='ltr'><em>eon-</em></span> 
     </span>
     <span class='ocr_line' id='line_1_15' title="bbox 326 2302 1502 2410; baseline -0.007 -24"><span class='ocrx_word' id='word_1_89' title='bbox 326 2307 445 2386; x_wconf 83' lang='lat' dir='ltr'><em>ferre.</em></span> <span class='ocrx_word' id='word_1_90' title='bbox 480 2307 524 2384; x_wconf 92' lang='lat' dir='ltr'><em>ln</em></span> <span class='ocrx_word' id='word_1_91' title='bbox 556 2303 680 2386; x_wconf 82' lang='lat' dir='ltr'><em>hasne</em></span> <span class='ocrx_word' id='word_1_92' title='bbox 711 2310 849 2384; x_wconf 89' lang='lat' dir='ltr'><em>autem</em></span> <span class='ocrx_word' id='word_1_93' title='bbox 882 2328 1037 2410; x_wconf 86' lang='lat' dir='ltr'><em>poenas</em></span> <span class='ocrx_word' id='word_1_94' title='bbox 1074 2302 1311 2401; x_wconf 73' lang='lat' dir='ltr'><em>incurritur,</em></span> <span class='ocrx_word' id='word_1_95' title='bbox 1352 2325 1502 2406; x_wconf 88' lang='lat' dir='ltr'><em>quam-</em></span> 
     </span>
     <span class='ocr_line' id='line_1_16' title="bbox 325 2433 1506 2546; baseline -0.006 -28"><span class='ocrx_word' id='word_1_96' title='bbox 325 2463 450 2546; x_wconf 87' lang='lat' dir='ltr'><em>quam</em></span> <span class='ocrx_word' id='word_1_97' title='bbox 473 2463 553 2517; x_wconf 94' lang='lat' dir='ltr'><em>non</em></span> <span class='ocrx_word' id='word_1_98' title='bbox 578 2437 798 2543; x_wconf 86' lang='lat' dir='ltr'><em>utrimque,</em></span> <span class='ocrx_word' id='word_1_99' title='bbox 823 2437 966 2516; x_wconf 86' lang='lat' dir='ltr'><em>sodex</em></span> <span class='ocrx_word' id='word_1_100' title='bbox 986 2460 1072 2515; x_wconf 86' lang='lat' dir='ltr'><em>una</em></span> <span class='ocrx_word' id='word_1_101' title='bbox 1099 2445 1259 2516; x_wconf 89' lang='lat' dir='ltr'><em>tantum</em></span> <span class='ocrx_word' id='word_1_102' title='bbox 1292 2442 1406 2541; x_wconf 89' lang='lat' dir='ltr'><em>parte</em></span> <span class='ocrx_word' id='word_1_103' title='bbox 1429 2433 1506 2512; x_wconf 92' lang='lat' dir='ltr'><em>im-</em></span> 
     </span>
     <span class='ocr_line' id='line_1_17' title="bbox 327 2568 1501 2680; baseline -0.005 -28"><span class='ocrx_word' id='word_1_104' title='bbox 327 2571 448 2680; x_wconf 84' lang='lat' dir='ltr'><em>pleta,</em></span> <span class='ocrx_word' id='word_1_105' title='bbox 483 2579 523 2651; x_wconf 88' lang='lat' dir='ltr'><em>et</em></span> <span class='ocrx_word' id='word_1_106' title='bbox 550 2577 795 2651; x_wconf 84' lang='lat' dir='ltr'><em>consumata</em></span> <span class='ocrx_word' id='word_1_107' title='bbox 827 2569 949 2650; x_wconf 87' lang='lat' dir='ltr'><em>luerit</em></span> <span class='ocrx_word' id='word_1_108' title='bbox 979 2570 1171 2651; x_wconf 88' lang='lat' dir='ltr'><em>simonia.</em></span> <span class='ocrx_word' id='word_1_109' title='bbox 1206 2569 1266 2650; x_wconf 89' lang='lat' dir='ltr'><em>lta</em></span> <span class='ocrx_word' id='word_1_110' title='bbox 1297 2569 1400 2649; x_wconf 90' lang='lat' dir='ltr'><em>Pius</em></span> <span class='ocrx_word' id='word_1_111' title='bbox 1430 2568 1501 2668; x_wconf 90' lang='lat' dir='ltr'><em>IV,</em></span> 
     </span>
     <span class='ocr_line' id='line_1_18' title="bbox 331 2702 1500 2810; baseline -0.003 -25"><span class='ocrx_word' id='word_1_112' title='bbox 331 2705 502 2786; x_wconf 83' lang='lat' dir='ltr'><em>Coustit.</em></span> <span class='ocrx_word' id='word_1_113' title='bbox 539 2705 771 2783; x_wconf 84' lang='lat' dir='ltr'><em>Romanum</em></span> <span class='ocrx_word' id='word_1_114' title='bbox 801 2702 1067 2810; x_wconf 79' lang='lat' dir='ltr'><em>Pontificem,</em></span> <span class='ocrx_word' id='word_1_115' title='bbox 1101 2703 1203 2784; x_wconf 89' lang='lat' dir='ltr'><em>Pius</em></span> <span class='ocrx_word' id='word_1_116' title='bbox 1237 2703 1290 2802; x_wconf 89' lang='lat' dir='ltr'><em>V,</em></span> <span class='ocrx_word' id='word_1_117' title='bbox 1329 2702 1500 2783; x_wconf 87' lang='lat' dir='ltr'><em>Censtit.</em></span> 
     </span>
     <span class='ocr_line' id='line_1_19' title="bbox 327 2836 1386 2944; baseline 0.002 -29"><span class='ocrx_word' id='word_1_118' title='bbox 327 2836 619 2937; x_wconf 83' lang='lat' dir='ltr'><em>Intolerabitis,</em></span> <span class='ocrx_word' id='word_1_119' title='bbox 650 2837 683 2916; x_wconf 93' lang='lat' dir='ltr'><strong>F</strong></span> <span class='ocrx_word' id='word_1_120' title='bbox 686 2837 835 2918; x_wconf 89' lang='lat' dir='ltr'><em>erraris</em></span> <span class='ocrx_word' id='word_1_121' title='bbox 868 2836 966 2918; x_wconf 85' lang='lat' dir='ltr'><em>ibid.</em></span> <span class='ocrx_word' id='word_1_122' title='bbox 1001 2867 1042 2919; x_wconf 90' lang='lat' dir='ltr'><em>n.</em></span> <span class='ocrx_word' id='word_1_123' title='bbox 1067 2842 1145 2936; x_wconf 80' lang='lat'><em>26,</em></span> <span class='ocrx_word' id='word_1_124' title='bbox 1170 2844 1207 2917; x_wconf 88' lang='lat' dir='ltr'><em>et</em></span> <span class='ocrx_word' id='word_1_125' title='bbox 1226 2861 1386 2944; x_wconf 89' lang='lat' dir='ltr'><em>sequen.</em></span> 
     </span>
     <span class='ocr_line' id='line_1_20' title="bbox 414 2967 1505 3076; baseline 0 -30"><span class='ocrx_word' id='word_1_126' title='bbox 414 2967 538 3048; x_wconf 87' lang='lat' dir='ltr'><em>Hisne</em></span> <span class='ocrx_word' id='word_1_127' title='bbox 555 2968 757 3049; x_wconf 84' lang='lat' dir='ltr'><em>absolutis</em></span> <span class='ocrx_word' id='word_1_128' title='bbox 773 2975 918 3076; x_wconf 88' lang='lat' dir='ltr'><em>sponte</em></span> <span class='ocrx_word' id='word_1_129' title='bbox 947 2970 1073 3051; x_wconf 87' lang='lat' dir='ltr'><em>veluti</em></span> <span class='ocrx_word' id='word_1_130' title='bbox 1104 2995 1184 3050; x_wconf 87' lang='lat' dir='ltr'><em>sua</em></span> <span class='ocrx_word' id='word_1_131' title='bbox 1200 2977 1409 3076; x_wconf 87' lang='lat' dir='ltr'><em>exurgunt</em></span> <span class='ocrx_word' id='word_1_132' title='bbox 1429 2967 1505 3047; x_wconf 84' lang='lat' dir='ltr'><em>hae</em></span> 
     </span>
     <span class='ocr_line' id='line_1_21' title="bbox 327 3103 1506 3210; baseline -0.002 -28"><span class='ocrx_word' id='word_1_133' title='bbox 327 3103 603 3210; x_wconf 88' lang='lat' dir='ltr'><em>quaestiones.</em></span> <span class='ocrx_word' id='word_1_134' title='bbox 645 3108 701 3186; x_wconf 85' lang='lat' dir='ltr'><em>l.⁰</em></span> <span class='ocrx_word' id='word_1_135' title='bbox 729 3104 912 3183; x_wconf 88' lang='lat' dir='ltr'><em>Provisis</em></span> <span class='ocrx_word' id='word_1_136' title='bbox 935 3107 984 3184; x_wconf 87' lang='lat' dir='ltr'><em>de</em></span> <span class='ocrx_word' id='word_1_137' title='bbox 1017 3103 1212 3185; x_wconf 84' lang='lat' dir='ltr'><em>beneficio</em></span> <span class='ocrx_word' id='word_1_138' title='bbox 1246 3129 1317 3210; x_wconf 86' lang='lat' dir='ltr'><em>per</em></span> <span class='ocrx_word' id='word_1_139' title='bbox 1349 3103 1506 3208; x_wconf 82' lang='lat' dir='ltr'><em>ingres-</em></span> 
     </span>
     <span class='ocr_line' id='line_1_22' title="bbox 326 3235 1504 3346; baseline -0.003 -28"><span class='ocrx_word' id='word_1_140' title='bbox 326 3265 419 3319; x_wconf 91' lang='lat' dir='ltr'><em>sum</em></span> <span class='ocrx_word' id='word_1_141' title='bbox 437 3239 710 3320; x_wconf 84' lang='lat' dir='ltr'><em>simoniacum</em></span> <span class='ocrx_word' id='word_1_142' title='bbox 733 3239 952 3345; x_wconf 89' lang='lat' dir='ltr'><em>prodestne</em></span> <span class='ocrx_word' id='word_1_143' title='bbox 974 3239 1117 3346; x_wconf 83' lang='lat' dir='ltr'><em>regula</em></span> <span class='ocrx_word' id='word_1_144' title='bbox 1135 3240 1204 3318; x_wconf 88' lang='grc'><em>36.</em></span> <span class='ocrx_word' id='word_1_145' title='bbox 1225 3235 1504 3318; x_wconf 83' lang='lat' dir='ltr'><em>Cancellariae</em></span> 
     </span>
     <span class='ocr_line' id='line_1_23' title="bbox 327 3369 1504 3480; baseline -0.003 -26"><span class='ocrx_word' id='word_1_146' title='bbox 327 3373 376 3454; x_wconf 88' lang='lat' dir='ltr'><em>de</em></span> <span class='ocrx_word' id='word_1_147' title='bbox 408 3371 597 3454; x_wconf 83' lang='lat' dir='ltr'><em>triennali</em></span> <span class='ocrx_word' id='word_1_148' title='bbox 636 3371 926 3480; x_wconf 71' lang='lat' dir='ltr'><em>possessione?</em></span> <span class='ocrx_word' id='word_1_149' title='bbox 959 3375 1021 3452; x_wconf 82' lang='lat'><em>2.⁰</em></span> <span class='ocrx_word' id='word_1_150' title='bbox 1053 3373 1268 3466; x_wconf 82' lang='lat' dir='ltr'><em>Quatenus</em></span> <span class='ocrx_word' id='word_1_151' title='bbox 1299 3369 1504 3476; x_wconf 88' lang='lat' dir='ltr'><em>negative,</em></span> 
     </span>
     <span class='ocr_line' id='line_1_24' title="bbox 328 3502 1508 3604; baseline 0.002 -20"><span class='ocrx_word' id='word_1_152' title='bbox 328 3508 433 3586; x_wconf 94' lang='lat' dir='ltr'><em>idem</em></span> <span class='ocrx_word' id='word_1_153' title='bbox 458 3533 507 3585; x_wconf 89' lang='lat' dir='ltr'><em>ne</em></span> <span class='ocrx_word' id='word_1_154' title='bbox 530 3506 748 3587; x_wconf 84' lang='lat' dir='ltr'><em>dicendum</em></span> <span class='ocrx_word' id='word_1_155' title='bbox 781 3515 857 3604; x_wconf 87' lang='lat' dir='ltr'><em>est,</em></span> <span class='ocrx_word' id='word_1_156' title='bbox 884 3515 965 3587; x_wconf 88' lang='lat' dir='ltr'><em>tam</em></span> <span class='ocrx_word' id='word_1_157' title='bbox 989 3507 1023 3586; x_wconf 91' lang='lat' dir='ltr'><em>si</em></span> <span class='ocrx_word' id='word_1_158' title='bbox 1055 3507 1277 3587; x_wconf 88' lang='lat' dir='ltr'><em>simoniam</em></span> <span class='ocrx_word' id='word_1_159' title='bbox 1299 3502 1508 3587; x_wconf 78' lang='lat' dir='ltr'><em>commisit</em></span> 
     </span>
     <span class='ocr_line' id='line_1_25' title="bbox 327 3641 1507 3750; baseline 0.001 -33"><span class='ocrx_word' id='word_1_160' title='bbox 327 3663 558 3743; x_wconf 87' lang='lat' dir='ltr'><em>possessor,</em></span> <span class='ocrx_word' id='word_1_161' title='bbox 582 3664 707 3745; x_wconf 90' lang='lat' dir='ltr'><em>quam</em></span> <span class='ocrx_word' id='word_1_162' title='bbox 729 3641 763 3718; x_wconf 92' lang='lat' dir='ltr'><em>si</em></span> <span class='ocrx_word' id='word_1_163' title='bbox 794 3641 916 3721; x_wconf 87' lang='lat' dir='ltr'><em>tertia</em></span> <span class='ocrx_word' id='word_1_164' title='bbox 936 3647 1139 3750; x_wconf 77' lang='lat' dir='ltr'><em>personat</em></span> <span class='ocrx_word' id='word_1_165' title='bbox 1162 3643 1226 3722; x_wconf 91' lang='lat' dir='ltr'><em>Ad</em></span> <span class='ocrx_word' id='word_1_166' title='bbox 1255 3647 1311 3721; x_wconf 70' lang='lat'><em>1¹¹²</em></span> <span class='ocrx_word' id='word_1_167' title='bbox 1337 3665 1507 3746; x_wconf 89' lang='lat' dir='ltr'><em>rospon-</em></span> 
     </span>
     <span class='ocr_line' id='line_1_26' title="bbox 327 3771 1504 3879; baseline 0.001 -28"><span class='ocrx_word' id='word_1_168' title='bbox 327 3771 444 3852; x_wconf 85' lang='lat' dir='ltr'><em>detur</em></span> <span class='ocrx_word' id='word_1_169' title='bbox 467 3797 548 3850; x_wconf 94' lang='lat' dir='ltr'><em>non</em></span> <span class='ocrx_word' id='word_1_170' title='bbox 573 3773 788 3878; x_wconf 86' lang='lat' dir='ltr'><em>prodesse:</em></span> <span class='ocrx_word' id='word_1_171' title='bbox 815 3775 926 3855; x_wconf 82' lang='lat' dir='ltr'><em>alara</em></span> <span class='ocrx_word' id='word_1_172' title='bbox 956 3775 1066 3855; x_wconf 79' lang='lat' dir='ltr'><em>orrim</em></span> <span class='ocrx_word' id='word_1_173' title='bbox 1097 3785 1195 3856; x_wconf 90' lang='lat' dir='ltr'><em>sunt</em></span> <span class='ocrx_word' id='word_1_174' title='bbox 1228 3776 1353 3856; x_wconf 88' lang='lat' dir='ltr'><em>verba</em></span> <span class='ocrx_word' id='word_1_175' title='bbox 1385 3799 1504 3879; x_wconf 83' lang='lat' dir='ltr'><em>regu-</em></span> 
     </span>
     <span class='ocr_line' id='line_1_27' title="bbox 327 3903 1507 4013; baseline 0.002 -31"><span class='ocrx_word' id='word_1_176' title='bbox 327 3905 389 3984; x_wconf 86' lang='lat' dir='ltr'><em>lae</em></span> <span class='ocrx_word' id='word_1_177' title='bbox 412 3903 704 3986; x_wconf 89' lang='lat' dir='ltr'><em>Canoellariae.</em></span> <span class='ocrx_word' id='word_1_178' title='bbox 731 3906 794 3985; x_wconf 89' lang='lat' dir='ltr'><em>Ad</em></span> <span class='ocrx_word' id='word_1_179' title='bbox 818 3907 878 3983; x_wconf 70' lang='lat'><em>2¹⁰¹</em></span> <span class='ocrx_word' id='word_1_180' title='bbox 902 3907 1217 4013; x_wconf 60' lang='lat' dir='ltr'><em>respondemus</em></span> <span class='ocrx_word' id='word_1_181' title='bbox 1247 3907 1338 3988; x_wconf 91' lang='lat' dir='ltr'><em>DD.</em></span> <span class='ocrx_word' id='word_1_182' title='bbox 1367 3916 1407 3987; x_wconf 90' lang='lat' dir='ltr'><em>et</em></span> <span class='ocrx_word' id='word_1_183' title='bbox 1429 3904 1507 3984; x_wconf 85' lang='lat' dir='ltr'><em>Ca-</em></span> 
     </span>
     <span class='ocr_line' id='line_1_28' title="bbox 327 4037 1506 4148; baseline 0.001 -31"><span class='ocrx_word' id='word_1_184' title='bbox 327 4037 511 4118; x_wconf 85' lang='lat' dir='ltr'><em>nonistas</em></span> <span class='ocrx_word' id='word_1_185' title='bbox 544 4065 625 4118; x_wconf 92' lang='lat' dir='ltr'><em>non</em></span> <span class='ocrx_word' id='word_1_186' title='bbox 657 4039 873 4120; x_wconf 82' lang='lat' dir='ltr'><em>convenire</em></span> <span class='ocrx_word' id='word_1_187' title='bbox 904 4039 945 4119; x_wconf 93' lang='lat' dir='ltr'><em>in</em></span> <span class='ocrx_word' id='word_1_188' title='bbox 974 4039 1050 4120; x_wconf 87' lang='lat' dir='ltr'><em>hoe</em></span> <span class='ocrx_word' id='word_1_189' title='bbox 1081 4047 1248 4148; x_wconf 91' lang='lat' dir='ltr'><em>punet0.</em></span> <span class='ocrx_word' id='word_1_190' title='bbox 1280 4040 1362 4119; x_wconf 91' lang='lat' dir='ltr'><em>Alii</em></span> <span class='ocrx_word' id='word_1_191' title='bbox 1396 4039 1506 4118; x_wconf 90' lang='lat' dir='ltr'><em>enim</em></span> 
     </span>
     <span class='ocr_line' id='line_1_29' title="bbox 326 4171 1506 4275; baseline 0.004 -28"><span class='ocrx_word' id='word_1_192' title='bbox 326 4171 460 4249; x_wconf 91' lang='lat' dir='ltr'><em>solum</em></span> <span class='ocrx_word' id='word_1_193' title='bbox 495 4171 647 4252; x_wconf 84' lang='lat' dir='ltr'><em>laetum</em></span> <span class='ocrx_word' id='word_1_194' title='bbox 679 4173 878 4253; x_wconf 89' lang='lat' dir='ltr'><em>simoniae</em></span> <span class='ocrx_word' id='word_1_195' title='bbox 909 4174 1165 4254; x_wconf 83' lang='lat' dir='ltr'><em>attendentes</em></span> <span class='ocrx_word' id='word_1_196' title='bbox 1207 4182 1359 4275; x_wconf 86' lang='lat' dir='ltr'><em>teuent,</em></span> <span class='ocrx_word' id='word_1_197' title='bbox 1395 4173 1506 4254; x_wconf 90' lang='lat' dir='ltr'><em>idem</em></span> 
     </span>
     <span class='ocr_line' id='line_1_30' title="bbox 325 4303 1506 4416; baseline 0.003 -36"><span class='ocrx_word' id='word_1_198' title='bbox 325 4325 431 4402; x_wconf 88' lang='lat' dir='ltr'><em>esse,</em></span> <span class='ocrx_word' id='word_1_199' title='bbox 466 4303 500 4381; x_wconf 90' lang='lat' dir='ltr'><em>si</em></span> <span class='ocrx_word' id='word_1_200' title='bbox 537 4305 756 4386; x_wconf 87' lang='lat' dir='ltr'><em>simoniam</em></span> <span class='ocrx_word' id='word_1_201' title='bbox 789 4307 996 4389; x_wconf 80' lang='lat' dir='ltr'><em>commisit</em></span> <span class='ocrx_word' id='word_1_202' title='bbox 1028 4333 1261 4416; x_wconf 87' lang='lat' dir='ltr'><em>possessor,</em></span> <span class='ocrx_word' id='word_1_203' title='bbox 1306 4333 1432 4415; x_wconf 83' lang='lat' dir='ltr'><em>quam</em></span> <span class='ocrx_word' id='word_1_204' title='bbox 1469 4305 1506 4384; x_wconf 90' lang='lat' dir='ltr'><em>si</em></span> 
     </span>
     <span class='ocr_line' id='line_1_31' title="bbox 325 4433 1508 4548; baseline 0.002 -32"><span class='ocrx_word' id='word_1_205' title='bbox 325 4433 444 4516; x_wconf 87' lang='lat' dir='ltr'><em>tertia</em></span> <span class='ocrx_word' id='word_1_206' title='bbox 480 4463 669 4544; x_wconf 90' lang='lat' dir='ltr'><em>persona.</em></span> <span class='ocrx_word' id='word_1_207' title='bbox 707 4439 787 4518; x_wconf 86' lang='lat' dir='ltr'><em>Alii</em></span> <span class='ocrx_word' id='word_1_208' title='bbox 832 4467 926 4521; x_wconf 87' lang='lat' dir='ltr'><em>vero</em></span> <span class='ocrx_word' id='word_1_209' title='bbox 959 4442 1126 4522; x_wconf 85' lang='lat' dir='ltr'><em>tradunt</em></span> <span class='ocrx_word' id='word_1_210' title='bbox 1162 4439 1391 4548; x_wconf 88' lang='lat' dir='ltr'><em>possessori</em></span> <span class='ocrx_word' id='word_1_211' title='bbox 1424 4465 1508 4520; x_wconf 91' lang='lat' dir='ltr'><em>non</em></span> 
     </span>
    </p>
   </div>
   <div class='ocr_carea' id='block_1_3' title="bbox 0 0 1698 5136">
    <p class='ocr_par' dir='ltr' id='par_1_3' title="bbox 0 0 1698 5136">
     <span class='ocr_line' id='line_1_32' title="bbox 0 0 1698 5136; baseline 0 0"><span class='ocrx_word' id='word_1_212' title='bbox 0 0 1698 5136; x_wconf 95' lang='lat' dir='ltr'><em> </em></span> 
     </span>
    </p>
   </div>
  </div>
 </body>
</html>
