3264 5146
319 375 360 439 78
606 387 898 440 rnnnnnorroues
920 387 1013 440 runis
1037 386 1206 442 cnseruor

325 517 509 628 parcitur
528 518 729 627 siquidem
752 519 971 600 immature
992 545 1136 602 eorum
1148 519 1320 628 judicio,
1341 531 1496 605 utnon

328 663 546 737 teneantur
566 653 863 736 ‘inviolabiliter
896 653 1131 772 observare,
1174 629 1282 764 quod
1323 656 1366 737 in
1406 683 1495 739 non

325 788 429 868 satis
458 787 578 869 firma
607 795 740 870 aetate
771 787 971 889 fecerunt,
1006 788 1085 869 nisi
1117 788 1157 869 id
1188 797 1332 897 postea
1352 797 1494 874 ratum

327 921 559 1004 habuerint.
594 921 770 1004 Etcum
802 921 903 1003 baec
943 921 1148 1004 resiliendi
1189 922 1357 1004 libertas
1396 925 1498 1005 uni-

324 1055 474 1161 cuique
506 1054 708 1164 impuberi
729 1061 947 1163 competat,
971 1055 1067 1136 hinc
1087 1081 1137 1135 ex
1157 1055 1496 1163 interpretatione

326 1186 368 1266 cl.
404 1213 494 1298 cap.
521 1189 546 1268 7
578 1187 619 1267 t.
645 1195 675 1268 t.
710 1185 791 1287 ille,
824 1187 894 1295 qui
923 1187 1035 1295 prior
1064 1189 1323 1295 pubertatem
1339 1194 1402 1269 est
1422 1214 1497 1268 as-

324 1329 510 1421 secutus,
532 1321 673 1404 statim
693 1321 802 1404 valet
817 1348 842 1402 a
855 1321 1121 1429 sponsalibus
1137 1321 1308 1422 resilire,
1328 1321 1496 1402 etiamsi

325 1453 430 1534 alter
459 1455 642 1536 nondum
673 1455 804 1564 pubes
835 1456 968 1538 factus
999 1455 1134 1538 luerit.
1166 1455 1286 1550 Quod
1307 1456 1342 1537 si
1363 1481 1495 1564 spon-

324 1587 431 1668 salia
460 1597 669 1683 eontracta
690 1589 840 1671 fuerint
861 1616 886 1669 a
906 1591 1060 1697 pubere
1081 1597 1121 1672 et
1141 1589 1369 1698 impubere,
1388 1597 1495 1671 tunc

326 1719 404 1801 hoc
424 1721 683 1830 privilegium
704 1723 849 1831 puberi
871 1749 953 1803 non
974 1722 1226 1824 conceditur,
1244 1723 1281 1803 si
1297 1723 1495 1830 impubes

326 1857 583 1962 pubertatem
599 1858 773 1965 adeptus
788 1865 897 1939 stare
914 1855 1008 1938 velit
1024 1855 1303 1964 sponsalibus
1323 1857 1494 1937 Eruunt

324 1985 363 2067 id
395 1987 592 2070 Doctores
622 2017 673 2070 ex
704 1991 772 2070 cit.
808 2016 916 2100 cap„
949 1997 989 2071 et
1018 1989 1097 2070 sibi
1128 1989 1303 2098 imputet
1333 1988 1485 2097 pubes,

322 2121 359 2202 si
391 2123 603 2204 deterioris
633 2123 878 2205 conditionis
907 2132 970 2206 est
990 2124 1119 2205 altera
1137 2131 1362 2232 comperte,
1386 2147 1497 2230 que-

324 2256 591 2337 madmodum
607 2255 730 2363 juxta
749 2256 860 2364 leges
880 2255 1022 2338 civiles
1039 2255 1187 2338 accidit
1202 2257 1244 2336 in
1260 2255 1495 2363 majoribus
1622 2339 1623 2354 ᾖ

322 2395 578 2470 contractum
609 2391 827 2498 agentibus
859 2418 954 2472 curn
994 2391 1238 2473 minoribus.
1283 2389 1490 2484 Quamvis
1622 2369 1623 2414 ³

324 2529 463 2602 autem
494 2522 552 2604 ita
581 2523 747 2632 impune
778 2526 934 2634 absque
963 2553 1092 2608 causa
1121 2526 1309 2634 impubes
1339 2524 1493 2631 adepta

323 2656 536 2762 pubertate
553 2657 687 2739 valeat
707 2659 835 2740 altera
855 2666 969 2766 parte
990 2659 1119 2740 invita
1139 2657 1295 2740 resilire
1316 2683 1341 2737 a
1361 2683 1491 2766 spen-

321 2785 496 2889 salibus,
540 2789 806 2872 nihilominus
846 2799 1101 2874 contractum
1142 2791 1330 2900 publicae
1360 2787 1492 2870 bone-

320 2920 439 3002 statis
456 2922 793 3030 impedimentum
809 2932 963 3025 manet,
983 2932 1029 3006 ut
1044 2925 1266 3006 ostendunt
1280 2925 1488 3003 Auctores
1621 2927 1622 2940 '

320 3082 372 3136 cx
403 3085 493 3168 cap.
528 3063 556 3138 4
588 3060 629 3138 in
654 3059 737 3165 fln.
772 3059 813 3139 h.
849 3067 878 3142 t.
913 3057 1109 3140 Consulto
1140 3057 1325 3141 diximus
1346 3057 1487 3165 impu-

321 3190 439 3271 beres
469 3191 727 3298 pubertatem
748 3192 918 3300 adeptos
938 3203 1060 3300 po'sse
1082 3193 1133 3272 ab
1160 3187 1342 3299 antiquis
1361 3213 1492 3295 spon-

321 3324 480 3405 salibus
509 3327 682 3429 resilire,
716 3327 814 3436 quia
843 3325 922 3406 nisi
953 3326 994 3407 id
1015 3325 1181 3426 faciant,
1206 3323 1295 3405 sola
1314 3321 1488 3404 tacitur-

324 3457 450 3539 nitate
480 3485 530 3540 ea
557 3460 769 3568 sponsalia
806 3460 1023 3542 firmantur
1062 3485 1157 3540 cum
1197 3461 1491 3567 praesumatur
1620 3489 1621 3583 q

324 3590 391 3670 ille
422 3617 649 3674 consensus
679 3619 954 3703 perseverare,
988 3593 1057 3701 qui
1089 3595 1141 3673 ab
1162 3592 1277 3674 initio
1298 3591 1341 3671 in
1360 3613 1489 3696 spon-

321 3722 475 3805 salium
505 3725 682 3809 editione
712 3727 834 3809 datus
864 3736 939 3810 est.
972 3728 1033 3810 Ita
1061 3732 1171 3808 tenet
1201 3723 1373 3830 Pirhing
1392 3751 1434 3801 n.
1462 3723 1488 3801 7

323 3856 368 3935 b.
404 3864 434 3937 t.
468 3884 564 3940 cum
594 3861 818 3942 communi.
843 3861 1018 3954 Quando
1047 3883 1144 3940 vero
1174 3863 1391 3940 teneantur
1421 3852 1491 3934 isti

328 3991 497 4093 resilire,
531 4019 582 4074 ne
613 4018 757 4075 eorum
786 3993 1045 4076 taciturnitas
1084 4017 1158 4101 pre
1199 3985 1489 4072 ratihabitione

327 4134 530 4228 sumatur,
556 4127 767 4236 disputant
781 4128 980 4210 Doctores
994 4128 1105 4235 apud
1121 4122 1494 4232 Schmalzgrueber

328 4261 371 4342 h.
392 4267 421 4339 t.
441 4288 551 4342 num.
579 4263 648 4342 31.
675 4263 743 4342 32.
768 4261 845 4342 etsi
865 4286 1010 4342 omnes
1031 4260 1248 4341 admittant
1268 4283 1339 4340 eos
1359 4255 1489 4338 teneri
