3380 5132
256 432 259 442 ·
343 405 411 477 330'
626 425 917 477 ennunucmouus
938 425 1033 476 urnis
1056 423 1229 481 GANONIGI

348 556 690 665 terpellationum.
725 554 960 664 Aliquando
996 560 1132 634 autem
1164 580 1215 634 ex
1246 577 1374 632 causa
1402 549 1512 632 Pon·

348 690 448 770 tifex
479 690 689 796 dispensat
719 689 761 768 in
791 695 923 770 totum
955 687 1007 766 ab
1039 684 1449 793 interpellationibus,
1473 691 1515 764 et

349 823 569 931 aliquando
609 823 819 928 dispensat
849 820 1037 926 erigere
1078 817 1428 927 interpellationis
1468 823 1514 895 ut

349 967 450 1065 puta
479 963 674 1055 coarctat,
703 963 749 1036 ut
779 962 941 1035 tantum
971 962 1190 1060 quaeratur
1211 979 1236 1032 a
1257 952 1430 1058 conjuge
1451 950 1514 1028 in·

347 1089 456 1170 fideli
477 1117 529 1169 an
546 1087 643 1168 velit
663 1085 754 1167 fieri
776 1086 1014 1187 christiana,
1034 1095 1074 1167 et
1095 1115 1176 1167 non
1198 1085 1327 1166 aliter.
1348 1085 1509 1165 Causae
1650 1111 1651 1198 p

348 1249 443 1303 vero
475 1229 639 1328 propter
669 1245 772 1327 quas
803 1219 842 1299 id
873 1217 1064 1300 Pontifex
1096 1220 1290 1300 concedat
1321 1245 1396 1298 nos
1427 1243 1508 1297 non

348 1356 534 1436 velemus
550 1380 693 1434 omnes
710 1353 937 1458 assignare,
957 1361 996 1457 et
1011 1361 1172 1434 tantum
1189 1379 1260 1432 eas
1275 1351 1508 1451 referimus
1650 1361 1651 1452 ξ

274 1561 276 1564 ,
349 1489 400 1570 ad
430 1515 534 1595 ques
574 1493 842 1593 respexerunt
871 1485 1091 1566 Pontifices
1131 1511 1275 1599 usque
1302 1484 1437 1566 adhuc
1467 1483 1509 1564 in
1650 1501 1651 1584 t

347 1619 437 1702 suis
458 1620 641 1701 indultis,
667 1619 752 1700 Eae
774 1627 912 1699 autem
938 1627 1035 1700 sunt
1064 1627 1295 1727 sequentes:
1314 1664 1335 1680 -
1355 1621 1392 1697 1⁰
1414 1618 1511 1726 quia

348 1755 498 1862 conjux
520 1752 694 1834 infidelis
716 1754 826 1858 degit
847 1753 889 1832 in
911 1753 1129 1834 hostilibus
1150 1759 1189 1834 et
1209 1751 1397 1833 barbaris
1420 1777 1513 1858 pro·

348 1887 507 1989 vinciis,
541 1887 611 1967 ubi
642 1913 693 1968 ne
724 1885 877 1966 nuntiis
908 1887 1073 1992 quidem
1109 1913 1301 1968 accessus
1332 1893 1458 1993 patet;
1489 1931 1509 1945 -
1650 1967 1651 1996 ι

347 2025 389 2102 2⁰
420 2024 484 2104 vel
515 2021 612 2130 quia
642 2021 855 2127 ignoratur
883 2020 925 2100 in
963 2047 1067 2129 quas
1107 2021 1293 2127 regiones
1325 2019 1510 2110 ¹infidelis

347 2155 497 2262 conjux
529 2157 666 2260 degat3
689 2199 709 2214 -
731 2157 771 2234 3⁰
792 2154 973 2261 vel·quia
1003 2155 1159 2234 itineris
1191 2153 1402 2259 longitudo
1423 2177 1513 2232 ma·
1650 2171 1651 2230 t

347 2315 471 2396 gnam
503 2289 622 2369 affert
652 2269 931 2369 difficultatem
938 2319 949 2389 3
971 2333 992 2349 -
1012 2291 1054 2368 4⁰
1075 2287 1138 2369 vel
1159 2288 1267 2395 quod
1298 2286 1506 2386 timeatur,

289 2461 292 2474 ·
348 2449 398 2502 ne
420 2421 608 2502 molestia
632 2431 704 2502 aut
725 2422 954 2528 persecutio
977 2431 1119 2503 contra
1138 2421 1383 2502 christianos
1404 2420 1514 2502 oria·

347 2565 428 2652 tur,
462 2555 495 2634 si
528 2553 797 2661 interpellatio
828 2553 915 2652 fiat;
936 2599 957 2614 -
986 2559 1025 2634 5⁰
1048 2563 1127 2635 aut
1158 2555 1255 2660 quia
1284 2579 1509 2637 conversus
1650 2539 1651 2596 ³

346 2713 428 2768 non
459 2688 694 2768 recordetur
724 2685 846 2796 q'uam
879 2688 1057 2794 primum
1079 2714 1252 2768 uxorem
1273 2689 1437 2768 duxerit
1457 2715 1508 2768 ex

346 2819 549 2927 pluribus,
571 2819 732 2930 quasin
755 2820 979 2926 gentilitate
1000 2821 1143 2902 habuit
1159 2847 1336 2930 sequens
1351 2847 1508 2902 morem
1650 2819 1651 2882 ἴ

345 2952 597 3034 detestabilis
633 2953 889 3061 polygamiae
920 2954 962 3032 in
998 2981 1076 3034 sua
1105 2955 1237 3061 patria
1267 2955 1456 3060 vigentis,
1489 3001 1510 3013 ⁸
1650 2939 1651 2968 t

346 3090 388 3166 6⁰
410 3095 482 3168 aut
502 3089 684 3188 demum,
708 3087 805 3194 quia
833 3087 941 3167 serio
973 3087 1184 3183 dubitatur
1210 3099 1261 3168 an
1283 3115 1509 3170 conversus

344 3221 386 3300 in
402 3248 480 3302 sua
500 3221 633 3328 patria
649 3207 791 3300 verum
813 3221 1120 3302 matrimonium
1143 3221 1392 3304 contraxerit
1411 3247 1506 3302 cum

346 3354 468 3461 priori
500 3363 573 3435 aut
603 3354 731 3434 altera
756 3361 811 3434 'ex
842 3353 1030 3460 pluribus
1056 3355 1190 3436 ductis
1221 3356 1423 3437 uxoribus
1444 3355 1507 3434 vel

342 3488 479 3594 potius
501 3513 644 3567 omnes
666 3487 878 3568 retinuerit
908 3495 1118 3594 tamquam
1140 3489 1467 3570 contubernales,
1488 3535 1509 3548 -

343 3619 424 3698 Pro
445 3619 579 3698 tribus
600 3619 743 3725 primis
773 3619 912 3699 causis
943 3619 1039 3702 data
1068 3629 1166 3701 sunt
1186 3621 1345 3702 Indulte
1365 3621 1428 3701 Pii
1446 3621 1500 3720 V,

343 3751 451 3858 quod
469 3749 610 3856 incipit
633 3749 1107 3833 ‹RomaniPon‘tificis›
1133 3763 1173 3833 et
1193 3753 1378 3861 Gregorii
1394 3753 1502 3853 Xlll,

343 3885 450 3992 quod
482 3882 624 3990 incipit
657 3883 901 3976 «Quoniam
942 3911 1065 3992 saepe
1100 3887 1355 3993 contingit.»
1391 3887 1508 3981 Quae

344 4027 480 4099 tamen
503 4015 675 4114 indulta,
702 4024 748 4097 ut
769 4015 892 4098 habet
912 4017 1159 4100 Benedictus
1175 4021 1274 4102 XIV
1290 4021 1332 4102 in
1348 4021 1501 4132 Spaod.

343 4153 527 4232 Dioeces.
548 4151 618 4232 lib.
644 4125 697 4232 13Ι
717 4177 806 4262 cup.
833 4153 883 4231 21
909 4179 1019 4232 num.
1046 4153 1086 4232 6:
1117 4163 1283 4236 «certas
1305 4156 1506 4262 quasdam

342 4287 529 4393 regiones
549 4287 832 4368 tantummodo
854 4285 1092 4395 respiciunt,
1116 4314 1247 4396 neque
1269 4289 1433 4370 extendi
1454 4288 1505 4368 ad

342 4419 444 4500 elias
474 4427 665 4528 possunt,
691 4419 955 4527 quantumvis
985 4420 1157 4502 rationis
1177 4431 1218 4503 et
1236 4423 1516 4516 circumstare
