3360 5126
509 445 611 491 arana
633 445 665 490 v.
692 461 732 483 —
757 417 897 492 neonus
919 445 1013 492 xxm.
1282 426 1348 493 297

175 571 496 669 trimonialibus,
520 569 692 676 aliisque
713 570 1019 668 controversiis,
1044 598 1149 678 quae
1174 573 1215 653 in
1232 599 1361 681 prae·¹

169 706 374 813 judioium
405 705 510 786 tertii
547 713 760 786 verterent.
795 703 954 786 Verum
985 703 1107 786 hodie
1146 707 1187 787 in
1209 709 1348 789 causis

173 841 262 924 istis
294 849 497 923 remotum
529 849 590 920 est
621 840 850 949 perieulum
898 839 1154 942 collusionis
1192 843 1273 921 imo
1305 845 1347 922 in

173 963 546 1058 matrimonialibus
588 974 756 1056 minime
799 975 944 1055 adesse
984 982 1133 1080 potest,
1167 1000 1262 1056 oum
1298 1000 1347 1056 ex

174 1111 346 1191 Constit.
390 1107 545 1189 Bened.
589 1107 699 1189 XIV
737 1109 818 1188 Dei
857 1105 1118 1188 miseratione
1153 1107 1346 1190 defensor

172 1241 322 1323 vinculi
354 1269 405 1323 ex
442 1241 575 1323 officio
592 1241 746 1348 jugiter
767 1241 808 1322 in
830 1241 894 1322 his
916 1240 1062 1322 causis
1085 1240 1342 1338 interveniat,

170 1383 292 1484 atque
324 1375 514 1457 adsistat.

543 1773 781 1855 TITULUS
813 1773 967 1867 XXIII.

496 2043 559 2120 De
588 2041 746 2122 delictis
770 2066 1010 2150 puerariam.

223 2311 377 2390 Actum
393 2316 455 2389 est
470 2309 520 2390 de
542 2308 714 2410 delictis,
738 2333 963 2416 eorumque
986 2307 1226 2416 respectivis
1248 2335 1345 2416 poe-

166 2442 258 2544 nis;
278 2450 320 2524 at
334 2443 443 2526 siout
459 2443 679 2551 aliquando
696 2443 874 2524 dubitari
893 2448 1039 2550 potest,
1058 2427 1199 2524 utrum
1216 2441 1340 2522 etiem

164 2577 280 2683 pueri
298 2577 458 2684 possint
474 2603 564 2658 esse
581 2575 638 2656 rei
652 2575 795 2657 talium
811 2574 1069 2675 delictorum,
1084 2575 1178 2656 hino
1196 2575 1341 2656 merito

166 2711 361 2817 praesens
390 2709 535 2791 titulus
557 2735 582 2789 a
603 2710 651 2790 B.
677 2697 927 2817 Raymundo
968 2710 1057 2792 heio
1088 2709 1333 2791 annectitur.
1354 2793 1357 2802 ,

224 2837 400 2923 Nomine
427 2867 650 2949 puerorum
671 2841 737 2922 hio
758 2843 928 2923 veniunt
952 2843 1207 2950 ,impuberes
1233 2842 1338 2923 idest

166 2977 299 3083 pueri,
333 2975 401 3084 qui
443 2977 656 3084 septennio
687 2975 864 3082 majores
909 2978 1091 3057 nondum
1132 2975 1337 3058 decimum

164 3115 357 3213 quartum
398 3135 554 3192 annum
595 3107 882 3217 expleverunt,
931 3108 967 3187 si
1010 3107 1183 3189 masculi
1220 3117 1333 3204 sunt,

165 3237 368 3319 deoimum
400 3242 630 3322 seeundum
653 3268 747 3324 vero
766 3269 941 3344 annum,
970 3242 1004 3321 si
1038 3241 1255 3322 foeminae.
1281 3237 1332 3318 Hi

165 3371 476 3480 distinguuntur
505 3377 557 3455 ab
584 3375 825 3477 infantibuS,
850 3375 919 3484 qui
941 3381 1039 3456 sunt
1060 3374 1241 3454 minores
1271 3397 1355 3462 se-,

165 3507 332 3612 ptennio
372 3509 590 3618 complete,
624 3517 663 3591 et
693 3509 1006 3617 distinguuntur
1036 3533 1060 3586 a
1090 3504 1339 3605 minoribus,

164 3639 233 3747 qui
265 3641 399 3750 adepti
430 3645 689 3752 pubertatem
716 3645 899 3725 nondum
931 3649 1068 3724 tamen
1089 3641 1338 3748 vigesimum

164 3773 344 3882 primum
390 3802 546 3860 annum
592 3779 860 3887 expleverunt
905 3777 1026 3886 juxta
1075 3774 1342 3856 recentiorem

164 3913 428 4017 computandi
461 3913 715 3996 methodum.

221 4041 345 4126 Hisoe
386 4047 530 4154 positis
572 4047 784 4156 quaeritur
824 4073 891 4148 an,
925 4053 966 4126 et
1004 4043 1156 4154 quibus
1199 4041 1341 4150 poenis

165 4177 423 4285 subjiaoeant
454 4182 650 4283 infanteS,
674 4183 811 4291 pueri,
836 4190 874 4264 et
895 4178 1184 4262 minorennest
1211 4173 1347 4256 infan-

166 4321 227 4393 tes
257 4340 332 4396 neo
362 4315 488 4416 oivili,
527 4344 601 4399 nee
632 4317 834 4398 criminali
866 4342 1020 4424 poenae
1053 4314 1233 4395 subsunt
1264 4309 1339 4420 lep.

171 4445 231 4528 12
251 4447 311 4551 ff.
346 4449 404 4529 ad
435 4451 510 4560 lep.
558 4451 720 4532 Cornet.
765 4450 814 4532 de
850 4451 1006 4541 Sicera,
1041 4449 1117 4558 lep.
1152 4448 1181 4527 5
1212 4449 1255 4548 §-
1288 4448 1332 4528 2.
