3136 5138
283 375 347 437 114
454 387 456 390 ·
570 385 865 438 rnnnnnorronns
888 383 982 436 aunis
1005 383 1174 436 enuourcr

288 547 361 630 per
382 520 521 600 verba:
561 553 579 591 α
601 544 745 598 verum
766 517 800 597 si
824 517 929 598 inter
950 503 1062 624 ipsos
1083 515 1256 598 accessit
1275 521 1460 596 tantum-

196 635 199 641 ’
291 653 454 734 »modo
485 650 705 758 promissio
737 651 786 731 de
818 649 972 748 futuro,
1006 655 1180 758 utroque
1210 648 1368 747 dicente
1398 645 1459 726 al·

173 879 174 884 Ν
195 800 197 802 ’
290 820 308 856 v
329 785 419 867 teri:
440 809 516 892 ego
538 799 576 864 te
592 783 786 890 recipiam
804 782 846 862 in
862 809 1013 882 meam,
1034 793 1074 862 et
1090 809 1166 889 ego
1182 791 1222 862 te
1239 783 1281 862 in
1298 805 1454 876 meum,

294 919 418 998 »sive
440 917 567 997 verba
596 915 765 1016 similia,
788 917 823 995 si
855 915 962 996 alius
991 915 1209 996 mulierem
1243 913 1355 993 illam
1385 938 1461 1020 per

291 1051 458 1131 tverba
488 1051 538 1132 de
569 1048 774 1157 praesenti
807 1049 1129 1156 desponsaverit,
1158 1047 1321 1128 etiamsi
1352 1045 1460 1126 inter

290 1185 463 1292 »ipsam
484 1193 524 1264 et
545 1182 723 1290 primurn
740 1181 1023 1288 juramentum
1050 1181 1325 1281 intervenerit,
1349 1179 1459 1260 sieut

293 1316 531 1416 »diximus
566 1315 615 1396 de
656 1313 810 1414 futuro,
851 1311 1085 1424 hujusmodi
1128 1313 1458 1423 desponsationis

293 1485 311 1518 »
332 1450 484 1531 intuitu
514 1449 744 1530 seeundum
775 1449 1084 1530 matrimonium
1115 1476 1197 1530 non
1229 1446 1362 1556 potuit
1391 1475 1458 1526 so-

291 1621 308 1656 »
330 1584 479 1693 parari,
506 1585 579 1664 sed
600 1585 659 1664 eis
689 1591 751 1665 est
771 1585 821 1664 de
842 1584 1059 1664 violatione
1090 1583 1183 1665 fidei
1207 1581 1460 1689 poenitentia

293 1718 597 1826 »injungenda
619 1751 637 1793 »
657 1718 722 1797 Ex
738 1744 820 1824 quo
836 1726 950 1808 textu
972 1718 1054 1798 duo
1074 1723 1291 1816 eruuntur,
1310 1739 1459 1821 nempe

286 1851 365 1933 hoo
381 1845 556 1932 alterum
571 1850 882 1931 matrimonium
899 1877 989 1931 osse
1007 1849 1210 1950 illioitum,
1229 1848 1302 1928 sed
1317 1855 1457 1928 tamen

287 1985 485 2066 validum.
505 1983 665 2066 Revera
682 1993 744 2066 est
760 1984 963 2085 illicitum,
982 1985 1079 2092 quia
1095 1983 1178 2090 juri
1193 1981 1313 2064 tertio
1329 2007 1458 2088 quae-

285 2119 365 2200 sito
396 2119 663 2227 praejudicat,
688 2119 855 2227 proinde
886 2119 1135 2227 poenitentia
1164 2125 1226 2198 est
1256 2117 1305 2197 de
1325 2114 1460 2196 viola-

288 2253 398 2333 tione
430 2251 525 2332 lidei
558 2251 825 2360 injungenda.
850 2253 906 2335 At
937 2260 999 2334 est
1029 2251 1229 2351 validum;
1253 2256 1315 2330 est
1345 2247 1455 2330 enim

288 2383 599 2464 matrimonium
631 2384 842 2466 vinculum
873 2387 994 2493 longe
1026 2385 1187 2486 lortiuS,
1216 2407 1340 2492 quarn
1372 2381 1458 2462 sint

285 2517 497 2624 sponsalia
517 2517 566 2597 de
587 2517 743 2619 futur0,
767 2544 863 2599 cum
885 2519 964 2600 ista
983 2519 1168 2600 tribuant
1182 2517 1253 2624 jus
1274 2516 1326 2596 ad
1348 2541 1454 2626 rem,

289 2647 389 2728 illud
415 2674 512 2729 vero
543 2651 726 2731 conterat
750 2651 820 2757 jus
851 2651 892 2730 in
923 2678 983 2752 re;
1007 2661 1047 2733 et
1066 2650 1275 2732 vinculum
1309 2649 1460 2729 fortius

286 2781 410 2864 solvit
441 2783 496 2883 id,
521 2785 629 2892 quod
660 2785 799 2866 minus
831 2785 933 2867 lorte
964 2792 1039 2866 est.
1064 2785 1142 2865 Cui
1167 2782 1322 2866 aooedit
1343 2780 1457 2862 aliud

286 2915 535 3024 principium
551 2917 674 3024 juris,
698 2943 859 3026 nempe:
888 2951 907 2994 r
929 2919 1022 3026 plus
1043 2945 1134 2999 esse
1156 2919 1197 2996 in
1218 2916 1456 3015 traditione,

291 3081 310 3125 »
331 3075 457 3158 quarn
478 3051 521 3130 in
537 3051 823 3158 promissione.
849 3085 867 3128 v
891 3052 1014 3160 ldque
1031 3051 1272 3151 sustinetur,
1292 3049 1456 3131 etiamsi

287 3183 599 3266 matrimonium
630 3186 683 3267 sit
704 3186 943 3295 simpliciter
964 3193 1114 3286 ratum,
1139 3212 1235 3267 oum
1256 3184 1332 3265 hoe
1352 3211 1460 3291 quo-

287 3345 367 3427 que
383 3321 619 3428 praevaleat
634 3319 913 3428 sponsalibus
934 3321 1023 3402 Hae
1045 3321 1152 3401 duae
1168 3317 1459 3401 conclusiones

286 3461 424 3532 autem
446 3453 496 3533 de
517 3452 794 3560 praevalentis
824 3452 1049 3533 fundantur
1068 3453 1110 3532 in
1132 3452 1209 3532 hoo
1234 3449 1454 3559 principio,

286 3583 395 3689 quod
418 3583 460 3662 in
482 3611 565 3664 uno
596 3593 636 3665 et
666 3583 793 3665 altero
824 3611 925 3667 oasu
956 3585 1097 3693 nequit
1122 3583 1274 3691 duplioi
1296 3581 1459 3688 obliga-

289 3715 389 3796 tioni
422 3716 629 3818 satisfieri,
653 3727 775 3826 prout
804 3718 844 3798 in
868 3719 1122 3828 expositione
1151 3717 1360 3827 sequentis
1382 3716 1462 3824 hy-

284 3848 469 3958 pothesis
499 3850 657 3932 clarum
687 3851 772 3933 fiet.

402 3983 465 4064 4.ο
479 3985 657 4064 Domum
674 3985 783 4092 quod
804 3983 881 4066 erit
900 3986 1164 4067 statuendum
1186 3984 1227 4064 in
1248 4009 1456 4066 concursu

287 4117 413 4197 unius
443 4117 695 4199 matrimonii
726 4120 775 4199 de
806 4119 1010 4227 praesenti
1036 4145 1130 4200 oum
1152 4117 1279 4200 altero
1309 4119 1460 4199 matri-

287 4249 427 4331 monio
457 4249 610 4358 pariter
634 4252 683 4332 de
704 4251 908 4360 praesenti
929 4253 1232 4361 subsequente?
1265 4251 1458 4360 Respon-

285 4385 467 4466 dendum
489 4385 670 4493 prolecto
691 4394 754 4468 est
774 4387 906 4494 primo
927 4387 1187 4469 matrimonio
1209 4387 1342 4468 valido
1364 4389 1459 4468 exi·
