3388 5136
622 435 721 484 amm
743 437 774 480 v.
800 453 842 466 -
866 387 1007 486 munaus
1027 439 1049 483 1.
1383 419 1426 486 59

245 573 369 674 atque
400 562 615 646 indubiam
646 589 738 644 esse
769 561 996 670 praefatam
1018 562 1321 672 Episcoporum
1352 592 1426 672 po-

243 701 469 782 testatem.'
494 697 585 779 Hoo
616 723 748 780 unum
794 697 936 804 quaeri
968 695 1059 778 heio
1103 698 1227 780 modo
1266 709 1423 806 posset,

245 841 385 915 utrum
407 830 601 939 Episcopi
632 830 851 937 procedere
883 829 1042 936 possint
1062 830 1115 910 ob
1137 830 1304 912 easdem
1326 858 1426 913 oau-

241 991 325 1064 saS,
361 971 452 1045 tum
473 964 515 1044 in
546 961 697 1070 prima,
718 970 806 1042 tum
838 961 1084 1044 insecundo
1113 970 1231 1070 parte
1252 964 1421 1065 decreti3

243 1099 286 1178 in
307 1097 443 1205 prima
473 1097 584 1178 enim
615 1095 755 1204 agitur
784 1095 956 1204 dejure
985 1097 1233 1204 quaerendo,
1265 1119 1343 1180 seu
1374 1099 1424 1180 de

242 1257 375 1340 poena
416 1230 638 1338 improprie
668 1231 800 1332 diota3
835 1230 876 1310 in
907 1231 1091 1312 secunda
1126 1257 1223 1312 vero
1253 1231 1423 1338 dejure

236 1367 439 1474 quaesito,
463 1391 540 1446 seu
561 1366 611 1446 de
634 1389 767 1472 poena
788 1362 967 1472 proprie,
987 1388 1036 1444 ao
1057 1364 1196 1446 stricte
1225 1369 1420 1472 sumpta?

240 1499 401 1580 Verum
441 1499 483 1580 in
525 1497 602 1581 hoo
642 1507 795 1607 puncto
826 1524 909 1580 non
951 1497 1202 1580 conveniunt
1240 1498 1345 1579 inter
1375 1525 1420 1580 se

159 1709 164 1719 ,
238 1623 328 1704 DD.
350 1624 609 1706 Probabilior
639 1633 779 1706 tamen
809 1623 1013 1706 sententia
1044 1633 1121 1723 est,
1157 1623 1417 1730 urgentiores

236 1783 389 1838 causas
419 1758 600 1866 requiri3
633 1759 772 1864 agitur
802 1759 911 1838 enim
943 1759 993 1840 de
1024 1758 1182 1866 poenis,

382 1893 424 1970 2⁰
454 1894 511 1973 At
542 1919 623 1974 non
654 1893 778 1974 modo
810 1891 996 2000 praefata
1021 1891 1322 1999 Episcoporum
1344 1918 1417 1999 po·

235 2031 364 2106 testas
401 2025 602 2132 probatur
642 2053 695 2106 ex
736 2025 920 2106 Conoilio
960 2026 1200 2106 Tridentino
1241 2053 1331 2136 cup.
1371 2032 1413 2107 1.

231 2185 329 2240 sess.
368 2162 444 2259 14,
478 2159 707 2238 sedetiam
737 2159 937 2266 probatur
969 2184 1021 2236 ex
1052 2158 1176 2237 Bulla
1195 2162 1416 2238 Auctorem

228 2293 355 2400 fidei,
390 2293 448 2376 uti
481 2291 676 2400 superius
706 2291 935 2372 innuimus.
973 2291 1081 2370 Sane
1120 2291 1227 2372 duae
1267 2317 1417 2399 propo·

233 2428 403 2510 sitiones
435 2426 591 2536 Synodi
619 2425 902 2524 fisariensis,
930 2423 1084 2506 soilioet
1105 2426 1179 2504 49⁸
1199 2432 1239 2505 et
1256 2427 1328 2507 50⁸
1349 2451 1416 2506 as-

233 2573 466 2660 seruerant,
499 2559 705 2667 Epi'soopo
737 2558 800 2638 tas
831 2585 915 2640 non
935 2585 1026 2639 esse
1049 2559 1108 2639 uti
1131 2566 1331 2665 potestate
1352 2560 1416 2639 in-

233 2689 403 2797 fligendi
439 2692 756 2798 suspensionem
787 2719 845 2774 ecc
876 2694 1109 2802 informato
1148 2693 1408 2792 conscientia,

224 2820 273 2904 'et
303 2823 599 2931 suspensiones
630 2825 709 2906 hoo
739 2825 863 2907 modo
894 2825 1029 2907 illatas
1062 2825 1201 2906 nullas
1221 2851 1327 2926 esse,
1354 2833 1415 2906 at-

228 2985 311 3066 que
332 2957 552 3038 invalidas.
577 2959 704 3066 Atqui
721 2958 796 3039 has
816 2959 921 3039 duas
939 2958 1240 3066 propositiones
1261 2961 1415 3040 Sancta

230 3091 376 3192 Sedes
410 3093 515 3173 idest
541 3091 645 3172 Pius
666 3091 722 3172 VI
744 3090 955 3201 praedicta
981 3091 1282 3174 Constitutione
1301 3093 1414 3172 Auo·

230 3233 360 3306 torem
383 3225 495 3332 fidei
520 3226 745 3308 declaravit
756 3227 916 3335 sotsus,
941 3228 1214 3338 perniciosus,
1239 3227 1412 3307 tuestuus

217 3359 531 3467 jurisdictionis
563 3357 879 3459 Praedatorum,
914 3361 957 3440 in
993 3359 1277 3440 Tridentinum
1305 3360 1412 3440 Con·

229 3495 372 3574 attium
404 3493 644 3600 injuriosus.
693 3492 814 3575 Patet
855 3493 980 3601 igitur
1021 3519 1143 3602 posse
1182 3492 1410 3601 Episoopos

229 3627 414 3734 infligere
445 3627 744 3734 suspensiones
781 3654 832 3710 ex
875 3627 1096 3710 informata
1138 3626 1407 3728 oonsuientia,

228 3761 401 3870 illasque
417 3761 576 3842 validas
598 3787 706 3842 esse:
731 3762 924 3869 sequitur
940 3761 1036 3844 hino
1053 3769 1294 3871 potestatem
1312 3760 1410 3868 Epi-

226 3921 449 4002 sooporum
487 3893 711 3975 sententias
754 3894 907 3976 terendi
949 3921 1003 3975 ex
1046 3896 1278 4003 informato
1316 3922 1411 3976 eon-

225 4027 396 4108 scientia
426 4034 596 4126 certam,
622 4034 745 4134 atque
776 4027 991 4110 indubiam
1014 4053 1106 4108 esse
1136 4033 1227 4108 tum
1249 4027 1291 4106 in
1322 4027 1406 4106 vim

224 4166 364 4240 textus
392 4159 525 4268 ipsius
556 4159 729 4241 Consilii
760 4159 990 4244 Tridentini
1012 4163 1115 4273 Cap.
1139 4165 1180 4242 1.
1205 4186 1303 4243 sess.
1328 4164 1404 4244 14.

223 4293 274 4372 de
303 4294 515 4401 Reform,
548 4301 639 4374 tum
660 4291 701 4373 iu
723 4297 808 4374 vim
835 4295 1149 4378 Constitutionis
1186 4295 1408 4378 Auctorem

216 4425 343 4532 fidet,
378 4428 427 4508 de
459 4454 542 4536 qua
571 4452 668 4510 mox
709 4427 939 4512 innuimus.
985 4431 1158 4512 Probari
1197 4438 1408 4538 praeterea
