3360 5126
320 353 386 418 276
626 366 894 414 rmnucrrouus
918 367 1010 414 rurus
1033 365 1189 413 canorum

321 495 509 578 serendae
555 493 780 574 sententiae
830 492 1144 574 convertebatur
1193 490 1243 570 ad
1291 490 1506 571 monitum

326 631 428 740 Cap.
468 633 540 720 16,
575 629 639 708 Dc
668 627 782 707 Foro
813 635 980 736 compet.
1015 633 1054 707 et
1074 625 1224 706 Glossa
1244 631 1433 732 receptae
1457 625 1505 705 in

328 761 430 872 Cap.
464 765 543 853 22,
578 759 627 840 de
657 760 818 840 Senten.
855 786 1053 840 eoecomm.

292 992 294 996 Α
408 893 554 974 Finem
584 892 682 974 buie
713 891 830 974 titulo
862 895 1071 1001 imponere
1102 892 1213 973 baud
1250 918 1497 1000 possumne,

322 1028 419 1135 quin
452 1028 503 1108 ad
534 1028 776 1108 memoriam
815 1037 1028 1109 revocetur
1069 1026 1286 1135 dispositio
1326 1026 1431 1135 Cap.
1470 1029 1501 1106 4

323 1161 364 1242 b.
391 1168 440 1252 t,
467 1159 534 1241 ubi
569 1161 771 1242 Summus
802 1161 992 1242 Pontifex
1017 1161 1197 1243 decernit
1217 1167 1441 1268 raptorem,
1460 1167 1503 1240 et

324 1294 563 1376 violatorem
595 1293 862 1375 manifestum
893 1294 1172 1376 Ecclesiarum
1203 1294 1254 1376 ad
1285 1293 1501 1401 poeniten-

325 1431 423 1512 tiam
455 1430 612 1511 admitti
644 1429 756 1510 haud
787 1455 924 1537 posse,
960 1428 1037 1510 nisi
1060 1430 1177 1537 prius
1198 1427 1501 1535 reparationem

324 1565 586 1660 damnorum,
601 1562 664 1642 vel
681 1563 824 1643 saltem
843 1563 1078 1644 cautionem
1094 1559 1363 1642 sufficientem
1382 1586 1504 1667 prae-

324 1696 485 1778 stiterit.
520 1695 718 1804 Exceptio
739 1704 801 1778 est
832 1697 873 1776 in
909 1697 1030 1778 unico
1061 1695 1205 1777 mortis
1235 1693 1423 1792 articulo,
1459 1692 1502 1772 in

320 1855 405 1937 quo
436 1829 471 1909 si
503 1829 720 1936 poeniteat,
757 1829 856 1937 quin
889 1829 1024 1910 valeat
1054 1827 1355 1936 reparationem
1375 1855 1507 1934 spon·

325 1964 436 2064 dere,
461 1962 712 2043 reconciliari
736 1963 897 2071 poterit.
923 1962 1222 2044 Verumtamen
1244 1961 1417 2042 vetitum
1438 1969 1507 2043 est

326 2095 509 2197 Clericis‚
553 2098 776 2207 quominus
818 2097 907 2205 ejus
952 2097 1190 2205 sepulturae
1226 2095 1506 2205 praesentiam

324 2229 560 2314 exhibeant.

703 2627 940 2710 TITULUS
971 2627 1117 2711 XVIII.

798 2897 862 2977 De
882 2897 1036 3004 furtis.

415 3161 645 3272 Postquam
673 3161 780 3271 juris
810 3161 1006 3245 Canonici
1028 3163 1280 3272 Compilator
1319 3165 1370 3246 de
1411 3192 1511 3273 rap-

323 3303 410 3399 tuS,
435 3305 475 3379 et
496 3297 664 3406 rapinae
696 3297 865 3380 crimine
898 3299 995 3406 egit,
1021 3299 1166 3382 merito
1198 3300 1385 3381 eamdem
1415 3326 1511 3382 ma-

328 3431 473 3513 teriem
513 3457 766 3538 prosequens
806 3441 1064 3539 praesentem
1106 3420 1271 3515 titulum
1308 3432 1507 3535 adnectit,

327 3562 532 3671 siquidem
551 3563 706 3645 furtum
733 3571 795 3646 est
810 3566 983 3675 specieS,
1003 3567 1096 3648 licet
1117 3567 1309 3650 distincta
1325 3594 1351 3649 a
1365 3573 1505 3675 raptu,

326 3701 370 3775 et
400 3694 560 3802 rapina.

417 3827 706 3937 Ethymologia
743 3830 839 3912 lurti
876 3831 995 3940 juxta
1025 3830 1188 3914 diversa
1222 3830 1507 3940 jurisconsul-

329 3970 465 4044 torum
497 3962 646 4071 placita
666 3965 922 4074 quadruplex
955 3975 1030 4048 est,
1058 3965 1256 4050 Nonnulli
1279 3967 1509 4048 enimcum

328 4095 522 4177 Labeone
555 4104 703 4204 putant
733 4098 889 4181 lurtum
922 4101 980 4192 ita
1009 4101 1164 4182 dictum
1207 4101 1350 4203 luisse,
1385 4100 1450 4182 vel
1480 4127 1512 4180 a

315 4225 471 4334 fureo,
496 4227 601 4311 idest
624 4229 756 4332 lusco,
780 4258 855 4312 seu
887 4232 1019 4339 nigro,
1042 4259 1091 4315 eo
1112 4235 1221 4342 quod
1247 4235 1368 4335 clam,
1393 4241 1434 4315 et
1466 4233 1511 4314 in

329 4357 509 4442 obscuro
529 4361 685 4462 fletae
705 4365 947 4474 plerumque
973 4373 1112 4449 noctu.
1142 4366 1224 4447 Alii
1251 4393 1346 4449 cum
1377 4366 1509 4447 Sabi-
