3356 5118
313 470 382 538 334
621 487 895 534 rannnacrmnns
918 487 1011 534 cums
1034 486 1189 532 canoram

311 617 369 697 tio
405 618 456 695 10
489 639 708 713 annorum,
742 613 841 720 quia
870 613 1108 720 hujusmodi
1142 611 1356 719 privilegia
1396 622 1503 694 sunt
1623 664 1628 673 -

314 749 621 859 quodammodo
653 749 836 854 privatae
867 746 1000 854 leges:
1034 747 1145 856 atqui
1177 747 1289 853 leges
1310 748 1500 854 privatae

311 883 653 992 praescribuntur
687 884 738 962 lO
770 906 867 962 ann.
892 883 1025 988 spatio
1040 911 1051 982 3
1085 908 1183 986 ergo
1205 881 1331 960 etiam
1349 881 1501 987 hujus·

309 1019 422 1098 modi
455 1015 686 1122 privilegia.
720 1016 764 1094 in
796 1015 1093 1122 posterioribus
1114 1021 1253 1094 antem
1275 1041 1357 1094 non
1377 1041 1493 1108 usas,

311 1148 375 1228 vel
408 1152 643 1230 contrarias
672 1173 768 1228 casas
798 1176 880 1229 non
916 1149 1074 1230 inducit
1114 1147 1495 1255 praesumptionem

310 1283 458 1362 tacitae
489 1281 831 1382 renunciationis
866 1281 944 1361 nisi
977 1289 1139 1389 praesto
1180 1281 1263 1360 sint
1298 1281 1382 1360 alia
1421 1281 1497 1360 ad-

312 1417 512 1496 minicula
542 1416 833 1524 significantia,
869 1425 909 1497 et
940 1408 1206 1522 importantia
1236 1415 1495 1495 voluntatem

310 1551 596 1632 renunciandi.

398 1682 637 1764 Notandum
668 1691 806 1764 tamen
832 1683 900 1763 hic
918 1691 1004 1776 est:
1031 1685 1090 1764 1.⁰
1113 1681 1234 1774 Quod
1255 1681 1494 1788 expositum

306 1815 555 1925 principium
586 1845 668 1897 non
704 1817 954 1915 verificatur,
999 1816 1161 1924 quoties
1201 1815 1364 1896 occasio
1408 1841 1492 1894 non

309 1950 486 2030 extiterit
518 1951 658 2031 utendi
690 1950 920 2056 privilegio.
956 1953 1019 2031 2.⁰
1050 1949 1221 2042 Quoties
1257 1949 1496 2056 privilegia-

309 2090 379 2165 tus
412 2083 535 2165 luerit
566 2084 789 2192 impeditus
819 2085 880 2164 uti
912 2083 1142 2191 privilegio,

397 2223 460 2300 4⁰
490 2219 771 2326 Extingnitur,
805 2226 845 2300 et
875 2227 1010 2299 cessat
1041 2217 1302 2324 privilegium
1339 2217 1490 2319 abusa,

307 2353 412 2432 idest
444 2355 608 2459 quando
640 2354 926 2460 privilegiatus
967 2353 1206 2432 abuteretur
1246 2351 1490 2459 privilegio;

302 2486 465 2594 justum
496 2487 623 2588 enim,
657 2496 697 2566 et
727 2511 907 2593 aequum
940 2493 1017 2584 est,
1053 2496 1098 2565 ut
1119 2485 1335 2592 privilegio
1358 2485 1491 2592 prive-

306 2627 388 2718 tur,
424 2621 494 2727 qui
526 2621 596 2699 illo
632 2621 832 2719 abutitur,
868 2619 929 2698 vel
961 2618 1191 2698 occaedendo
1218 2621 1332 2725 fines
1357 2619 1490 2729 prici-

307 2751 418 2860 lepil,
454 2753 515 2831 ael
543 2751 737 2833 samanclc
765 2778 819 2830 ea·
841 2751 912 2830 lllo
934 2755 1189 2832 occasionem
1211 2753 1379 2833 libertas
1394 2781 1493 2864 pec-

307 2885 444 2982 candi,
486 2887 547 2965 eal
592 2893 736 2966 eontra
773 2888 989 2996 pricllepli
1028 2889 1162 2992 finem
1208 2887 1381 2995 agenda.
1430 2889 1492 2968 Ita

311 3019 417 3098 Can.
454 3023 498 3118 7,
533 3021 602 3100 adl
631 3019 673 3102 el.
710 3024 795 3121 74,
831 3049 866 3102 e.
904 3025 962 3102 18
1004 3021 1053 3100 de
1092 3022 1241 3130 'Repal
1278 3048 1313 3101 c.
1350 3025 1413 3102 24
1444 3021 1484 3100 h.

305 3158 336 3234 l.
370 3162 445 3236 etc.
471 3155 542 3234 Sic
562 3180 626 3234 aa.
655 3182 718 3260 gr.
745 3155 1033 3235 beneficiarius
1060 3157 1221 3235 ratione
1252 3156 1488 3234 studiorum

306 3283 473 3385 absens
507 3287 542 3368 si
575 3290 712 3369 studio
742 3287 1033 3395 praetermisso
1075 3301 1264 3394 vagetur,
1306 3287 1485 3395 justum,

305 3425 346 3498 et
375 3446 555 3526 aequum
587 3428 662 3518 est,
700 3430 745 3502 ut
775 3421 990 3529 privilegio
1022 3421 1222 3528 privetur.

395 3557 456 3631 5.⁰
486 3553 767 3659 Extinguitur,
802 3564 842 3634 et
866 3565 1002 3633 cessat
1023 3553 1288 3661 privilegium
1311 3560 1491 3633 cessante

305 3709 433 3764 caasa
458 3686 604 3790 finali,
638 3713 713 3766 seu
745 3687 894 3767 melius
917 3689 1138 3768 immutata
1155 3713 1288 3792 causa
1309 3685 1417 3766 finali
1443 3685 1483 3762 in

303 3819 572 3920 contrarium,
607 3820 740 3900 itaut
770 3849 875 3900 usus
907 3821 1111 3928 privilegii
1143 3809 1322 3900 illicitus
1343 3817 1487 3900 evadat

302 3953 353 4032 ad
386 3953 595 4033 tramitem
633 3955 736 4062 Cap.
774 3958 833 4033 60
866 3953 915 4033 de
946 3954 1156 4064 Appellat.
1202 3954 1361 4033 Verum
1398 3951 1491 4030 ani·

300 4087 662 4187 madvertendum',
696 4096 737 4167 at
778 4087 1014 4167 faciendum
1055 4097 1118 4167 est
1158 4087 1225 4167 hic
1266 4086 1486 4167 discrimen

303 4219 366 4300 1.⁰
395 4229 536 4300 utrum
566 4246 697 4300 causa
729 4230 863 4301 cesset
893 4232 986 4302 ante
1018 4221 1221 4302 actualem
1253 4220 1487 4301 concessio-

300 4377 414 4452 nem,
447 4353 603 4435 ve12.⁰
635 4365 769 4435 stante
801 4383 931 4436 causa
962 4355 1223 4462 privilegium
1245 4355 1367 4436 unico
1390 4365 1486 4433 actu

299 4485 492 4593 perfecte,
528 4493 568 4566 et
598 4487 756 4593 integre
795 4497 1087 4570 consumatum
1133 4501 1210 4571 est.
1259 4489 1304 4568 In
1350 4487 1489 4596 primo
