3178 5134
288 378 359 442 214
581 389 873 441 ranunncrronus
895 389 987 438 rums
1014 387 1180 438 canonici

295 519 585 628 cognationem
615 516 873 625 spiritualem
894 515 999 596 inter
1018 514 1310 623 suscipientem
1331 523 1370 595 et
1391 540 1468 622 pa·

201 661 207 674 '
298 664 404 736 trem
422 679 470 734 ac
486 661 657 734 matrem
680 651 860 758 suscepti
881 648 1029 730 habeat
1049 648 1184 729 locum
1202 649 1243 728 in
1260 647 1465 756 baptismo

293 787 388 870 sine
403 784 733 866 solemnitatibus
743 783 796 864 ob
812 782 1094 864 necessitatem
1112 780 1222 865 dorni
1238 786 1461 890 sequutot»

294 921 343 1002 S.
364 919 637 1027 Congregatio
653 917 1171 1026 rensponditaffirmntice.
1206 915 1306 996 Post
1337 942 1464 1023 quam

292 1035 523 1135 soleinnem
545 1061 584 1133 et
604 1051 871 1132 doctrinalem
893 1049 1266 1156 interpretationem
1288 1048 1466 1129 authen-

293 1179 420 1268 ticam
449 1184 677 1267 contrariae
716 1183 942 1266 sententiae
982 1183 1152 1291 quaevis
1193 1182 1465 1290 probabilitas

299 1319 448 1417 deficit.
469 1318 660 1399 Refertur
681 1326 791 1399 totus
812 1343 1030 1424 processus
1051 1316 1270 1398 decisionis
1291 1315 1333 1395 in
1349 1317 1469 1397 Ana·

297 1455 403 1534 lecta
423 1455 540 1535 Jnrr‘s
561 1453 782 1560 Pontt'ficir'
800 1454 904 1532 serie
924 1452 1029 1533 VIII
1034 1451 1128 1560 sas.
1155 1451 1211 1530 72
1224 1477 1324 1560 pap.
1354 1450 1469 1531 1708.

295 1595 338 1668 et
367 1613 476 1695 seqq.
1352 1681 1355 1688 .

417 1723 477 1801 6.⁰
509 1721 686 1800 Demum
717 1719 929 1828 quaeritur
963 1717 1130 1827 quinam
1171 1717 1474 1825 prohibeantur

295 1881 390 1934 esse
422 1853 586 1962 patrini.
611 1853 664 1933 Et
684 1851 902 1934 dicendum
933 1859 995 1932 est
1024 1849 1230 1931 neminem
1255 1851 1384 1931 arceri
1414 1877 1469 1932 ex

299 1985 505 2086 fidelibus,
525 1984 603 2065 nisi
622 2009 816 2093 expresse
837 2008 862 2062 a
877 1983 970 2090 jure
991 1981 1270 2090 prohibeatur,
1294 1982 1473 2090 proinde

298 2145 430 2228 neque
448 2146 549 2226 puer
564 2125 740 2218 arcetur,
759 2116 838 2197 nisi
860 2116 913 2196 sit
929 2115 1099 2198 rationis
1121 2143 1202 2196 usu
1223 2114 1466 2216 destitutus,

294 2261 340 2334 et
370 2279 500 2360 neque
531 2251 710 2334 foemina
739 2259 914 2350 arcetur,
939 2249 1014 2330 etsi
1045 2250 1193 2331 decens
1217 2249 1271 2330 sit
1301 2257 1345 2330 ut
1376 2249 1471 2331 viro

300 2386 363 2466 vir
383 2385 569 2494 patrinus
590 2393 629 2466 et
651 2384 829 2466 foemina
860 2385 1059 2466 foeminae
1083 2383 1357 2466 constituatur
1376 2411 1472 2468 ma-

299 2519 423 2600 trina.
449 2517 654 2626 Expressa
675 2525 813 2599 autem
840 2517 1005 2626 qnidam
1027 2543 1051 2597 a
1067 2516 1159 2624 jure
1179 2516 1468 2624 prohibentur,

294 2659 339 2734 ct
363 2651 433 2758 jus
463 2659 526 2732 est
555 2649 618 2731 vel
659 2651 847 2760 generale
878 2650 940 2732 vel
980 2651 1241 2758 particulare.
1275 2651 1337 2732 De
1371 2653 1471 2760 juro

298 2786 478 2892 generali
509 2785 788 2894 probibentur:
812 2833 832 2846 -
856 2789 912 2866 l.⁰
934 2785 1277 2867 excommunicati
1309 2786 1470 2870 vitandi

294 2945 459 3026 arpent.
481 2944 572 2998 een.
593 2919 647 2997 29
665 2927 701 2998 ct
720 2921 773 3000 34
790 2945 936 2999 eaesae
956 2922 1001 2998 ll
1022 2926 1174 3027 quaest.
1198 2920 1222 2998 3
1240 2927 1279 2998 et
1296 2946 1388 3030 cap.
1415 2925 1470 3002 16

299 3059 340 3131 et
370 3077 459 3161 cap.
490 3053 545 3132 29
577 3051 626 3130 de
654 3060 754 3132 sent.
789 3079 1041 3151 eoeeommun.
1064 3050 1378 3152 -2.⁰1nfames,
1415 3081 1471 3133 ne

297 3186 436 3292 potius
472 3183 765 3292 baptizandum
801 3193 1055 3293 pervertant,
1103 3193 1148 3266 ut
1187 3193 1469 3278 tenenteum

292 3319 505 3400 communi
549 3319 732 3401 Sanchez
773 3319 822 3400 de
860 3322 1041 3401 matrim.
1088 3319 1157 3398 lib.
1202 3320 1228 3399 7
1269 3319 1364 3400 dist.
1408 3319 1469 3402 70

294 3479 407 3533 nam.
442 3457 469 3532 2
506 3453 655 3561 aliique
695 3454 906 3534 Doctores,
940 3499 960 3514 -
992 3457 1050 3534 3.⁰
1081 3451 1279 3560 Religiosi
1319 3479 1470 3535 omnes

299 3587 513 3693 utriusque
553 3615 680 3668 sexus
720 3615 771 3668 ex
802 3617 892 3669 ean.
928 3591 982 3670 20
1015 3613 1125 3668 cous.
1166 3589 1215 3668 18
1247 3595 1403 3695 quaest.
1442 3593 1469 3669 2

293 3723 338 3796 et
355 3742 446 3796 can.
471 3721 550 3798 103
572 3719 621 3798 de
642 3729 862 3802 consecrat.
887 3720 981 3801 dist.
1004 3725 1031 3800 4
1052 3749 1099 3800 ac
1120 3748 1210 3802 can.
1232 3725 1256 3800 8
1274 3747 1386 3802 cens.
1413 3725 1465 3802 lo

291 3859 452 3958 quaeat.
483 3855 500 3930 l
535 3879 586 3932 ne
617 3862 827 3960 praetextu
859 3855 1115 3961 cognationis
1144 3852 1372 3962 spiritualis
1403 3856 1472 3934 ni-

296 3984 425 4086 miam
457 3983 773 4068 familiaritatem
800 3989 1041 4070 contrahant
1061 4015 1156 4069 oum
1177 3989 1467 4070 saecularibus

294 4117 536 4224 praesertim
573 4118 777 4202 foeminis.
811 4166 831 4180 -
861 4127 921 4202 4⁰
951 4123 1190 4228 Ignorantes
1230 4121 1467 4202 rudimenta

295 4251 405 4353 fidei,
430 4261 637 4360 nequeunt
667 4255 775 4335 enim
810 4257 970 4336 muneri
991 4256 1071 4335 sibi
1092 4254 1313 4336 commisso
1338 4255 1465 4336 satis-

298 4385 447 4490 facere,
482 4413 627 4496 nempe
664 4389 824 4470 erudire
856 4389 1004 4471 infide
1035 4390 1229 4472 levatum.
1263 4435 1283 4450 -
1321 4393 1380 4470 5.⁰
1400 4389 1466 4469 De
