3356 5118
522 341 623 389 urano
646 343 678 387 v.
702 359 745 372 —
770 343 911 389 mucuns
934 344 1045 392 xxm.
1308 323 1375 391 343

197 474 311 559 »est
345 473 422 548 etc.
458 467 614 546 Eadem
645 467 771 547 habet
802 469 845 548 in
877 494 917 550 o.
952 494 1031 548 non
1062 478 1154 550 sunt
1179 469 1377 552 audiendi

199 603 301 680 »56
334 626 461 680 caasa
494 601 547 682 11
579 629 619 709 q.
654 605 742 682 3.»

717 1007 758 1105 ἓ·
795 1002 858 1085 2st

585 1273 651 1352 De
681 1271 832 1352 domno
864 1270 977 1352 doto.

252 1536 429 1616 Nomine
462 1536 608 1618 domni
636 1537 714 1619 hoc
746 1539 837 1620 loco
867 1567 949 1620 non
981 1539 1223 1646 intelligitur
1252 1539 1370 1638 illud,

190 1671 302 1778 quod
335 1670 437 1750 lucri
475 1697 603 1752 causa
645 1672 832 1775 infertur,
865 1675 915 1754 de
947 1701 1028 1781 quo
1065 1672 1201 1779 agitur
1232 1672 1274 1752 in
1304 1674 1368 1753 tit.

191 1804 247 1884 de
276 1805 435 1897 Fortis,
471 1807 520 1884 de
555 1807 821 1917 Raptoribus,
860 1808 977 1888 etde
1013 1809 1157 1890 Usuris
1178 1807 1249 1887 sed
1273 1806 1374 1888 illud

193 1938 319 2037 venit,
354 1945 394 2018 et
413 1937 669 2046 intelligitur,
695 1943 802 2048 quod
825 1941 1116 2022 damnificatus
1147 1940 1302 2046 patitur
1331 1939 1373 2019 in

190 2097 378 2177 corpore,
414 2081 487 2152 aut
517 2075 556 2152 in
589 2061 715 2152 rebus
736 2075 826 2154 suis
847 2075 938 2153 sine
968 2073 1105 2178 aliquo
1137 2072 1370 2172 commodo,

194 2205 258 2284 uel
289 2205 404 2284 lucro
436 2206 567 2312 ipsius
594 2206 916 2308 damnificantiS‚
952 2215 998 2286 ut
1019 2206 1054 2285 si
1078 2206 1171 2312 quis
1202 2204 1373 2284 alterius

191 2339 317 2418 aedes
334 2339 566 2438 incendant,
584 2341 967 2439 animaliaoocidat,
985 2350 1117 2420 vestes
1130 2339 1369 2422 laceretetc.

250 2473 342 2552 Hoc
373 2474 579 2579 posterius
610 2475 803 2554 damna-m
822 2474 915 2580 jure
938 2473 1223 2553 Romanorum
1255 2500 1374 2554 recu·

194 2609 417 2714 parabatur
457 2609 617 2688 actione
656 2609 754 2715 lepis
785 2609 996 2716 Aquiliae.
1030 2608 1253 2715 Propterea
1291 2608 1374 2689 huo

193 2741 397 2847 pertinent
417 2767 467 2819 ea
487 2741 643 2840 omnia,
668 2753 881 2849 quactum
904 2743 1107 2850 perleges
1130 2743 1259 2850 ipsaS,
1283 2749 1373 2822 tum

192 2901 267 2980 per
296 2873 458 2953 illarum
492 2874 733 2980 interpretes
765 2875 900 2955 insius
942 2880 1176 2976 traduntur,
1209 2887 1298 2957 tum
1331 2875 1374 2954 in
1407 2909 1409 2912 ·

193 3008 265 3087 lib.
302 3011 331 3086 4
361 3009 514 3108 Iastia,
539 3017 627 3088 tum
658 3009 700 3087 in
730 3009 970 3109 Pandectis,
994 3019 1085 3090 tum
1116 3010 1158 3088 in
1193 3009 1296 3088 Cocl.
1325 3008 1375 3088 de

193 3143 292 3250 Lep.
327 3143 470 3248 Aquil.
1075 3185 1081 3192 -

252 3275 340 3354 Nos
371 3273 608 3382 hujusmodi
640 3275 781 3356 civiles
817 3275 1108 3383 dispositiones
1148 3273 1226 3354 hac
1256 3274 1298 3352 in
1329 3300 1374 3354 re

190 3410 428 3491 omittentes
449 3437 499 3489 ea
518 3416 678 3491 tantum
703 3411 879 3491 breviter
899 3411 1163 3518 exponimus
1193 3433 1299 3516 quae
1321 3407 1373 3488 ad

187 3545 259 3654 jus
290 3546 368 3626 SS.
404 3546 620 3626 Canonum
652 3545 869 3652 pertinent.

250 3682 441 3790 Disponit
462 3682 599 3789 itaque
617 3682 687 3790 jus
708 3681 964 3762 Canonicum
987 3681 1029 3761 in
1056 3681 1159 3792 Cap.
1181 3681 1255 3763 ult.
1276 3680 1318 3760 h.
1340 3688 1370 3760 t.

192 3817 303 3922 quod
335 3818 488 3896 nedum
521 3817 692 3924 ittaqui
724 3817 818 3896 dolo
849 3817 974 3916 male,
994 3817 1068 3896 sed
1100 3817 1229 3922 etqui
1253 3815 1376 3921 culpa
1528 3887 1529 3892 ,
1630 3807 1649 3824 ”

191 3951 282 4030 sola
303 3950 417 4030 alteri
442 3953 639 4032 damnum
666 3951 817 4052 intulit,
843 3961 1051 4058 praestare
1072 3952 1219 4032 debeat
1250 3951 1373 4029 dam-

193 4085 357 4165 nificato
398 4098 692 4192 congruentem
733 4085 1072 4184 satisfactionem,
1106 4091 1146 4166 et
1180 4109 1376 4191 compen-

192 4221 410 4300 sationem.
446 4221 635 4334 Praestat
662 4219 774 4300 citati
809 4219 965 4328 Capitis
996 4220 1121 4298 verba
1151 4219 1302 4299 reterre
1322 4261 1375 4272 -·-

194 4352 248 4431 ibi
271 4397 323 4408 -
344 4357 393 4436 Si
424 4355 544 4466 culpan
566 4363 638 4436 tuo
659 4355 801 4436 datam
824 4362 881 4436 est
906 4355 1113 4446 damnum,
1134 4353 1196 4434 cel
1218 4353 1377 4461 injuria
