3360 5126
313 405 380 471 234
612 424 883 472 emmennone
907 425 1000 471 cume
1022 422 1179 471 eeaomor

402 550 523 643 Quod
555 551 711 631 dictum
743 560 805 630 est
835 551 885 630 de
916 550 1154 642 mandante,
1181 547 1288 628 idem
1320 546 1405 627 fere
1425 547 1496 628 di-

317 685 492 765 cendum
525 685 574 765 de
605 683 845 764 consulente
871 682 1156 781 homicidium,
1179 680 1335 762 scilicet
1356 680 1498 787 ipsum

319 817 684 926 irregularitatem,
713 816 899 922 aliasque
930 842 1084 923 poenas
1114 814 1322 896 homicidii
1355 814 1498 895 incur-

316 978 419 1048 rere,
456 951 491 1030 si
523 951 741 1034 efficaciter
768 950 916 1051 influit,
942 951 1045 1031 idest
1065 950 1101 1030 si
1124 951 1163 1029 vi
1185 949 1311 1058 hujus
1332 949 1494 1031 consilii

319 1087 421 1166 alter
450 1085 717 1166 homicidium
750 1085 949 1192 injustum
983 1086 1221 1185 committit,¹
1252 1085 1352 1166 illud
1389 1084 1494 1165 alias

319 1247 399 1300 non
440 1220 756 1302 commissurus
801 1221 862 1300 lta
901 1247 953 1300 ex
999 1221 1101 1302 Can.
1146 1221 1384 1332 Perniciose
1412 1223 1492 1311 23,

317 1350 412 1434 diet.
461 1360 485 1434 1
531 1353 581 1434 ote
619 1353 834 1434 Poeniten.
885 1355 989 1436 Con.
1034 1355 1203 1462 Siquis
1239 1352 1406 1435 rideam
1445 1356 1492 1444 8,

319 1485 414 1568 dict.
449 1491 527 1588 50,
564 1536 609 1546 -
645 1487 700 1566 ibi
732 1531 784 1540 —
813 1489 1058 1600 Praecepto,
1093 1499 1131 1570 et
1160 1489 1347 1570 consitio
1388 1488 1492 1597 Cup.

319 1619 433 1700 Sicut
465 1627 494 1700 6
525 1627 567 1723 ἓ.
607 1622 687 1712 Qui
717 1649 826 1714 aero,
861 1631 897 1704 et
920 1625 1004 1730 fin.
1042 1623 1082 1710 h.
1118 1633 1226 1704 t.—
1252 1622 1307 1702 ibi
1331 1623 1497 1712 -Qoi

320 1755 532 1836 consiliam
563 1755 773 1836 dederont.
800 1756 852 1837 Et
872 1757 976 1838 ratio
998 1766 1075 1850 est,
1100 1757 1198 1864 quia
1228 1755 1493 1837 homicidium

319 1881 539 1969 efficaciter
568 1888 804 1989 consulenS,
834 1897 874 1969 et
904 1892 1084 1973 suadens
1118 1917 1215 1971 vera
1236 1891 1345 1971 iltius
1367 1915 1498 1971 causa

319 2021 488 2101 moralis
519 2023 673 2104 existit.
702 2025 763 2103 Ita
795 2031 955 2132 praeter
975 2027 1100 2106 citata
1126 2025 1222 2131 jura
1242 2026 1345 2134 Cap.
1373 2028 1420 2116 2,
1442 2023 1496 2104 de

324 2155 472 2238 Cleric.
500 2185 687 2267 pupncn.
724 2159 765 2238 in
796 2159 930 2240 duello
960 2159 1096 2240 -ibi
1126 2206 1185 2222 —
1214 2157 1499 2242 Homicidium

319 2297 404 2368 torn
416 2289 554 2397 sacto,
574 2317 698 2396 prium
706 2301 943 2402 praecepto,
963 2297 1047 2374 sire
1061 2293 1247 2385 consitio,
1266 2301 1339 2372 orit
1354 2291 1499 2400 desen·

320 2425 433 2501 sione
445 2429 687 2532 perpetrari
701 2452 781 2504 non
801 2433 859 2504 eat
874 2425 1055 2507 dubiem.
1075 2425 1177 2506 Illud
1209 2433 1346 2506 tamen
1362 2453 1497 2508 unum

320 2556 542 2639 discrimen
564 2559 777 2640 intercedit
793 2558 898 2640 inter
918 2560 1199 2659 mandantem,
1218 2567 1259 2642 et
1278 2559 1502 2640 consulen-

320 2698 418 2788 tem,
429 2691 536 2796 quod
550 2690 770 2791 mandans,
786 2699 973 2773 revocato
986 2699 1167 2800 tempore
1180 2691 1269 2774 utili
1282 2693 1496 2794 mandato,

321 2823 665 2928 irregularitatem
698 2851 779 2905 non
809 2824 1008 2927 incurrat,
1033 2827 1242 2908 consulens
1273 2835 1410 2908 autem
1433 2853 1500 2907 re·

318 2963 462 3038 vocato
479 2957 603 3039 etiam
621 2959 793 3039 consilio
809 2959 994 3062 incurrit,
1010 2961 1108 3068 quia
1123 2960 1344 3042 consulens
1361 2959 1500 3042 adhue

321 3097 511 3172 censetur
540 3117 668 3172 causa
698 3093 869 3172 moralis
899 3092 1125 3176 homicidii.

405 3225 486 3306 Sed
518 3225 616 3332 quid
647 3225 867 3307 dicendum
898 3227 948 3307 de
978 3227 1301 3334 cooperantibus
1333 3229 1383 3309 ad
1415 3227 1500 3308 ho-

320 3357 561 3439 micidium?
593 3357 715 3438 Certa
757 3359 899 3464 regula
930 3367 1006 3461 est,
1052 3360 1228 3469 quodsi
1260 3361 1497 3461 efficaciter,

318 3518 367 3574 ae
396 3493 625 3599 propinquo
655 3502 929 3599 cooperantur
959 3495 1011 3574 ad
1042 3493 1329 3594 homicidium,
1363 3493 1418 3574 ita
1449 3501 1500 3576 ut

318 3625 474 3730 absque
505 3651 649 3706 eorum
679 3626 966 3732 cooperatione
998 3627 1099 3708 illud
1132 3653 1214 3707 non
1247 3626 1392 3708 fuisset
1421 3653 1498 3708 se·-

318 3765 510 3862 quutum,
551 3784 706 3867 poenas
748 3759 978 3864 ordinarias
1019 3759 1230 3842 homicidii
1269 3761 1496 3841 incurrent.

320 3889 442 3973 Ratio
460 3901 536 3994 est,
556 3893 654 4000 quia
676 3893 961 3974 universaliter
983 3894 1189 3975 auxilium
1210 3895 1357 3975 efficax
1378 3919 1500 4000 prae-

318 4033 433 4108 stans
455 4027 506 4108 ad
529 4027 723 4108 delictum
755 4027 925 4133 punitur
955 4028 1100 4108 eadem
1132 4054 1278 4134 poena,
1314 4054 1398 4134 qua
1427 4027 1500 4108 de-

319 4157 522 4264 linquenS.
558 4161 666 4240 Hinc
688 4159 886 4268 quidquid
907 4161 961 4240 sit
982 4161 1031 4240 de
1047 4160 1141 4267 jure
1172 4159 1296 4260 civili,
1321 4169 1498 4262 certum,

320 4289 678 4402 indubitatumque
700 4302 762 4374 est
783 4293 833 4373 de
859 4291 952 4399 jure
983 4293 1198 4393 canonicO,
1224 4294 1333 4400 quod
1354 4320 1503 4376 omnes

319 4435 587 4532 cooperantes
617 4427 861 4508 contrahant
893 4425 1261 4535 irrepetcritotem,
1285 4453 1362 4508 ceu
1390 4435 1503 4534 patet

1646 559 1656 644 t
