3136 5138
326 397 389 461 152
610 410 902 462 rmacuorrouas
925 411 1018 463 rums
1042 411 1211 463 cauomcr

333 575 353 614 ι»
373 541 503 621 simae
532 539 717 646 Virginis
747 539 1054 620 matrimonium
1084 567 1180 621 cum
1206 541 1355 622 Sancto
1374 540 1480 621 Jose-

330 707 352 750 a
373 674 453 781 pho
485 675 527 755 in
557 674 657 754 solis
698 673 962 782 sponsalibus
1001 675 1247 775 constitisse,
1283 675 1310 754 ii
1339 682 1478 754 temere

331 841 351 882 a
373 808 556 916 falsoque
587 809 821 916 opinantur,
855 810 994 916 ltaque
1024 834 1098 916 pro
1128 817 1239 889 certo
1268 809 1476 890 tenendum

332 949 447 1042 »est
481 942 627 1049 primo,
662 940 968 1022 matrimonium
1000 941 1105 1022 inter
1126 967 1196 1022 eos
1217 948 1476 1040 contractum,

333 1074 500 1155 »fuisse
530 1100 676 1154 verum
706 1081 746 1154 et
774 1082 926 1155 ratum:
961 1075 1157 1175 secund0,
1201 1073 1477 1156 Beatissimam

273 1281 276 1288 .
331 1207 600 1313 »Virginem
635 1215 854 1314 antequam
886 1232 981 1287 cum
1012 1207 1163 1288 Sancto
1193 1205 1370 1314 Josepho
1398 1231 1478 1286 ma-

327 1375 347 1415 »
368 1341 560 1422 trimonio
591 1340 918 1447 conjungeretur,
954 1349 1096 1420 votum
1117 1341 1283 1448 quidem
1304 1339 1478 1421 emisisse

326 1511 346 1550 a
368 1476 567 1557 castitatis
597 1482 793 1584 perpetuo
823 1475 1065 1576 servandae,
1100 1500 1149 1555 ea
1178 1483 1317 1556 tamen
1351 1474 1477 1555 addita

324 1641 345 1684 a
366 1609 611 1710 conditione,
644 1609 679 1690 si
712 1609 769 1690 ita
798 1607 974 1688 Domino
1005 1607 1243 1716 placuisset;
1278 1634 1374 1688 nam
1406 1608 1476 1688 sub

324 1773 345 1816 a
366 1741 550 1822 mosaica
570 1742 659 1848 lege
680 1741 893 1849 oportebat
913 1741 1166 1849 generationi
1188 1741 1376 1822 insistere
1400 1749 1475 1821 tam

325 1907 344 1946 »
367 1873 575 1974 muliereS,
608 1901 732 1981 quam
762 1874 888 1954 viros:
922 1873 1056 1971 terti0,
1090 1901 1185 1956 cum
1217 1875 1361 1956 eadem
1380 1873 1475 1953 Bea-

327 2005 527 2086 »tissima
557 2005 700 2112 Virg0,
736 2013 831 2087 ante
864 2005 1178 2116 celebrationem
1219 2005 1472 2105 matrimonii,

322 2171 344 2212 s
365 2165 417 2218 ex
448 2139 642 2247 peculiari
675 2139 920 2221 revelatione
941 2140 1219 2241 intellexisset,
1243 2167 1368 2222 suum
1388 2165 1476 2220 con-

323 2305 343 2346 »
364 2273 591 2354 servandae
621 2273 822 2354 castitatis
853 2275 1109 2382 propositum
1149 2275 1312 2357 divinae
1342 2275 1475 2356 volun·
1548 2351 1549 2382 ,

322 2439 342 2476 a
365 2405 460 2486 tatis
492 2431 665 2487 assensu
697 2406 969 2515 comprobari,
1003 2406 1238 2515 hujusmodi
1279 2416 1374 2490 voto
1398 2407 1475 2515 jam

322 2565 408 2620 »se
448 2539 635 2620 absolute
675 2539 960 2622 obstrinxisse:
1006 2549 1165 2648 quarto,
1209 2551 1305 2624 ante
1349 2535 1508 2649 ipsum'

322 2699 526 2782 »quoque
566 2673 891 2774 matrimonium,
934 2673 1021 2760 Deo
1066 2676 1216 2782 pariter
1260 2675 1470 2771 revelante,

321 2841 341 2882 »
362 2806 670 2888 manifestatum
700 2805 972 2887 Beatissimae
1003 2807 1166 2914 Virgini
1197 2808 1327 2890 luisse
1351 2805 1472 2889 simile

320 2939 500 3021 »Sancti
529 2937 696 3046 losephi
726 2939 982 3046 propositum
1012 2942 1061 3022 de
1091 2942 1294 3023 servanda
1324 2941 1365 3022 iu
1394 2964 1473 3020 ma-

321 3072 552 3154 »trimonio
584 3071 844 3178 Virginitate:
878 3073 1067 3181 denique,
1101 3101 1197 3155 cum
1227 3074 1466 3156 Beatissima

319 3207 488 3314 »Virgo
520 3207 778 3313 Sanctusque
807 3206 958 3313 Joseph
988 3207 1031 3286 in
1053 3208 1362 3290 matrimonium
1387 3231 1470 3297 sese
1547 3185 1548 3264 ἶ

319 3341 674 3448 »conjunxerunt
708 3340 865 3422 nullam
895 3341 1063 3422 omnino
1104 3343 1347 3450 apposuisse
1381 3366 1469 3424 con-

316 3506 336 3546 »
358 3473 567 3574 ditionem,
600 3474 721 3582 idque
751 3475 853 3556 satis
884 3481 960 3576 est,
995 3483 1040 3556 ut
1070 3475 1338 3578 affirmemus,
1376 3471 1467 3556 nihil

318 3633 410 3685 »ex
440 3633 487 3686 eo
518 3607 778 3688 matrimonio
809 3607 944 3716 colligi
975 3635 1111 3716 posse,
1135 3611 1244 3717 quod
1265 3609 1466 3692 veritatem

317 3735 468 3816 »illam
509 3746 677 3839 evertat,
716 3740 871 3822 scilicet
910 3741 1070 3822 nullum
1109 3751 1149 3823 et
1187 3743 1347 3824 irritum
1385 3765 1468 3824 esse

317 3901 335 3942 »
357 3869 679 3972 matrimonium,
714 3873 856 3980 inquo
878 3874 1152 3956 contrahendo
1173 3875 1362 3983 adjicitur
1380 3900 1470 3956 con-
1546 3959 1547 3968 ,

313 4033 334 4076 ›
356 4002 454 4083 ditio
484 4004 623 4112 aliqua
652 4005 762 4086 illius
801 4008 1058 4090 substantiae
1100 4011 1317 4092 contraria.
1361 4009 1468 4088 Haec

316 4143 418 4216 »est
447 4137 586 4218 Sancti
617 4139 801 4222 Thomae
832 4141 1015 4222 doctrina
1047 4144 1088 4222 in
1118 4147 1145 4222 4
1174 4153 1273 4225 sent.
1298 4145 1391 4225 dist.
1418 4141 1465 4220 30
1546 4125 1547 4164 ³

316 4277 509 4376 »quaest
541 4273 567 4350 2
598 4279 681 4351 art.
720 4275 737 4352 1
773 4273 843 4354 ud.
878 4276 919 4354 2.
953 4273 1016 4354 En
1047 4275 1136 4383 ejus
1167 4278 1305 4358 verba:
1339 4277 1466 4356 Bruto

313 4443 334 4485 a
359 4405 503 4512 Virgo,
538 4413 755 4512 antequam
785 4407 1039 4489 contraheret
1070 4436 1159 4491 curn
1187 4411 1352 4522 Joscpb,
1379 4407 1466 4518 suit
