3360 5126
325 391 392 458 240
623 409 893 458 aalmacrronns
915 410 1006 458 sums
1029 409 1186 458 canonici

409 541 509 620 Item
542 537 593 617 ab
626 537 934 646 irregularitate
954 545 1052 618 sunt
1074 535 1280 616 immunes
1311 543 1397 618 tam
1418 538 1501 620 cle-

323 672 411 774 rici,
445 697 569 780 quam
601 671 710 772 laici,
743 670 813 780 qui
845 671 887 751 in
919 671 1024 752 bello
1055 669 1263 780 defensieo
1294 671 1422 778 justo,
1459 683 1504 755 et

321 805 555 889 necessario
583 814 814 914 pugnantes
846 803 897 885 ad
929 803 1142 902 ecclesiae,
1167 803 1231 884 vel
1253 804 1408 912 patriae
1429 806 1505 888 de-

321 940 548 1022 fensionem
571 938 749 1046 aliquem
782 937 905 1018 etiam
937 935 1103 1045 propria
1133 963 1260 1018 manu
1288 938 1495 1040 occidunt,

319 1074 383 1154 vel
415 1071 620 1173 mutilant,
654 1099 730 1153 ceu
762 1070 969 1178 colligitur
1002 1097 1053 1150 ex
1090 1071 1194 1182 Cap.
1224 1071 1419 1153 Peruenit
1448 1075 1495 1166 2,

320 1207 369 1289 da
398 1207 652 1288 lmmanitat.
686 1207 865 1298 Erotes..
891 1213 930 1286 et
953 1212 1095 1286 notant
1116 1205 1394 1287 communiter
1413 1205 1497 1286 Do-

319 1349 465 1424 ctores
491 1341 543 1422 Et
563 1340 725 1442 merito,
760 1339 858 1448 quia
887 1337 1070 1420 defensio
1101 1337 1331 1438 Ecclesiae,
1355 1348 1395 1421 et
1415 1339 1497 1420 Pa-

318 1475 419 1556 triae
450 1500 532 1553 non
564 1473 717 1574 minus,
743 1471 825 1553 imo
848 1470 983 1578 magis
1006 1469 1245 1553 favorabilis
1267 1481 1344 1571 est,
1368 1497 1495 1581 quam

316 1606 498 1687 defensio
529 1605 636 1686 vitae
666 1605 871 1712 propriae,
895 1613 967 1686 aut
988 1602 1157 1685 alterins
1188 1630 1388 1711 personae
1408 1605 1494 1711 pri-

318 1748 436 1820 vatae
470 1741 564 1848 Le9.
607 1739 777 1820 Utilitas
807 1741 867 1830 3²,
906 1737 1007 1819 Cod.
1042 1737 1092 1818 de
1120 1737 1362 1849 Principale.
1386 1737 1496 1819 Hinc

316 1872 353 1953 si
386 1873 692 1980 irreynlarituti
731 1869 912 1953 obnoxia
952 1898 1033 1952 non
1074 1882 1136 1952 est
1171 1871 1354 1952 defensio
1386 1871 1495 1952 vitae

316 2007 522 2116 propriae,
557 2014 630 2088 aut
660 2005 853 2105 aliorum,
872 2013 1017 2113 sponte
1039 2002 1165 2085 veluti
1197 2029 1275 2085 sua
1303 2001 1494 2112 sequitur

316 2139 449 2222 eidem
478 2141 784 2250 irregularitati
804 2139 1027 2220 obnoxiam
1050 2164 1131 2219 non
1153 2163 1244 2218 esse
1267 2136 1492 2237 Ecclesiae,

316 2273 379 2354 vel
420 2273 585 2355 Patriae
626 2273 921 2356 defensionem.
966 2275 1027 2354 Ita
1066 2273 1337 2380 Reiffenstuel
1376 2271 1417 2353 li.
1459 2279 1489 2354 t.

314 2435 355 2487 n.
395 2411 501 2493 124.
544 2407 905 2518 Schmalayraeber
945 2405 1033 2486 eod.
1068 2435 1110 2485 n.
1149 2407 1253 2490 127.
1298 2405 1493 2488 Diximus

316 2550 504 2625 notanter
533 2546 762 2626 necessario
786 2547 1030 2652 puqnantca
1065 2539 1166 2648 quia
1188 2539 1220 2619 si
1246 2539 1417 2622 clericus
1439 2543 1492 2622 ad

314 2677 584 2784 pugnandum
617 2673 877 2756 necessarius
898 2701 979 2755 non
1001 2673 1119 2772 foret,
1154 2675 1225 2755 sed
1257 2674 1494 2756 sufficerent

313 2809 423 2907 laici,
458 2818 555 2889 tunc
586 2809 728 2916 proenl
760 2807 884 2889 dubio
916 2807 1161 2916 irregularis
1190 2808 1321 2909 fieret,
1341 2809 1377 2889 si
1398 2837 1495 2918 pro-

313 2942 403 3050 pria
433 2967 560 3022 manu
592 2941 770 3050 aliquem
811 2942 1033 3040 occideret,
1073 2941 1137 3022 vel
1168 2943 1392 3026 mutilaret.
1427 2947 1491 3026 Ad

313 3103 397 3157 rem
431 3076 680 3158 Benedictus
710 3076 809 3156 XIV
840 3077 941 3158 Inst.
977 3079 1085 3169 104,
1119 3105 1159 3157 n.
1196 3084 1241 3171 9,
1271 3121 1323 3132 -
1353 3077 1409 3158 ibi
1444 3125 1489 3135 —

316 3209 461 3290 <Cum
494 3210 647 3291 bellum
684 3210 845 3318 justum
887 3211 937 3290 ad
978 3209 1283 3292 defendendam
1315 3210 1492 3319 patriam

316 3341 666 3454 ›Ecclesiamque¹
696 3343 936 3453 suscipitur,
981 3343 1128 3444 laicae,
1162 3344 1235 3452 qui
1268 3345 1493 3452 pugnando

317 3511 334 3554 >
355 3479 494 3560 hostes
526 3477 733 3579 interficit,
758 3477 871 3559 nulla
897 3475 1196 3586 irregularitate
1242 3477 1486 3559 devincitur.

315 3611 463 3692 »Idem
495 3593 667 3720 prorsus
699 3613 750 3692 de
781 3611 927 3693 clerico
964 3611 1246 3713 statuendum,
1280 3611 1315 3692 si
1342 3611 1490 3718 jussus

314 3745 508 3825 »bellum
541 3745 666 3844 ineat,
701 3771 775 3826 nec
815 3745 907 3828 laici
939 3744 1151 3826 sufficiant
1191 3772 1264 3854 pro
1304 3741 1490 3825 Ecclesia

314 3882 507 3962 »tuenda
538 3879 602 3962 vel
634 3881 834 3962 Patria».
