3380 5132
374 365 445 430 314
667 379 958 428 ranucucrrouns
980 379 1073 428 rums
1098 375 1266 430 cruorum

388 543 409 584 .»
429 510 552 610 tando
579 508 811 588 incitemus
837 509 1047 601 Quantum
1078 507 1334 588 contentione
1365 511 1544 617 assequi,

392 651 632 749 »quantum
662 640 904 720 auctoritate
947 641 1130 748 potestis,
1165 641 1256 722 date
1287 667 1469 746 operam,
1504 653 1550 723 ut

392 809 410 850 >›
431 774 540 883 apud
571 781 711 880 gentes
732 774 834 856 ¹fidei
858 775 1028 856 Vestrae
1059 774 1366 854 commendatas
1391 774 1552 882 integra

393 941 410 982 »
432 915 552 1014 atque
574 907 808 1013 incorrupta
828 907 1013 987 doctrina
1032 908 1270 1006 retineatur,
1294 934 1417 1014 quam
1435 907 1553 988 Chri-

394 1047 523 1122 »stus
544 1039 746 1119 Dominus
777 1047 816 1120 et
846 1039 1032 1124 caelestis
1057 1040 1280 1120 voluntatis
1312 1040 1552 1148 interpretes
1645 1126 1649 1142 ,

394 1206 412 1244 »
432 1172 620 1280 Apostoli
641 1171 908 1273 tradiderunt,
927 1197 1132 1280 quamque
1148 1172 1332 1253 Ecclesia
1352 1173 1553 1254 catholica

392 1340 413 1377 »
433 1305 623 1410 religiose
655 1305 745 1412 ipsa
773 1305 966 1404 servavit,
991 1313 1030 1385 et
1052 1331 1076 1382 a
1098 1305 1439 1386 Christifidelibus
1464 1333 1552 1386 ser-

397 1473 413 1512 »
435 1439 521 1518 vari
543 1465 616 1546 per
635 1465 779 1520 omnes
800 1447 955 1518 aetates
970 1439 1110 1545 jussit.
1125 1483 1144 1498 -
1160 1439 1409 1547 Praecipuas
1430 1466 1553 1520 curas

392 1607 414 1646 s
435 1572 476 1652 in
508 1573 548 1652 id
578 1571 786 1669 insumite,
823 1579 866 1651 ut
897 1571 1036 1678 populi
1078 1571 1287 1652 abundent
1326 1571 1554 1679 praeceptis

396 1703 658 1811 »sapientiae
694 1703 953 1804 christianae,
987 1730 1229 1811 semperque
1269 1703 1468 1783 memoria
1496 1714 1555 1784 te-

392 1877 413 1915 »
436 1847 557 1920 neant
579 1838 886 1919 matrimonium
908 1863 990 1918 non
1005 1837 1214 1918 voluntate
1235 1837 1464 1939 hominum,
1484 1840 1555 1919 sed

397 2008 415 2048 »
436 1973 676 2054 auctoritate
698 1979 882 2078 nutuque
900 1969 974 2050 Dei
993 1970 1119 2051 fuisse
1136 1969 1250 2050 initio
1267 1972 1551 2070 constitutum,

398 2145 414 2182 »
436 2117 475 2190 et
495 2107 571 2188 hac
591 2107 679 2212 lege
700 2132 871 2214 prorsus
892 2115 938 2186 ut
957 2106 1011 2186 sit
1041 2105 1166 2185 unius
1197 2105 1248 2184 ad
1276 2131 1415 2185 unam:
1441 2103 1557 2184 Oini-

394 2249 547 2322 »stum
578 2266 674 2320 vero
706 2238 799 2319 novi
826 2237 1018 2318 Foederis
1050 2245 1258 2317 auctorem
1289 2235 1388 2316 illud
1420 2235 1555 2344 ipsum

397 2407 416 2446 s
438 2400 489 2452 er
519 2372 653 2452 officio
689 2379 861 2450 naturae
901 2369 942 2448 in
974 2369 1240 2449 Sacramenta
1279 2367 1552 2468 transtulisse,

398 2539 418 2580 Ὶ,ι
438 2513 477 2586 et
497 2507 605 2612 quod
637 2505 688 2584 ad
710 2503 919 2584 vinculum
946 2512 1118 2611 spectat,
1144 2503 1354 2610 legiferam
1385 2507 1425 2584 et
1449 2503 1558 2610 judi-

399 2675 418 2714 »
438 2639 584 2720 cialem
620 2637 828 2718 Ecclesiae
868 2663 969 2718 suaa
1010 2638 1257 2718 adtribuisse
1297 2645 1554 2745 potestatem.

401 2772 530 2864 »Quo
562 2773 603 2850 in
634 2798 781 2878 genere
812 2771 1038 2852 cavendum
1072 2797 1320 2878 magnopere
1343 2781 1417 2870 est,
1445 2799 1495 2852 ne
1517 2771 1559 2851 in

276 2940 279 2949 ·
400 2893 619 2986 »errorem
650 2914 807 2986 mentes
837 2905 1084 2986 inducantur
1105 2932 1130 2984 a
1151 2905 1365 2986 fallacibus
1396 2905 1563 2987 conclu·

401 3075 418 3115 »
440 3040 628 3119 sionibus
650 3039 995 3139 adversariorum,
1015 3039 1083 3145 qui
1100 3039 1301 3146 ejusmodi
1318 3047 1560 3146 potestatem

401 3307 699 3414 »exploratum
738 3333 828 3386 esse
868 3306 1000 3406 debet,
1034 3304 1069 3384 si
1101 3331 1183 3411 qua
1222 3305 1455 3412 conjunctio
1486 3305 1561 3383 viri

402 3173 673 3279 »ademptam
698 3171 905 3252 Ecclesiae
929 3171 1088 3252 vellent.
1108 3171 1340 3252 -Similiter
1369 3171 1562 3253 omnibus

403 3475 419 3512 »
441 3448 480 3520 et
500 3439 686 3518 mulieris
702 3439 808 3519 inter
823 3437 1113 3520 Christifideles
1130 3439 1232 3519 citra
1247 3440 1562 3520 Sacramentum
1656 3539 1657 3548 ,

401 3606 420 3644 >
441 3572 719 3672 contrahatur,
744 3598 836 3653 eam
857 3572 896 3649 vi
928 3599 976 3652 ac
1006 3572 1162 3652 ratione
1189 3572 1290 3678 justi
1313 3571 1559 3652 matrimonii
1656 3569 1657 3622 ἑ

402 3739 421 3778 »
443 3733 597 3806 carere3
627 3713 665 3786 et
697 3707 886 3813 quamvis
916 3707 1203 3788 convenienter
1233 3705 1394 3813 legibus
1424 3705 1564 3786 civicis

405 3839 553 3920 »facta
582 3840 647 3938 sit,
684 3847 822 3922 tamen
851 3840 982 3947 pluris
1017 3867 1107 3922 esse
1148 3867 1229 3921 non
1271 3867 1409 3949 posse,
1444 3865 1568 3947 quam

289 4073 292 4080 Ι
405 3972 568 4052 »ritum
600 3979 672 4054 aut
703 3997 874 4073 morem,
894 3973 986 4080 jure
1017 3971 1125 4054 civili
1158 3971 1456 4072 introductum;
1475 3971 1568 4078 jure
1655 4019 1656 4064 2

405 4139 422 4180 >
444 4112 582 4185 autem
609 4105 716 4186 civili
748 4131 813 4185 res
835 4105 1119 4186 tantummodo
1141 4105 1322 4186 ordinari
1354 4114 1477 4213 atque
1498 4103 1571 4186 ad-

403 4239 666 4320 »ministrari
699 4267 834 4347 posse,
868 4266 970 4348 quas
1008 4239 1271 4321 matrimonia
1312 4240 1487 4320 efferunt
1517 4263 1568 4318 ex

404 4397 533 4452 »sese
564 4371 605 4451 in
637 4399 784 4479 genere
815 4372 938 4472 civili,
973 4379 1012 4452 et
1042 4398 1146 4480 quas
1182 4371 1293 4480 gigni
1334 4398 1414 4453 non
1447 4395 1567 4480 posse
1654 4433 1655 4488 3
