3360 5126
506 353 607 400 amue
629 353 661 400 v.
687 371 727 380 -
751 353 890 400 amanus
913 353 980 400 xiv.
1265 331 1334 398 253

158 487 428 588 provocantes
460 487 580 588 atque
611 486 876 586 cooperantes
911 479 1328 561 excommunicationi

156 614 294 720 Papae
327 619 558 694 reservatae
589 610 778 719 subjecit,
815 639 889 692 nec
921 639 1000 692 non
1043 611 1237 696 infamiae
1264 613 1333 721 ju-

157 749 229 847 ris,
263 755 302 827 et
332 747 546 855 privationi
580 723 893 828 Ecclesiasticae
914 747 1168 856 sepulturae,
1193 747 1332 830 decer-2

157 907 259 960 nens
290 881 380 961 loca
410 881 500 988 ipsa
530 880 766 961 certaminis
792 879 1005 962 interdicto
1028 881 1202 962 Summo
1223 881 1338 962 Pon-

156 1013 254 1094 tifici
286 1022 494 1096 reservato
525 1014 633 1095 illico
665 1013 860 1122 supponi.

214 1147 398 1229 Tandem
430 1148 604 1228 accessit
634 1155 673 1228 et
703 1146 941 1228 constitutio
972 1148 1181 1230 Benedicti
1213 1148 1330 1248 XIV,

159 1308 264 1389 quae
295 1282 438 1389 incipit
466 1325 526 1348 --
554 1277 842 1363 Detestabitem
862 1281 931 1363 IV
949 1282 1038 1363 ictus
1058 1281 1167 1363 Noe.
1194 1283 1330 1383 1752,

158 1414 200 1495 in
237 1442 320 1522 qua
359 1415 460 1496 haec
504 1424 773 1498 statuuntur:
814 1419 872 1497 l.⁰
918 1416 987 1523 qui
1033 1417 1247 1498 decertans
1294 1417 1337 1496 in

159 1548 293 1629 duello
323 1548 532 1630 hominem
554 1549 798 1630 interfecerit
819 1549 906 1630 sive
928 1551 970 1629 in
992 1549 1082 1631 loco
1104 1549 1332 1650 conflictus,

159 1681 246 1762 sive
277 1689 394 1764 extra
424 1683 560 1763 locum
592 1691 782 1764 mortuus
815 1683 937 1765 fuerit
967 1711 1018 1764 ex
1056 1685 1225 1765 vulnere
1266 1711 1334 1764 ac-

160 1825 275 1924 cepto
306 1817 347 1898 in
379 1815 515 1898 duello
546 1815 697 1925 privari
726 1818 819 1924 jure
850 1817 940 1897 asili
973 1818 1095 1899 sacri.
1130 1819 1192 1899 2.⁰
1223 1817 1334 1899 Poe-

155 1977 255 2030 nam
288 1951 530 2060 privationis
560 1951 797 2060 sepulturae
828 1951 1140 2034 Ecclesiasticae
1181 1979 1206 2032 a
1246 1951 1339 2031 Tri-

160 2084 328 2165 dentino
360 2083 553 2166 inflictam
586 2085 739 2166 incurri
777 2083 901 2164 etiam
948 2095 1043 2166 aute
1087 2085 1335 2166 sententiam

156 2215 323 2324 judicis,
361 2219 421 2296 3.⁰
450 2217 568 2296 Hane
600 2241 773 2322 poenam
806 2217 958 2298 incurri
990 2217 1112 2298 etiam
1155 2219 1206 2296 ab
1249 2216 1334 2316 illo,

161 2349 313 2458 quiex
346 2349 515 2430 vulnere
556 2359 722 2456 accepto
769 2350 809 2430 in
854 2351 991 2431 duello
1037 2360 1155 2431 extra
1199 2351 1339 2432 locum

161 2484 375 2566 conflictus
408 2483 596 2583 moritur,
632 2483 791 2564 etiarnsi
825 2483 996 2565 indubia
1025 2484 1181 2565 dederit
1216 2483 1337 2591 signa

162 2619 450 2728 poenitentiae,
484 2625 524 2700 et
550 2617 849 2699 absolutionem
872 2647 897 2700 a
917 2617 1111 2727 peccatu,
1136 2627 1176 2699 et
1197 2647 1222 2699 a
1242 2645 1338 2699 cen-

161 2754 272 2835 suris
304 2753 355 2834 ab
386 2749 572 2834 Ecclesia
602 2752 842 2833 obtinuerit.

220 2888 297 2968 His
328 2887 522 2967 omnibus
554 2885 776 2967 novissime
820 2887 992 2967 accessit
1022 2897 1061 2967 et
1092 2887 1340 2970 Constitutio

161 3067 219 3088 -
250 3021 509 3132 Apostotieae
538 3019 672 3120 Sedis,
708 3019 776 3100 ubi
812 3020 915 3100 inter
945 3021 1339 3103 excommunicatio-

163 3181 236 3236 nes
265 3152 372 3235 latae
402 3153 628 3234 sententiae
660 3151 852 3233 Romano
884 3153 1071 3233 Pontifici
1096 3153 1338 3260 simpliciter

164 3297 393 3371 reservatas
409 3297 660 3386 recensetur,
681 3297 720 3367 ct
736 3287 1107 3368 excommunicatio
1128 3298 1340 3369 contra-

163 3423 356 3504 Duettum
389 3429 689 3533 perpetrantes,
734 3428 807 3502 aut
844 3419 1087 3530 simpliciter
1134 3418 1191 3499 ad
1237 3421 1342 3500 ittuot

158 3563 440 3668 prouocantes,
476 3555 537 3636 oet
578 3557 708 3666 ipsam
750 3559 1022 3664 acceptantes,
1067 3561 1103 3634 et
1143 3552 1338 3661 quoslibet

164 3689 391 3800 complices,
426 3689 490 3770 eet
519 3689 850 3798 qualemcumque
881 3713 1048 3799 operam
1071 3687 1339 3796 oetsuoorem

156 3827 412 3937 praetentae,
446 3852 599 3906 necnon
620 3823 669 3905 de
686 3824 893 3906 industria
912 3828 1135 3932 spectantes
1157 3821 1344 3928 illudque

157 3961 450 4068 permittentes,
485 3958 546 4040 oet
576 3967 771 4067 quantam
805 3959 847 4036 in
879 3955 963 4036 are
994 3961 1052 4034 est
1083 3980 1163 4033 non
1191 3955 1343 4063 protri-

164 4093 311 4192 tentes,
345 4093 626 4201 cujuscumque
656 4093 870 4201 dipnitatr‘a
899 4093 981 4172 sint
1012 4087 1136 4167 etiam
1167 4087 1334 4197 repetis,

165 4227 226 4307 eet
257 4227 500 4338 imperialis.

173 4353 174 4358 ‘
252 4361 361 4454 Quid
393 4388 489 4444 vero
520 4361 755 4471 requiratur
785 4369 830 4443 ut
854 4357 1133 4470 supradictas
1154 4355 1346 4440 duellan-
