3136 5138
430 451 536 501 araca
557 451 602 500 rv.
628 467 647 484 -
670 451 808 503 rrrunus
830 453 863 501 v.
1170 440 1237 503 149

96 577 241 686 ejusque
271 577 426 658 exitum
458 579 705 660 attendendi.
740 577 882 688 Neque
903 607 997 660 cum
1020 580 1228 663 verificata

95 721 143 792 est
159 709 326 794 conditio
348 719 410 792 est
431 713 708 794 necessarium
730 713 839 821 quod
854 715 1063 822 sponsalia
1085 741 1110 794 a
1130 741 1228 794 con-

96 843 322 925 trahentibus
352 845 643 926 confirmentur
672 853 717 926 ut
749 847 925 946 valcant;
944 847 1096 927 sufficit
1117 847 1227 927 enim

97 978 371 1084 perseverantia
409 978 564 1086 antiqui
606 1005 846 1080 consensus
890 981 959 1087 qui
1007 980 1231 1088 adimpleta

96 1111 297 1192 conditione
327 1137 378 1191 ex
408 1111 668 1192 conditionali
699 1111 871 1193 vertitur
901 1113 942 1191 in
973 1113 1227 1193 absolutum.

98 1244 133 1324 Si
157 1245 240 1352 quis
268 1271 364 1326 vero
395 1271 420 1324 a
439 1245 700 1351 sponsalibus
721 1247 883 1327 recedat
904 1255 998 1326 ante
1020 1246 1229 1354 impletam

98 1376 356 1477 conditionem,
390 1376 569 1484 profecto
599 1377 665 1458 hic
694 1379 896 1460 sustinere
925 1386 1059 1486 potest
1082 1403 1231 1459 senon
1306 1409 1309 1414 ¹

98 1511 326 1590 contraxisse
357 1510 566 1618 sponsalia
594 1511 744 1611 valida,
769 1512 866 1619 quia
885 1513 1069 1592 nondum
1090 1538 1139 1592 ea
1159 1538 1233 1592 na-

99 1653 155 1724 cta
177 1653 283 1726 erant
314 1644 562 1726 validitatem
594 1671 674 1725 non
705 1645 867 1752 expleta
886 1645 1130 1727 conditione.
1154 1647 1235 1725 At·

100 1803 168 1882 que
188 1777 289 1859 hunc
320 1805 463 1859 casum
493 1778 715 1886 respiciunt
744 1805 887 1859 omnes
928 1779 1126 1884 allegatae
1157 1805 1234 1860 au-

97 1911 278 1994 ctoritates
309 1939 361 1994 ex
391 1911 666 1994 decisionibus
695 1911 827 1993 Rotae
858 1911 1072 1992 Romanae
1111 1921 1150 1993 et
1181 1914 1226 1994 S.

97 2042 409 2153 Congregationis
440 2045 608 2126 Concilii
640 2045 774 2127 citatis
805 2072 830 2126 a
859 2045 1232 2152 Schmalzgrueber

96 2177 129 2259 b.
158 2187 182 2259 t.
213 2209 320 2262 num.
357 2183 406 2260 81
441 2188 477 2260 et
506 2207 613 2289 seqq.
649 2187 689 2260 et
718 2205 743 2259 a
773 2181 887 2288 Gury
917 2205 1012 2261 cum
1033 2179 1228 2259 Ballerini

94 2314 147 2392 Dc
171 2315 423 2394 matrimonio
454 2343 563 2394 num.
589 2315 672 2394 725
695 2341 836 2421 quaer.
861 2317 889 2393 4
910 2321 1007 2393 nota
1027 2315 1111 2417 (a),
1135 2339 1231 2421 pro·

95 2446 172 2527 inde
197 2474 277 2528 non
308 2449 542 2549 ostendunt,
576 2448 683 2556 quod
715 2448 766 2527 ab
797 2447 1069 2554 allegantibus
1101 2447 1233 2528 inten-

93 2580 197 2662 ditur.

191 2713 249 2796 5.⁰
280 2714 325 2794 Si
342 2715 508 2795 demum
525 2714 777 2795 conditiones
794 2714 1005 2822 appositae
1021 2722 1119 2795 sunt
1136 2741 1233 2796 con·

92 2857 144 2926 tra
170 2847 439 2929 substantiam
470 2847 534 2927 vel
564 2849 673 2928 bona
692 2848 957 2948 matrimonii,
982 2849 1234 2929 censendum

93 2989 215 3062 estex
246 3010 336 3093 cap.
367 2985 391 3063 7
423 2983 464 3064 b.
500 2991 548 3082 t.,
582 2984 690 3090 quod
711 2983 1021 3090 qualiscumque
1042 2982 1096 3062 sit
1117 2982 1232 3061 favor

94 3117 337 3214 matrimonii,
370 3115 471 3195 illud
501 3123 638 3196 tamen
668 3114 826 3195 nullum
858 3116 1024 3196 omnino
1045 3115 1231 3195 reddant.

91 3245 192 3337 Quod
221 3247 473 3355 intelligitur,
508 3273 603 3328 cum
633 3246 726 3327 talis
756 3245 934 3328 conditio
966 3246 1154 3354 apposita
1178 3245 1234 3326 sit

93 3380 133 3459 ab
160 3383 359 3462 ambobus
390 3379 740 3480 contrahentibus3
774 3381 809 3460 si
836 3380 945 3460 enirn
966 3380 1017 3458 ab
1040 3405 1122 3459 uno
1143 3386 1236 3459 tan-

93 3521 166 3596 tum
195 3515 316 3596 luerit
347 3514 504 3623 adjecta
525 3514 650 3596 altero
673 3511 971 3596 contradicente
992 3521 1067 3593 aut
1087 3513 1234 3594 saltem

92 3655 246 3749 tacente,
279 3649 586 3730 matrimonium
617 3647 740 3748 valet,
759 3674 855 3728 curn
876 3654 1093 3727 censeatur
1113 3647 1165 3725 ab
1187 3672 1239 3726 ea

90 3783 303 3866 conditione
334 3782 553 3864 recessisse
584 3781 717 3889 posita
737 3779 1056 3861 contradictione
1082 3789 1155 3861 aut
1175 3789 1236 3862 la-

90 3916 307 3999 citurnitatc
324 3917 508 4015 alterius,
527 3924 648 4024 atque
670 3913 978 3996 matrimonium
999 3914 1239 4022 simpliciter

91 4049 141 4130 vel
178 4051 365 4133 absolute
411 4049 675 4149 contrahere,
723 4057 845 4156 prout
889 4074 983 4129 cum
1028 4047 1237 4128 communi

90 4191 184 4268 tenet
211 4185 437 4292 Fagnanus
469 4186 511 4264 in
546 4191 806 4264 commentar.
841 4181 897 4262 cul
927 4209 1016 4293 cap.
1061 4183 1087 4262 7
1128 4181 1168 4262 b.
1205 4189 1235 4258 t.

12 4291 13 4298 Ν
90 4343 182 4398 rum.
218 4322 247 4398 4
276 4317 320 4397 in
351 4301 537 4398 lavorem¹
562 4315 810 4397 matrimonii
843 4313 970 4395 luisse
1010 4322 1236 4420 receptum.

93 4449 197 4542 Quod
228 4459 369 4534 autem
401 4451 442 4531 in
481 4451 554 4532 tali
594 4449 808 4560 hypothesi
839 4445 1147 4530 matrimonium
1186 4444 1242 4524 sit
