3264 5146
385 438 424 502 72
669 447 960 499 radnnncrmnas
982 449 1077 500 rums
1101 448 1267 501 exuomcr
1330 414 1332 418 ’

387 587 544 662 constet
573 577 757 658 italicum
787 576 1040 657 domicilium
1067 576 1233 658 omnino
1254 576 1542 661 deseruisse.»

387 713 563 809 Quando
593 719 731 792 autem
762 709 1012 819 dispensatio
1033 711 1155 792 datur
1174 738 1199 790 a
1220 707 1542 819 Congregatione

387 849 431 929 S.
466 845 614 947 Officii,
647 843 682 925 si
713 870 912 951 personae
948 843 1109 925 etiamsi
1149 851 1312 924 exterae
1352 855 1543 926 maneant

383 980 425 1060 in
463 979 593 1080 ltalia,
635 1005 798 1086 semper
835 977 1103 1085 praecipitur,
1146 987 1191 1058 ut
1234 977 1540 1060 matrimonium

381 1113 625 1195 contrabant
654 1119 772 1192 extre
800 1109 939 1191 ltaliae
958 1111 1075 1193 fines.
1100 1113 1153 1193 Et
1173 1111 1275 1191 laxit
1296 1111 1410 1192 Deus
1431 1113 1534 1220 quod

380 1245 482 1327 haec
511 1243 731 1324 laudabilis
762 1243 946 1350 exceptio
976 1244 1105 1351 possit
1135 1270 1209 1352 pro
1240 1243 1350 1324 Italis
1386 1251 1426 1324 et
1467 1271 1538 1353 pro

378 1379 496 1462 ltalia
524 1403 705 1459 manere.

493 1515 584 1594 23.⁰
604 1511 869 1593 Matrimonia
889 1512 1020 1593 mixta
1039 1537 1089 1592 ea
1109 1512 1382 1593 communiter
1401 1514 1537 1622 appel-

376 1647 527 1748 lantur,
551 1672 656 1754 quae
677 1673 703 1727 a
722 1645 910 1754 partibus
930 1644 1137 1744 ineuntur,
1161 1671 1337 1752 quarum
1364 1653 1534 1754 utraque

376 1789 439 1863 est
467 1780 687 1888 baptizata,
719 1780 791 1860 sed
823 1779 874 1858 ad
894 1777 1077 1860 diversas
1098 1778 1407 1858 communiones
1430 1777 1532 1860 chri·

374 1913 530 1994 stianas
560 1912 747 2020 pertinet.
781 1914 838 1992 At
867 1909 1085 2019 aliquando
1121 1909 1337 1991 intervenit
1376 1919 1424 1993 ut
1464 1913 1533 1993 ba-

371 2046 548 2153 ptismus
578 2043 641 2123 vel
672 2070 754 2124 non
786 2043 907 2124 luerit
936 2043 1123 2136 collatus³
1167 2051 1239 2123 aut
1279 2043 1457 2125 invalide
1495 2044 1529 2124 is

371 2178 593 2287 praestitus
634 2177 770 2278 luerit,
813 2177 877 2258 vel
916 2177 965 2258 de
995 2177 1085 2285 ejus
1115 2177 1328 2258 collatione
1359 2187 1434 2260 aut
1463 2205 1530 2258 va-

369 2313 454 2392 lore
483 2311 707 2410 dubitetur3
732 2311 839 2392 unde
859 2309 901 2391 hi
922 2339 1046 2392 casus
1071 2319 1246 2418 possunt
1267 2311 1523 2410 intervenire,

371 2471 530 2553 nempe:
563 2489 583 2503 -
613 2455 658 2537 (α)
689 2445 796 2554 quod
827 2451 973 2526 neutra
1001 2469 1097 2552 pars
1127 2444 1377 2550 baptismum
1420 2471 1527 2526 rece-
1602 2545 1603 2554 ι

368 2577 487 2686 perit,
513 2580 576 2660 vel
598 2579 774 2661 invalide
795 2585 967 2687 utraque
998 2605 1094 2660 eum
1124 2578 1366 2686 susceperit,
1391 2586 1477 2661 aut:
1509 2625 1526 2637 ·
1601 2557 1603 2649 ᾗ

369 2725 414 2806 (β)
445 2713 553 2821 quod
584 2741 668 2795 una
698 2713 830 2794 valide
864 2712 919 2795 sit
958 2711 1178 2822 baptizata,
1222 2711 1302 2793 alie
1341 2713 1404 2794 vel
1447 2739 1524 2794 non

367 2845 593 2953 susceperit
623 2845 889 2955 baptismum,
923 2856 995 2928 aut
1025 2851 1131 2927 certe
1161 2844 1352 2946 invalide,
1387 2855 1474 2928 aut:
1506 2891 1525 2904 -
1597 2953 1598 2956 p

368 2991 412 3079 (γ)
443 2979 551 3087 quod
582 3006 666 3059 una
693 2979 747 3060 sit
776 2979 997 3087 baptizata,
1036 2979 1086 3061 de
1117 2977 1286 3060 alterius
1325 3005 1423 3061 vero
1454 2981 1523 3060 ba·

365 3111 502 3220 ptismi
533 3111 746 3195 collatione
777 3122 849 3195 aut
878 3115 927 3195 de
957 3113 1046 3222 ejus
1068 3113 1274 3194 validitate
1294 3111 1518 3210 dubitetur,
1595 3117 1596 3143 ¹

363 3247 441 3328 vel:
474 3294 494 3308 -
525 3247 568 3342 (l)
599 3249 706 3356 quod
728 3274 812 3328 una
832 3274 912 3328 non
933 3247 988 3328 sit
1007 3247 1214 3355 baptizata
1233 3255 1306 3328 aut
1326 3247 1515 3346 invalide,

363 3381 411 3459 de
441 3381 609 3463 alterius
639 3408 735 3462 vero
766 3379 958 3489 baptismi
979 3380 1194 3461 collatione
1214 3389 1286 3461 aut
1311 3379 1518 3462 validitate

362 3512 583 3616 dubitetur,
617 3523 690 3596 aut
718 3515 900 3595 demum:
934 3559 953 3574 -
984 3527 1023 3608 (ε)
1064 3513 1173 3622 quod
1214 3514 1263 3594 de
1303 3513 1516 3620 utriusque

360 3643 553 3751 baptismi
584 3646 798 3728 collatione
828 3648 914 3728 sive
945 3647 994 3728 de
1024 3645 1114 3754 ejus
1152 3646 1358 3728 validitate
1399 3644 1517 3727 dubi-

359 3783 480 3859 tetur.
515 3776 586 3860 Isti
616 3786 754 3860 autem
784 3805 907 3861 casus
936 3779 1057 3862 hodie
1086 3787 1184 3861 sunt
1217 3779 1397 3860 maxime
1439 3777 1514 3857 lre-

357 3919 543 4017 quenteS‚
577 3911 674 4020 quia
702 3941 728 3994 a
757 3911 945 4021 pluribus
967 3914 1089 3996 sectis
1109 3911 1408 3994 haereticorum
1429 3935 1513 3993 ma·

356 4042 464 4125 xime
493 4045 807 4152 protestantium
846 4053 919 4128 aut
957 4045 1179 4154 negligitur
1217 4041 1513 4128 administratio

359 4175 563 4284 baptismi,
588 4185 660 4259 aut
675 4179 724 4259 de
741 4179 830 4286 ejus
846 4177 1054 4261 validitate
1072 4187 1205 4288 potest
1219 4179 1510 4263 rationabiliter

354 4307 530 4392 dubitari
571 4318 735 4418 propter
774 4311 919 4393 vitium
960 4311 1244 4414 rationalismi‚
1289 4340 1370 4421 quo
1410 4313 1508 4392 istae
