3360 5126
313 363 382 428 248
619 380 891 426 emmona
913 380 1006 426 smine
1027 379 1184 426 cuonci

866 778 906 877 §-
941 777 1001 854 1.²

368 1041 564 1123 Duellum
594 1069 676 1124 non
707 1049 922 1151 reputatur
952 1041 1057 1144 rixa,
1091 1069 1196 1151 quae
1225 1044 1277 1124 de
1318 1051 1484 1151 repente

311 1178 493 1284 exurgit,
526 1176 562 1257 si
593 1204 705 1258 unus
735 1203 787 1257 ex
819 1176 1053 1258 rixantibus
1082 1176 1257 1258 alterum
1288 1177 1339 1257 ad
1366 1177 1490 1258 dimi-

311 1311 488 1404 candum
520 1310 660 1391 subito
681 1311 766 1391 irae
787 1317 1128 1418 motupcovocet,
1163 1327 1202 1390 et
1230 1309 1372 1390 statim
1404 1337 1489 1418 pu·

310 1451 460 1555 gnent:
496 1445 560 1526 vel
590 1445 625 1525 si
656 1445 751 1553 quis
786 1444 958 1525 insidias
992 1444 1108 1525 alteri
1130 1443 1341 1553 paraverit
1362 1453 1407 1525 ut
1435 1445 1490 1525 ad

310 1605 492 1690 pugnam
535 1588 743 1686 provocet.
792 1577 879 1660 Nec
917 1578 1070 1687 pariter
1110 1579 1292 1660 duellum
1340 1579 1490 1660 dicitur

309 1713 529 1814 eontentio,
563 1723 603 1794 et
647 1739 790 1822 pugna
834 1739 1094 1822 quocumque
1140 1713 1262 1795 modo
1296 1739 1346 1793 ea
1384 1712 1486 1814 fiat,

310 1848 475 1957 quando
506 1847 666 1928 nullum
698 1874 750 1927 ex
782 1847 873 1954 ipsa
905 1847 1089 1928 imminet
1118 1847 1368 1955 peniculum,
1401 1847 1490 1928 sive

310 1983 473 2082 mortis,
515 1981 603 2062 sive
643 1981 935 2082 mutilationiS,
979 1981 1068 2062 sive
1108 1980 1307 2063 vulneris
1352 1981 1486 2061 Duelli

309 2117 418 2198 enim
460 2114 564 2197 ratio
604 2117 790 2224 exposcit
830 2125 876 2198 ut
908 2115 1045 2224 ipsum
1086 2116 1159 2196 fiat
1189 2142 1241 2196 ex
1283 2115 1487 2214 condict0,

308 2248 475 2332 statutis
505 2249 608 2349 loco,
635 2258 877 2359 attempero
898 2277 994 2332 cum
1018 2276 1114 2330 veno
1136 2247 1322 2356 periculo
1344 2250 1488 2330 mortis

309 2390 382 2464 aut
412 2382 610 2465 vulneris,
647 2385 754 2464 Hinc
775 2384 1012 2491 hujusmodi
1034 2410 1174 2491 pugna
1204 2410 1309 2491 qnae
1340 2411 1486 2490 graece

308 2515 598 2596 monomachia
624 2517 739 2597 audit
763 2517 864 2597 Can.
893 2516 1187 2598 Monomaehia
1218 2519 1292 2600 22.
1320 2543 1427 2598 cous.
1452 2523 1505 2616 2Ι

308 2659 462 2758 quaest.
484 2653 527 2731 5.
564 2649 689 2729 latine
720 2675 816 2730 veno
848 2650 1046 2753 duellum,
1081 2651 1240 2733 deliniri
1277 2659 1410 2758 potest
1429 2697 1488 2714 -

306 2785 531 2892 ainpnlaris
555 2810 698 2893 papea
719 2783 893 2867 deornm
926 2792 1030 2869 inter
1049 2815 1091 2868 se
1112 2815 1167 2868 ccc
1197 2785 1385 2869 condicto
1417 2812 1491 2867 ar-

308 2917 384 2996 mis
425 2915 483 2996 ad
521 2915 797 3012 occidendam,
841 2922 925 3001 sice
963 2923 1148 3031 praeitor
1188 2918 1488 3002 vulnerandam

307 3053 413 3162 aptis
442 3059 582 3161 sponte
609 3061 810 3166 suscepta.
845 3057 904 3136 lta
934 3055 976 3135 in
1007 3082 1051 3137 re
1083 3055 1331 3137 communis.

365 3185 560 3267 Duellum
592 3187 649 3270 ita
688 3189 918 3290 delinitum,
952 3218 1027 3271 seu
1059 3190 1197 3299 potius
1233 3191 1485 3298 descriptum

306 3317 583 3428 principaliter
623 3321 820 3404 dividitur
850 3323 890 3402 in
916 3325 1142 3435 publicem,
1175 3353 1249 3406 seu
1290 3325 1481 3424 solemne,

306 3461 344 3536 ct
366 3454 406 3534 in
430 3457 661 3566 privatum,
685 3483 758 3536 seu
782 3461 914 3538 minos
934 3460 1122 3540 solemne.
1144 3459 1379 3556 Publioum,
1405 3484 1482 3538 seu

304 3587 487 3668 solemne
518 3595 594 3688 est,
619 3591 727 3695 quod
758 3591 924 3697 publica
945 3594 1191 3675 auctoritate
1213 3593 1342 3674 initui·
1372 3601 1487 3673 certa

306 3717 452 3819 forma,
487 3745 561 3800 seu
592 3721 849 3805 solemnitate
880 3728 921 3805 in
952 3753 1177 3833 congressu
1200 3725 1473 3808 observanda.

304 3849 517 3934 Privatum
551 3880 646 3936 vero
677 3865 753 3956 est,
787 3859 897 3965 quod
937 3859 1095 3966 privato
1127 3859 1293 3941 nomine
1339 3858 1482 3940 susci-

303 3985 429 4095 pitun‚
463 3989 576 4070 etin
617 4016 699 4098 quo
729 3991 823 4072 talis
864 3991 1011 4092 forma,
1047 4003 1086 4075 et
1115 3993 1357 4074 solemnitas
1399 4020 1482 4073 non

303 4121 560 4204 observatur.
587 4123 715 4204 Porro
738 4124 817 4205 ista
832 4125 1086 4228 solemnitate,
1106 4153 1180 4207 seu
1204 4126 1336 4208 tonna
1351 4127 1481 4209 duelli

303 4253 456 4362 publici
490 4257 530 4336 in
552 4283 600 4337 eo
622 4258 841 4366 praecipue
872 4259 1073 4362 consistit,
1100 4269 1145 4343 ut
1175 4261 1378 4344 habeatur
1404 4260 1483 4342 loci

302 4387 518 4490 securitas
553 4416 678 4497 quam
709 4403 924 4502 propterea
954 4421 1140 4508 campum
1161 4399 1365 4507 francam
1397 4423 1479 4505 apf
