3264 5146
276 395 317 458 38
563 403 856 458 rnnnnncnouns
878 405 971 456 annis
996 403 1163 455 cumomni
1325 457 1327 462 ,

282 534 436 616 dentini
467 532 636 614 Concilii
666 557 763 612 sess.
799 533 855 611 24
886 557 976 641 cop.
1016 533 1033 610 l
1068 530 1117 610 de
1148 533 1319 640 reform.
1354 559 1444 614 mo·

283 671 395 751 trim.
426 668 684 749 retinendum
715 675 777 748 est
796 691 870 773 pro
891 663 1102 746 catholicis
1132 665 1299 746 omnino
1330 666 1447 748 inva-

281 805 413 884 lidum
442 809 607 910 propter
642 800 845 882 delectum
887 799 1041 880 formae
1082 789 1365 901 substantialis
1395 829 1446 882 ex

281 941 350 1019 cit.
375 938 457 1048 Ep.
482 935 692 1017 Benedicti
724 933 824 1014 XIV
858 933 1101 1014 ‹Redditoe
1129 942 1221 1014 sont
1251 934 1442 1018 Nobis.»

283 1071 369 1152 Nec
388 1071 520 1151 ullum
537 1077 599 1150 est
619 1067 867 1174 suffragium
883 1067 987 1173 legis
1008 1067 1155 1168 civilis,
1174 1068 1324 1177 quippe
1340 1094 1447 1177 quae

191 1311 195 1318 1
283 1212 463 1313 potestas
484 1231 535 1282 ex
558 1201 676 1283 dictis
693 1209 755 1282 est
770 1201 812 1280 in
827 1199 905 1280 hac
921 1227 964 1281 re
979 1227 1150 1309 prorsus
1167 1201 1446 1310 incompetens

283 1365 332 1418 ac
362 1337 530 1444 proinde
561 1334 675 1416 nulla
703 1342 813 1415 esset
843 1333 962 1434 ratic,
996 1361 1070 1414 cur
1099 1360 1124 1412 a
1153 1334 1345 1416 fidelibus
1375 1336 1447 1418 de-

93 1563 94 1570 *
126 1457 163 1547 ‘ss
283 1473 398 1552 beret
437 1469 635 1578 praestari
676 1467 922 1568 obedientia,
955 1468 1023 1576 qui
1064 1469 1239 1576 prompti
1280 1470 1449 1552 reddere

283 1605 447 1685 Caesari
476 1631 582 1711 quae
612 1611 710 1684 sunt
740 1603 944 1702 Caesaris,
978 1604 1153 1684 reddunt
1191 1609 1329 1683 tamen
1359 1604 1448 1686 Deo

283 1765 388 1847 quae
408 1745 505 1820 sunt
525 1736 616 1818 Dei.
640 1737 706 1817 Ad
727 1735 986 1817 redimendas
1007 1762 1103 1816 vero
1124 1735 1299 1844 injustas
1321 1763 1448 1818 vcra·

282 1873 416 1952 tiones
445 1879 611 1978 propter
639 1871 795 1950 bonum
825 1869 950 1976 prolis
981 1869 1101 1948 etad
1131 1869 1356 1950 tollendum
1378 1897 1449 1976 pe-

284 2005 461 2086 riculum
492 2003 738 2112 poligamiae
758 2002 944 2083 Ecclesia
972 2002 1130 2100 tolerat,
1158 2010 1204 2082 ut
1228 2002 1368 2082 fideles
1389 2003 1446 2084 illi

283 2165 328 2218 se
358 2137 579 2245 subjiciant
617 2163 688 2218 eos
727 2145 865 2217 tamen
906 2136 1158 2234 instruendo,
1194 2163 1274 2243 quo
1307 2137 1446 2218 animo

25 2299 30 2308 ’
135 2295 136 2298 ‘
283 2273 457 2353 debcant
486 2271 586 2352 illud
616 2279 840 2379 praestare3
874 2271 1040 2378 etquid
1071 2271 1114 2349 in
1144 2270 1222 2352 hac
1252 2297 1295 2350 re
1321 2271 1444 2378 juxta

283 2406 509 2488 doctrinam
530 2403 737 2485 Ecclesiae
757 2403 932 2484 debeant
960 2412 1114 2485 tencre.
1137 2406 1182 2484 ln
1213 2404 1323 2486 hunc
1352 2431 1448 2485 sen·

283 2569 377 2622 sum
398 2542 442 2622 S.
467 2539 788 2622 poenitentiario
818 2539 1012 2622 insistens
1033 2541 1250 2648 praecipue
1277 2541 1364 2648 jam
1387 2541 1446 2623 al·

283 2674 427 2782 legatis
467 2672 634 2754 Litteris
673 2672 884 2754 Benedicti
924 2673 1025 2753 XIV
1063 2674 1315 2754 ‹Redditno
1352 2683 1446 2756 sunt

284 2811 435 2890 nobis»
470 2808 580 2888 dedit
617 2807 932 2888 Instructionem
972 2807 1168 2888 parochis
1207 2808 1348 2890 Italiae
1379 2808 1448 2890 dic

289 2947 339 3024 15
368 2942 569 3023 Janoaro'
603 2942 731 3039 1866,
775 2939 895 3046 cujus
936 2947 1052 3042 tenor
1084 2939 1155 3020 ‘hic
1195 2939 1392 3023 refertur:
1425 2986 1447 3001 ·

288 3079 369 3156 «1.
404 3074 477 3154 Cio
507 3073 581 3155 che
611 3073 681 3180 gia
710 3073 763 3153 da
792 3099 896 3178 gran
931 3081 1068 3181 tempo
1109 3076 1321 3175 temevasi‚
1353 3075 1403 3155 ed
1434 3075 1447 3153 i

288 3209 551 3292 ›Vescovio
579 3179 914 3314 singolarmente,
948 3233 972 3286 o
1003 3207 1342 3290 collettivamente
1372 3235 1450 3290 con

292 3346 597 3426 »rimostranze
623 3342 741 3450 piene
762 3341 803 3422 di
824 3341 911 3420 nelo
932 3367 954 3420 e
975 3341 1015 3421 di
1037 3342 1215 3422 dottrina
1234 3369 1256 3422 e
1277 3370 1450 3451 persone

289 3513 306 3548 »
328 3474 365 3559 d’
380 3478 476 3583 ogni
498 3477 640 3558 ordine
661 3476 763 3557 colle
780 3475 868 3556 loro
884 3475 1041 3557 erudite
1057 3502 1203 3583 penne,
1222 3503 1244 3556 e
1260 3477 1299 3558 lo
1315 3486 1449 3560 stesso

289 3611 503 3692 »Sommo
523 3609 729 3690 Pontefice
762 3609 869 3690 colla
899 3609 1079 3690 autorita
1107 3610 1214 3691 della
1242 3637 1321 3691 sua
1350 3639 1451 3694 voce

289 3769 605 3853 »procurarono
651 3743 691 3824 di
733 3751 871 3823 tenere
910 3743 1100 3843 lontano,
1145 3744 1333 3825 vediamo
1372 3775 1452 3854 pur

289 3885 471 3984 »troppo
501 3873 683 3956 stabilito
715 3875 756 3954 in
786 3875 916 3957 ltalia.
941 3877 971 3956 Il
992 3885 1076 3958 cosl
1109 3879 1218 3958 detto
1248 3886 1450 3962 contratto

289 4010 446 4092 »civile
477 4009 518 4091 di
560 4008 824 4090 matrimonio
863 4036 947 4090 non
978 4017 1000 4091 e
1031 4011 1101 4118 pin
1133 4040 1190 4092 un
1220 4013 1342 4114 male,
1376 4013 1451 4095 che

289 4181 307 4217 »
327 4145 368 4225 la
389 4141 538 4225 Chiesa
557 4143 597 4226 di
620 4143 736 4223 Gesu
767 4141 915 4242 Cristo,
944 4142 1078 4223 debba
1108 4143 1319 4251 deplorare
1349 4143 1452 4226 oltre

289 4310 306 4351 >
328 4279 365 4360 le
385 4277 495 4386 Alpi,
522 4304 591 4358 ma
611 4285 633 4357 e
657 4303 714 4356 un
736 4275 857 4376 male,
882 4275 956 4356 che
976 4275 1223 4384 trapiantato
1246 4277 1288 4357 in
1307 4289 1452 4386 queste

289 4412 519 4494 »contrade
549 4407 717 4493 d'Italia
747 4409 949 4490 minaccia
977 4405 1038 4490 co'
1061 4409 1153 4491 suoi
1185 4409 1290 4491 tristi
1321 4409 1450 4493 effetti
