3264 5146
460 434 568 487 ursan
590 435 637 485 1v.
661 455 682 468 -
704 435 843 488 rnuaus
865 437 900 487 11.
1227 426 1269 490 81

129 589 280 670 quorum
309 569 480 670 uterque
510 569 582 644 aut
612 561 715 644 alter
744 564 795 645 ed
821 571 996 646 aetatem
1016 566 1179 674 legibus
1200 568 1263 648 vel

129 695 331 776 canonibus
361 695 671 777 determinatam
703 723 785 776 non
820 699 1060 805 pervenerit,
1094 699 1266 808 eonjun-

127 837 267 936 gantur.
297 829 387 910 Hoe
417 831 617 936 estquod
648 829 797 910 dieitur
827 830 1166 939 impedimentum
1196 861 1265 914 ae-

126 957 220 1042 tatis
241 961 330 1043 Non
363 963 420 1044 ita
449 972 587 1044 tamen
607 963 794 1044 absolute
811 963 882 1071 jus
903 966 1145 1048 canonieum
1167 969 1266 1050 ado-

124 1096 229 1202 ptavit
257 1096 443 1203 regulam
464 1123 489 1176 a
510 1097 602 1204 jure
633 1097 741 1178 eivili
773 1097 1039 1206 propositam,
1075 1109 1120 1181 ut
1150 1129 1266 1183 exee-

125 1228 280 1333 ptionem
322 1256 404 1310 non
444 1229 689 1312 admitteret.
729 1229 919 1338 Namque
959 1235 1173 1314 attendens
1213 1235 1264 1316 ad

125 1359 252 1443 laetum
283 1371 473 1444 notatum
505 1365 546 1445 in
577 1391 666 1474 eup.
695 1365 782 1445 3h.
808 1373 837 1446 t.
872 1392 1018 1474 nempe
1049 1394 1143 1447 eum
1174 1395 1265 1449 esse

123 1496 313 1601 puberem,
333 1497 469 1604 quiex
486 1496 628 1578 habitu
647 1497 832 1616 eorporis
852 1499 1109 1606 pubertatem
1129 1509 1267 1582 osten-

123 1628 181 1728 dit,
209 1640 244 1711 et
272 1658 365 1712 esse
396 1657 634 1739 puerperae,
668 1656 773 1740 quae
804 1632 846 1712 in
877 1633 997 1714 annis
1032 1635 1263 1741 puerilibus

124 1763 278 1868 pariunt3
314 1764 460 1846 deinde
482 1765 523 1844 in
547 1792 637 1874 onp.
664 1767 689 1845 9
712 1763 753 1846 b.
780 1773 808 1846 t.
834 1764 1002 1872 regulae
1032 1768 1264 1875 propositae

124 1895 165 1975 de
180 1907 304 1979 aetate
325 1897 553 2006 pubertatis
574 1897 678 1978 eitra
697 1923 823 2004 quam
844 1905 1034 1980 vetantur
1054 1901 1261 2008 conjugia,

123 2029 211 2110 dedit
225 2031 508 2114 limitationem
525 2031 693 2133 seilicet,
714 2033 795 2112 nisi
814 2032 978 2114 mulitia
997 2034 1182 2144 suppleat
1197 2061 1265 2114 oe·

123 2167 238 2261 tatem
260 2164 341 2247 hoe
370 2173 448 2267 est,
476 2164 555 2246 nisi
587 2175 679 2248 ante
711 2173 886 2246 aetatem
911 2173 1109 2248 statutam
1130 2191 1155 2245 a
1175 2166 1264 2273 lege

121 2289 297 2399 personae
315 2298 544 2406 intelligant
564 2300 660 2407 quid
682 2307 821 2406 agant,
842 2326 936 2380 oum
955 2300 1262 2382 matrimonium

120 2432 359 2524 contrahunt.
394 2440 433 2514 et
462 2434 588 2515 simul
623 2434 675 2516 ad
706 2434 896 2542 copulam
925 2433 1155 2515 habendam
1192 2462 1265 2542 po-

120 2570 228 2643 tentes
247 2566 347 2646 sint.
373 2566 488 2658 Quae
509 2565 544 2647 si
567 2565 842 2668 verificantur,
867 2567 919 2648 ad
940 2567 1263 2648 contrahendum

120 2699 411 2808 matrimonium
426 2709 520 2783 aute
541 2728 671 2783 annos
692 2700 920 2810 pubertatis
940 2728 1022 2781 non
1043 2711 1105 2784 est
1125 2729 1266 2784 neees-

119 2831 212 2912 saria
230 2833 355 2916 venia
383 2834 624 2942 superioria
648 2863 743 2917 eum
765 2835 866 2918 haee
886 2833 1074 2916 limitatio
1100 2835 1265 2942 regulae

121 2984 140 3038 a
151 2963 233 3069 jure
254 2994 450 3075 expresse
471 2976 661 3075 ponatur3
681 2969 808 3076 judex
830 2968 999 3076 preinde
1021 2968 1264 3049 intervenire

119 3101 259 3180 tantum
293 3101 428 3201 debet,
462 3101 625 3207 quando
655 3102 829 3183 dubium
858 3108 935 3202 est,
965 3128 1016 3181 an
1037 3099 1268 3181 verificetur

119 3233 282 3340 exeeptio
299 3259 377 3314 nee
396 3261 461 3334 ne,
484 3242 526 3315 at
546 3260 628 3314 non
649 3260 745 3315 eum
766 3235 815 3315 de
836 3234 1073 3341 exceptione
1090 3239 1263 3332 constat,

119 3363 218 3446 utin
249 3367 482 3475 hypothesi.

217 3500 279 3581 5.ο
301 3499 363 3581 De
385 3499 675 3608 impedimento
697 3506 835 3579 autem
856 3497 1001 3578 aetatis
1022 3495 1120 3577 olim
1141 3522 1266 3606 quae-

117 3629 280 3732 rebatur,
318 3643 426 3716 esset
455 3660 507 3715 ne
532 3633 639 3741 juris
669 3631 891 3734 naturalis,-
910 3638 982 3712 aut
1002 3630 1166 3739 positivi
1188 3631 1265 3712 hu·

116 3765 239 3847 mani?
272 3767 477 3869 Proleoto,
502 3795 596 3849 eum
618 3767 685 3848 ille
705 3765 994 3874 impedimento
1016 3765 1162 3846 aetatis
1183 3791 1265 3846 non

115 3893 271 4002 laboret,
296 3903 366 4010 qui
396 3903 452 3984 ita
472 3903 664 4004 adolevit,
689 3909 735 3984 ut
761 3901 910 3983 habeat
939 3899 1177 4008 expeditum
1198 3927 1265 3981 ra-

114 4029 221 4116 tionis
251 4063 377 4119 usum
409 4035 640 4144 intelligens
670 4036 755 4116 vim
785 4041 1022 4116 contractus
1051 4033 1264 4115 matrimo-¹

114 4164 234 4269 nialis,
258 4179 300 4252 et
320 4169 445 4251 simul
465 4170 519 4251 sit
535 4177 629 4251 oeta
649 4170 701 4250 ad
722 4167 911 4275 oopulam
933 4166 1152 4275 perlectam
1174 4191 1265 4248 ma·

114 4297 257 4384 ritalem
288 4303 453 4406 habilis,
477 4303 511 4384 si
543 4303 621 4386 hoe
651 4303 989 4412 impedimentum
1021 4309 1130 4383 esset
1155 4299 1263 4408 juris

116 4443 286 4536 naturae,
311 4437 568 4546 arguendum
595 4444 716 4535 esset,
743 4445 830 4518 tum
851 4441 1096 4543 potestatem
1117 4432 1263 4513 edendi

247 4591 276 4634 T.
288 4591 330 4634 111.
345 4604 361 4617 ·
372 4591 399 4634 Ρ.
412 4591 433 4634 Ι.
1101 4587 1114 4627 ⁶
