3178 5134
358 375 421 444 222
646 392 939 446 rainuccnonns
961 391 1054 444 runis
1077 392 1245 446 canorum

356 518 428 624 jus
459 519 688 626 adoptionis
718 522 825 627 quod
858 528 978 602 antea
1003 519 1136 600 fuerat
1156 526 1353 604 statutum
1373 519 1413 600 in
1432 519 1505 600 vim

362 653 673 734 consuetudinis
703 663 878 754 tantum,
912 663 951 735 et
980 680 1033 734 ex
1053 654 1283 763 adoptionis
1300 655 1388 762 jure
1407 654 1505 760 lega·

361 786 453 866 liter
480 797 641 895 recepto
672 787 831 896 quaerit
867 813 919 867 an
955 787 1222 870 contrahatur
1258 787 1506 896 impedimen-

361 929 447 1000 tum
480 921 735 1028 cognationis
765 921 924 1029 legalis3
958 947 1006 1004 ac
1036 923 1080 1003 S.
1116 921 1430 1004 Poanitentiaria
1452 947 1507 1000 re·

199 1041 205 1054 ’
359 1054 536 1160 spondit:
577 1055 871 1136 ‹Affirmative
902 1055 936 1135 si
968 1081 1035 1136 res
1063 1054 1116 1136 sit
1146 1056 1196 1137 de
1226 1054 1435 1163 adoptione
1458 1051 1506 1134 le-

359 1187 500 1292 gitime
531 1189 669 1268 inita»
704 1214 849 1295 nempe
881 1189 982 1268 inita
1012 1190 1133 1270 modo
1165 1214 1190 1267 a
1219 1188 1381 1295 legibus
1401 1211 1507 1266 seua

360 1317 508 1400 Codice
539 1319 695 1401 Gallico
726 1321 1007 1401 determinato.
1043 1319 1163 1414 Quod
1193 1322 1341 1429 probat
1374 1345 1507 1426 cogna-

357 1452 482 1533 tionis
512 1453 656 1559 legalis
687 1453 1024 1561 impedimentum
1061 1454 1276 1535 advenisse
1315 1481 1389 1535 seu
1425 1479 1508 1534 con·

360 1591 536 1666 tractum
558 1611 663 1684 esse,
683 1586 717 1665 si
735 1585 899 1692 adoptio
917 1585 1062 1667 fuisset
1077 1593 1243 1694 peracta
1259 1588 1380 1667 modo
1400 1611 1424 1665 a
1442 1584 1507 1663 Co

362 1719 451 1799 dice
481 1727 650 1800 statuto,
685 1719 778 1800 Duo
809 1719 978 1827 proinde
1018 1721 1284 1827 requiruntur
1324 1722 1374 1802 ad
1405 1720 1508 1800 indu-

363 1853 535 1933 cendam
556 1849 841 1959 cognationem
862 1853 1035 1960 legalem
1050 1854 1172 1961 juxta
1191 1863 1430 1963 conceptum
1443 1853 1509 1932 Ec-

362 1985 526 2084 clesiae,
571 2011 730 2093 nempe:
763 2031 783 2046 -
817 1989 854 2064 1ο
887 1995 932 2068 ut
964 1986 1072 2092 leges
1111 1985 1254 2067 civiles
1290 1987 1395 2068 hano
1424 1985 1509 2066 ado-

362 2119 540 2224 ptionem
586 2119 826 2219 admittant,
868 2164 889 2180 -
932 2128 972 2200 et
1017 2121 1058 2200 2⁰
1105 2129 1148 2200 ut
1192 2120 1357 2228 adoptio
1401 2117 1507 2199 luerit

361 2253 564 2359 completa
588 2253 710 2360 juxta
739 2254 909 2335 modum
940 2272 965 2332 a
994 2253 1156 2360 legibus
1186 2254 1379 2335 civilibus
1408 2278 1510 2361 prae-

363 2385 575 2492 scriptum.
608 2429 630 2446 -
657 2387 794 2494 Atque
834 2387 924 2494 ipsa
962 2387 1007 2467 S.
1053 2385 1326 2495 Congregatio
1365 2389 1409 2469 S.
1449 2383 1511 2464 Ol·

360 2519 471 2618 ficii,
520 2529 641 2626 prout
685 2518 859 2600 habetur
903 2505 1184 2602 authenticum
1228 2523 1437 2630 exemplar
1476 2518 1510 2596 in

269 2679 270 2684 ‘
362 2661 457 2732 tom.
492 2653 683 2732 XXXIII
708 2680 817 2733 num.
859 2655 942 2732 249
984 2660 1113 2733 octor.
1156 2655 1202 2734 S.
1246 2653 1511 2735 Paenitentia·

363 2787 453 2864 riae
483 2787 524 2864 in
553 2785 836 2895 Neapolitana
866 2787 917 2866 ad
948 2784 1122 2868 dubium
1157 2812 1249 2868 ‹an
1276 2787 1437 2896 adoptio
1457 2811 1512 2865 ce·

363 2920 520 3000 lebrata
550 2920 591 2998 in
623 2921 754 3000 forma
778 2921 1029 3027 praescripta
1049 2947 1074 3002 a
1094 2921 1241 3003 Codice
1263 2923 1374 3004 civili
1394 2917 1510 3028 Regni

364 3053 622 3160 Neapolitani
654 3055 852 3161 producat
879 3081 953 3134 nec
973 3055 1386 3163 ne'impedimentum
1405 3079 1513 3137 cuno·

363 3187 503 3267 nicum
518 3186 773 3293 cognationis
789 3185 932 3291 legalis
948 3185 1143 3268 dirimens
1159 3189 1509 3270 matrimoniuml»

362 3319 570 3428 respondit
599 3322 669 3400 sub
701 3319 766 3400 die
796 3321 851 3399 23
882 3321 1107 3401 Februarii
1147 3324 1269 3402 1853:
1311 3322 1515 3402 ‹affirma-

363 3452 496 3532 live».
523 3451 665 3558 Neque
687 3460 918 3560 opponatur
948 3453 1100 3535 decisio
1122 3455 1165 3535 S.
1192 3454 1327 3536 Officii
1348 3456 1513 3537 ollotou

362 3586 557 3664 Ferraria
587 3587 675 3666 Pro
706 3588 968 3667 matrimonio
1000 3595 1082 3668 ort.
1118 3590 1145 3667 2
1180 3587 1341 3670 additio
1374 3616 1427 3668 eo
1453 3611 1514 3665 ne·

223 3755 225 3760 ¹
363 3718 528 3797 dissime
557 3719 747 3799 Romano
778 3720 969 3802 editione:
1007 3722 1089 3800 «ln
1120 3721 1342 3828 Bulgariae
1363 3719 1515 3830 provin-

365 3851 468 3930 ›cia
499 3877 589 3931 mos
619 3861 695 3952 est,
731 3861 776 3934 ut
806 3855 1124 3960 patresfamilias
1144 3855 1364 3962 aliquando
1385 3853 1460 3935 sibi
1480 3851 1515 3928 in

370 4017 385 4056 »
408 3983 515 4064 filios
537 3987 747 4093 adoptent,
772 3988 928 4095 absque
949 3997 1086 4070 tamen
1107 3988 1192 4070 ulla
1207 3989 1314 4096 juris
1335 3984 1517 4070 solemni·

367 4124 502 4218 itate,
536 4119 697 4227 aliquos
727 4147 878 4228 pueros
898 4129 937 4202 et
959 4121 1131 4229 puellas.
1156 4123 1406 4231 Hujusmodi
1430 4119 1516 4200 ado-

364 4251 504 4357 »ptati
535 4254 808 4335 communiter
844 4255 948 4335 inter
987 4255 1208 4336 catholicos
1249 4256 1304 4337 ibi
1344 4277 1518 4336 commo-

364 4393 555 4487 nentes,
590 4387 713 4470 veluti
744 4389 826 4474 lilii⁴
847 4387 1019 4496 legitimi
1050 4398 1306 4498 reputantur,
1342 4390 1443 4470 adeo
1479 4391 1516 4463 ut
