3386 5126
333 333 396 399 182
636 353 905 402 ranunuomosus
928 355 1021 402 roais
1043 355 1201 402 ememor

331 480 434 562 fides
450 505 574 587 quam
606 481 805 562 latissime
826 482 1114 564 extenderetur
1130 481 1254 588 juxta
1295 481 1517 564 recitatum

329 615 627 722 Evangelieum
660 615 761 698 illud
782 618 1023 698 mandatum
1046 659 1098 670 --
1127 617 1189 698 lte
1211 619 1252 698 iu
1278 619 1518 697 uniuersum

330 748 542 842 mundum,
569 750 812 860 praedicate
841 753 1114 858 Euangelium
1145 754 1257 832 omui
1277 759 1516 850 creaturae,

329 935 381 952 -
412 894 452 968 et
482 886 576 966 licet
602 885 757 992 jugiter
787 887 841 966 ob
872 885 978 968 hanc
1019 913 1190 968 causam
1231 885 1518 992 procuraverit

328 1021 672 1130 propagationem
689 1017 919 1126 Religionis
937 1022 1042 1129 apud
1063 1019 1275 1127 Principes
1293 1017 1514 1116 insistens,

327 1162 375 1236 ut
390 1155 517 1235 libere
539 1154 844 1263 permitteretur
863 1154 1113 1261 praedicatio
1136 1153 1368 1260 Evangelii,
1388 1153 1512 1235 fidem

328 1297 566 1372 tamennon
587 1289 785 1396 imposuit
806 1315 1022 1397 umquam,
1048 1315 1122 1369 nec
1142 1297 1286 1370 contra
1312 1287 1515 1370 Ethuicos

328 1423 437 1504 bella
476 1421 696 1520 excitavit,
740 1421 992 1504 uttChriso
1042 1423 1193 1504 invitos
1233 1421 1510 1522 lucrifaceret,

327 1557 399 1637 sed
420 1555 772 1708 ¹persuasionibus
803 1585 831 1638 u
835 1565 925 1638 tens
957 1584 1029 1639 eos
1055 1559 1193 1640 solum
1215 1557 1415 1665 suscepit,
1440 1559 1510 1666 qui

326 1717 376 1772 ex
406 1689 545 1771 animo
575 1691 735 1772 sincero
766 1691 888 1772 tidem
920 1693 1195 1801 susciperent.
1166 1692 1458 1800 tCausat1gi
1443 1701 1514 1776 tur

326 1823 501 1905 inimicit
504 1824 959 1925 iarum,ootbolloruu1
992 1824 1134 1934 populi
1166 1825 1388 1907 Christiani
1413 1853 1510 1908 cum

326 1959 545 2040 Saracenis
576 1987 658 2041 non
690 1969 752 2040 est
792 1961 1015 2067 repetenda
1056 1961 1109 2042 ab
1141 1987 1206 2061 eo,
1246 1960 1352 2069 quod
1383 1959 1507 2040 Reli-

326 2094 461 2202 gionis
492 2093 753 2202 Christianae
775 2094 916 2176 hostes
937 2095 1233 2194 obmussitent,
1258 2095 1331 2175 sed
1349 2119 1401 2174 ex
1416 2119 1513 2202 spe·

324 2227 417 2310 ciali
450 2227 622 2328 ratione,
646 2229 801 2312 scilicet
823 2255 876 2310 ex
899 2229 1085 2312 doctrina
1105 2229 1374 2328 Mahometis,
1404 2255 1510 2336 quac

323 2362 418 2442 talis
448 2379 550 2443 erat.
584 2407 643 2426 -
676 2365 824 2444 Omnes
854 2372 986 2473 pentes
1019 2366 1073 2458 ot,
1108 2373 1145 2445 et
1176 2366 1307 2446 armis
1342 2364 1509 2473 religio-

324 2521 414 2576 nem
445 2495 817 2589 Mahomettanam,
853 2498 913 2576 oet
942 2498 1167 2579 Judaieum
1197 2499 1391 2609 amplecti
1431 2497 1507 2578 de·-

324 2631 412 2710 bent
423 2661 438 2729 ;
472 2638 508 2711 et
538 2633 576 2710 st
601 2631 794 2710 obsistent
817 2633 906 2712 uoci
919 2633 1148 2744 prophetae
1168 2632 1365 2714 delendae
1394 2639 1505 2712 suut.

322 2815 375 2828 -
406 2765 496 2844 Hac
527 2764 577 2843 da
609 2791 652 2844 re
683 2763 774 2846 heic
806 2766 947 2847 referri
979 2769 1068 2848 sine
1099 2767 1282 2848 lacrimis
1320 2793 1404 2847 non
1435 2791 1509 2874 po·

323 2903 418 2994 test,
443 2920 563 3003 quae,
590 2903 630 2976 et
651 2905 805 3005 quanta
835 2900 946 2980 mala
975 2927 1027 2982 ex
1059 2901 1124 2980 his
1156 2899 1371 3008 principiis
1399 2899 1508 2979 deri·

323 3027 511 3110 vaverint
534 3029 794 3133 Christianis,
821 3033 908 3114 sive
930 3035 1064 3142 quoad
1082 3059 1233 3135 mores,
1258 3033 1346 3113 sive
1367 3033 1503 3139 quoad

322 3163 532 3244 scientias.
560 3164 780 3273 Exempla,
805 3177 844 3250 et
866 3169 972 3250 lacta
993 3169 1128 3250 adhuc
1149 3169 1389 3276 loquuntur.
1415 3168 1508 3248 Hoc

323 3303 464 3378 votum
501 3307 590 3380 erat
611 3301 877 3404 MahomeliS,
904 3311 943 3383 et
972 3303 1050 3383 hoc
1071 3330 1144 3411 pro
1167 3283 1335 3383 viribus¹
1348 3301 1507 3408 persol-

321 3457 414 3513 vere
448 3440 690 3541 satagerunt
720 3436 810 3544 ejus
842 3436 1040 3536 asseclae,
1076 3437 1171 3518 hinc
1192 3435 1376 3519 Ecclesia
1404 3460 1507 3514 con-

321 3564 439 3644 tinuo
461 3565 513 3642 ab
533 3566 592 3646 eis
614 3569 929 3674 provocabatur,
950 3574 1196 3654 vexabatur.
1218 3569 1501 3664 Quamobrem

321 3695 382 3777 eis
412 3697 614 3780 obsistere
645 3701 799 3804 debuit,
835 3713 875 3785 et
906 3732 1002 3786 cum
1025 3707 1085 3786 eis
1107 3706 1316 3806 dimicare,
1342 3715 1383 3786 et
1412 3729 1504 3784 sese

320 3829 537 3912 defendere
561 3833 612 3913 ab
636 3834 809 3916 istorum
838 3838 1178 3944 aggressionibus
1202 3838 1351 3946 coepit,
1375 3836 1504 3945 siqui-

321 3964 413 4046 dem
439 3965 530 4047 loca
550 3994 682 4070 sacra,
705 3979 745 4051 et
767 3971 1020 4056 munitiones
1058 3973 1387 4054 Christianorum
1417 3972 1503 4078 jam

321 4110 637 4207 occupaverant.
663 4105 729 4185 Ad
751 4105 829 4187 hoo
860 4109 1055 4189 excitavit
1085 4107 1344 4188 Christianos
1374 4103 1502 4184 Prin-

320 4229 445 4337 cipes,
480 4243 520 4342 et
550 4236 828 4319 Christianam
860 4240 1022 4348 plebem
1063 4241 1232 4322 auxiliis
1275 4237 1504 4349 spirituali-

320 4363 415 4465 bus,
459 4373 498 4446 et
529 4372 824 4476 temporalibus
855 4375 1066 4476 animavit,
1104 4384 1324 4458 utcontra
1354 4372 1505 4480 hujus·-
