3380 5132
524 425 631 477 amaa
654 427 697 475 1v.
724 445 745 458 -
767 426 906 476 rrrunus
928 425 997 473 xix.
1285 411 1350 475 319

181 555 446 656 validitatem.
471 553 524 634 Et
544 555 738 662 quoniam
769 556 877 663 quod
909 581 1051 634 verum
1082 561 1158 654 est,
1183 554 1217 634 si
1245 554 1343 636 utile

180 717 345 798 qnoque
367 688 421 768 sit
440 715 516 768 nos
537 696 723 796 potenter
754 689 893 789 allicit,
917 688 1029 770 sicut·
1043 689 1152 799 quod
1174 687 1340 790 falsum,

177 826 213 904 si
245 823 521 932 perniciosum
565 849 726 930 quoque
762 831 823 904 est
855 824 906 903 ab
937 851 985 904 eo
1017 821 1177 903 facilius
1216 822 1345 902 absti-

180 985 343 1058 nemuS,
366 957 461 1036 hinc
491 956 793 1063 sapientissime
825 955 1096 1038 insistendum
1121 957 1198 1039 fuit
1218 957 1260 1036 in
1282 985 1343 1038 re·
1461 1025 1464 1030 .

178 1091 396 1174 censendis
417 1115 469 1171 ex
490 1089 662 1170 historia
692 1091 918 1170 commodis
949 1117 1001 1170 ex
1021 1097 1184 1170 servata
1204 1091 1245 1169 in
1266 1089 1344 1170 hac

183 1254 226 1308 re
246 1225 469 1308 catholicae
485 1223 692 1304 Ecclesiae
707 1224 978 1331 legislatione,
998 1225 1344 1331 quemadmodum

183 1362 225 1440 in
257 1359 522 1440 numerandis
561 1359 713 1459 malis,'
740 1385 844 1466 quae
884 1385 936 1438 ex
975 1358 1167 1439 derelicta
1206 1358 1347 1440 catho-

183 1493 262 1574 lica
290 1493 460 1572 veritate
492 1491 767 1572 dimanarunt.
807 1491 976 1574 Utinam
1008 1517 1112 1599 quae
1143 1491 1344 1572 infallibili

184 1627 421 1734 magisterio
461 1634 500 1706 et
538 1633 706 1732 paterno
747 1627 894 1707 affectu
926 1625 1125 1708 Summus
1156 1628 1346 1708 Pontifex

183 1763 267 1842 Leo
297 1761 388 1840 XIII
419 1760 634 1840 universas
674 1769 815 1866 gentes
856 1760 1033 1862 edocuit,
1072 1787 1121 1840 ea
1160 1762 1344 1844 omnium

184 1903 341 1974 mentes
371 1903 411 1972 et
440 1891 564 1972 eorda
593 1893 811 1999 captivent!

298 2029 358 2106 6.⁰
380 2026 564 2124 Postea,
589 2051 693 2132 quae
715 2026 756 2105 in
778 2035 1035 2108 antecessum
1057 2027 1341 2134 exposuimuS,

181 2161 395 2267 quaeritur
425 2184 450 2237 a
475 2159 635 2265 juriStis
667 2187 718 2240 an
759 2159 908 2266 aliquis
938 2159 991 2240 sit
1020 2187 1157 2260 casuS,
1192 2161 1234 2240 in
1265 2187 1345 2269 quo

182 2292 492 2372 matrimonium
529 2292 696 2373 dissolvi
735 2293 892 2401 possit?
923 2293 999 2373 Cui
1040 2293 1344 2402 interrogationi

184 2427 332 2508 satisfit
362 2427 575 2509 recolendo
606 2455 696 2508 eam
727 2427 1044 2528 distinctionem,
1074 2454 1178 2536 quae
1209 2428 1345 2509 existit

185 2561 289 2640 inter
318 2560 627 2640 matrImonium
650 2561 885 2668 legitimum,
911 2569 1062 2661 ratum,
1096 2570 1136 2642 et
1166 2588 1348 2642 cousum-

177 2701 352 2791 rnutum;
377 2693 581 2801 aliamque
612 2694 912 2775 distinctionem
944 2694 1174 2776 adhibendo
1195 2694 1349 2775 scilicet

183 2829 234 2907 de
263 2827 437 2908 diversis
468 2826 630 2907 divortii
661 2825 893 2934 speciebus,
918 2853 1063 2935 nempe
1084 2829 1192 2935 quod
1213 2827 1349 2908 divor-

183 2965 286 3043 tium
318 2961 430 3042 aliud
460 2961 515 3042 sit
538 2963 719 3072 plenum,
755 2963 918 3068 quando
949 2987 1094 3069 nempe
1130 2962 1349 3043 resolvitur

183 3098 320 3202 ipsum
343 3094 570 3195 vinculum,
595 3103 635 3176 et
654 3103 791 3203 partes
818 3093 1097 3174 omnimodam
1120 3095 1349 3175 libertatem

181 3235 424 3335 recuperant
455 3227 618 3308 sublato
658 3226 948 3335 impedimento
981 3227 1204 3334 ligamina,
1238 3225 1349 3306 aliud

179 3388 280 3441 vero
311 3361 530 3442 divortium
562 3369 624 3441 est
644 3360 973 3469 minus-plenum,
998 3359 1159 3464 quando
1192 3359 1350 3464 integro

181 3503 419 3575 remanente
443 3495 604 3574 vinculo
636 3495 882 3575 dissociatur
912 3518 1112 3572 excausa
1138 3491 1350 3572 individua

181 3629 290 3708 vitae
321 3612 591 3728 consuetude,
616 3627 673 3707 ita
693 3635 840 3707 utnon
873 3633 1036 3706 maneat
1057 3652 1108 3705 ex
1131 3653 1214 3705 una
1234 3634 1348 3733 parte

174 3764 375 3870 obligatio
406 3763 638 3872 praestandi
669 3761 805 3842 officia
836 3760 1054 3861 maritalia,
1079 3761 1151 3840 sed
1183 3759 1349 3840 nonsit

179 3897 343 3978 licentia
373 3896 538 3978 ineundi
560 3895 662 3976 alias
689 3895 871 4003 nuptias:
897 3895 1006 4002 quod
1027 3893 1250 3974 divortium
1273 3893 1351 3973 mi-

179 4032 449 4139 nus-plenum
480 4031 627 4111 iterum
660 4029 937 4110 subdividitur
967 4032 1008 4108 in
1039 4035 1282 4136 perpetuum
1311 4034 1351 4107 et

178 4177 507 4273 temporaneum,
531 4174 654 4272 prout
678 4163 865 4244 liberatio
887 4188 912 4240 a
933 4163 1192 4270 praestandis
1224 4161 1350 4240 mari-

182 4299 336 4381 talibus
366 4299 512 4380 offioiis
534 4325 586 4378 ex
607 4299 777 4380 alterius
807 4297 929 4404 culpa
958 4296 1125 4378 inducta
1151 4323 1202 4376 ex
1224 4295 1350 4402 hujus

179 4433 234 4514 ad
255 4433 465 4516 meliorem
488 4433 648 4541 frugem
671 4431 937 4514 conversione
958 4457 1039 4510 non
1061 4430 1347 4537 reintegretur,
