3388 5136
252 420 296 488 58
558 433 827 482 rarmnonoms
849 433 942 481 suan
963 433 1122 480 onuourcr

257 571 521 668 »structura
555 561 838 670 complectitur
867 559 1192 641 interdictionem
1220 584 1246 638 a
1274 561 1430 671 suscipi

256 699 428 800 »endis,
463 707 503 778 et
535 697 803 804 dejectionem
833 721 860 775 a
889 693 1107 802 susceptis,
1141 692 1316 802 ideoque
1337 723 1433 778 cen-

254 867 272 911 »
294 834 373 915 seri
396 833 516 914 debet
534 839 756 938 utrumque
776 855 925 910 casum
947 827 1172 936 aequaliter
1197 829 1428 938 complecti,

255 1001 272 1044 >
295 995 342 1048 ac
373 965 672 1048 determinare:
697 974 788 1045 tum
815 963 913 1070 quia
933 960 1116 1070 alioquin
1137 961 1366 1043 Concilium
1387 964 1429 1046 in

254 1102 477 1183 »secunda
496 1107 611 1208 parte
633 1099 790 1180 nullam
810 1103 1055 1205 potestatem
1076 1095 1291 1204 Episcopis
1313 1098 1430 1178 attri-
1493 1194 1498 1204 ,

255 1269 273 1312 ›
296 1236 469 1335 buissel,
494 1233 647 1316 nemini
679 1233 788 1313 enim
816 1232 991 1312 dubium
1014 1257 1105 1312 esse
1126 1237 1298 1339 poterat,
1328 1232 1426 1340 quin

257 1371 349 1451 »ob
389 1369 546 1451 crimen
591 1367 877 1468 manifestum,
922 1373 961 1448 et
997 1365 1247 1473 judicialiter
1290 1364 1429 1448 liceret

257 1501 509 1611 ›Episcopis
539 1501 805 1582 Sacerdotem
836 1499 1143 1606 suspendere».

339 1636 459 1728 Quod
490 1634 678 1742 Fagnani
710 1639 1004 1740 argumentum
1025 1632 1270 1714 confirmare
1293 1631 1428 1714 solent

250 1769 342 1851 DD.
377 1795 432 1850 aa
454 1769 641 1880 proemio
671 1767 908 1848 immediate
944 1775 1039 1848 ante
1078 1767 1184 1877 Cap.
1223 1766 1327 1848 Cum
1358 1767 1430 1849 ho-

250 1904 400 1984 nestius
430 1901 580 2011 posito,
597 1902 639 1981 in
670 1927 752 2009 quo
779 1901 990 2010 SynoduS,
1013 1907 1235 2010 postquam
1257 1899 1428 2007 Episco-

249 2063 324 2146 pos
356 2037 518 2117 hortata
549 2044 627 2138 est,
660 2045 707 2117 ut
738 2035 991 2143 corrigendis
1021 2033 1273 2116 Clericorum
1300 2035 1428 2114 mori-

250 2173 329 2252 bus
360 2181 526 2253 strenue
557 2170 814 2272 incumbant,
849 2170 963 2251 addit
994 2217 1046 2230 -·
1065 2175 1110 2250 ut
1129 2170 1209 2279 ipsi
1228 2169 1429 2281 Episcopi

252 2307 295 2388 id
326 2306 493 2388 liberius
524 2308 675 2414 eoeepui
706 2305 924 2387 caleant...
959 2311 999 2385 et
1019 2302 1157 2384 statim
1180 2303 1295 2410 ponit
1319 2304 1423 2412 Cup.

255 2439 358 2518 Cam
389 2439 608 2519 tionestias.
642 2437 828 2518 Tandem
861 2435 1017 2517 aceedit
1047 2435 1274 2516 auctoritas
1296 2435 1428 2516 Bene-

251 2569 346 2650 dicti
368 2557 467 2650 XIV
489 2570 539 2650 de
557 2569 713 2679 Synod.
741 2569 924 2650 Dioecca.
950 2568 1021 2649 tib.
1050 2570 1119 2666 12,
1150 2569 1253 2679 Cap.
1280 2572 1309 2648 8
1330 2597 1372 2649 n.
1397 2573 1429 2650 3

249 2703 321 2783 ubi
349 2703 530 2813 repetitis
552 2704 634 2783 illis
651 2703 788 2784 verbis
802 2747 862 2766 -
876 2705 916 2784 ei
931 2705 998 2784 cui
1013 2729 1202 2784 ascensus
1222 2711 1301 2785 etc.
1326 2703 1427 2786 haec

249 2837 416 2916 subdit:
448 2880 501 2892 -
542 2835 652 2916 «Ex
693 2837 847 2946 quibus
888 2837 1024 2918 verbis
1067 2836 1275 2944 colligitur
1305 2863 1428 2944 posse

254 2969 545 3080 »Episcopum
576 2971 629 3051 ob
661 2971 868 3052 occultum
898 2970 1055 3053 crimen
1086 2971 1213 3051 etiarn
1243 2969 1427 3076 extraju·

253 3135 270 3180 ›
293 3103 494 3185 dicialiter
522 3105 734 3211 cognitum
756 3131 839 3185 non
861 3105 997 3186 solum
1020 3103 1190 3186 Cleriois
1210 3101 1426 3211 prohibere

253 3263 511 3320 »ascensum
542 3239 593 3320 ad
625 3239 859 3347 superiores
894 3239 1073 3337 ordines,
1120 3238 1192 3320 sed
1235 3237 1359 3319 etiam
1400 3263 1426 3316 a
1480 3339 1481 3346 Ν

253 3371 472 3480 >suscepti
500 3371 587 3479 jam
616 3369 784 3453 ordinis
802 3371 1032 3452 ministerio
1063 3370 1229 3452 eosdem
1256 3369 1424 3451 interdi-

253 3531 402 3586 »core:
436 3505 627 3614 quamvis
659 3506 768 3586 enim
801 3507 842 3587 in
874 3507 1058 3588 secunda
1097 3505 1247 3588 decreti
1288 3513 1418 3614 parte,

254 3672 270 3712 ›
292 3637 362 3716 ubi
395 3638 445 3717 de
475 3639 749 3745 suspensione
770 3649 833 3721 est
852 3667 1004 3741 senno,
1030 3665 1112 3720 non
1133 3639 1334 3720 iterentur
1354 3639 1425 3720 illa

252 3769 418 3850 >verba
447 3770 572 3850 etiam
602 3769 649 3849 ob
681 3771 879 3852 occultam
910 3774 1076 3871 crimen,
1123 3771 1419 3881 quomodolibet

253 3904 413 3984 »etiarn
444 3903 850 4012 eatrajadicialiter:
892 3915 1085 3988 constans
1130 3905 1418 4005 nihilominus,

252 4044 329 4120 »et
360 4046 558 4148 perpetua
583 4040 629 4119 S.
655 4038 996 4148 Congregationis
1027 4039 1197 4122 Concilii
1219 4039 1424 4120 sententia

252 4173 381 4272 ituit,
416 4174 468 4254 ob
499 4173 851 4256 continuationem
882 4173 1086 4255 sermonis
1117 4172 1275 4256 censeri
1306 4198 1423 4280 repe·

251 4306 376 4404 »tita,
413 4331 543 4414 eaque
566 4315 787 4416 utrumque
808 4334 952 4390 casum
982 4307 1256 4417 complecti».
1283 4305 1422 4400 Quare

247 4469 298 4524 ex
320 4438 520 4520 hactenus
537 4440 738 4547 expositis
759 4447 848 4522 tuto
869 4439 1056 4524 concludi
1080 4447 1227 4548 potest,
1247 4445 1419 4538 certum,
