3360 5126
342 381 410 447 280
642 403 911 450 rumunnense
934 401 1205 451 centecimum

335 529 503 631 luerint,
537 539 636 612 tunc
667 558 747 612 non
770 537 832 612 est
853 530 933 610 illis
955 527 1143 636 neganda
1175 525 1431 608 communio.
1472 527 1544 608 At

334 690 414 744 non
447 664 577 745 levem
611 667 758 772 ingerit
790 665 1070 746 difficultatem
1101 663 1142 772 ly
1161 663 1200 742 si
1220 661 1402 769 confessi
1413 661 1541 769 fue-

331 799 416 880 rint
444 799 711 911 Presbytero,
747 799 809 881 cel
839 800 1043 882 Diacono.
1645 882 1647 891 ἱ

418 933 485 1016 Ad
515 933 820 1015 conciliandum
860 941 998 1014 tamen
1029 937 1189 1012 textum
1224 927 1334 1010 hunc
1371 929 1535 1036 quoad
1645 928 1648 985 i

334 1066 634 1149 confessionem
652 1067 882 1149 faciendam
899 1066 1099 1159 Diacono,
1113 1091 1207 1146 cum
1224 1062 1338 1143 Fidei
1357 1062 1530 1170 dogma

332 1199 402 1298 sit,
438 1208 483 1282 ut
512 1201 587 1282 soli
611 1200 819 1283 Sacerdoti
853 1200 1027 1282 facultas
1048 1205 1253 1306 competat
1274 1196 1528 1278 dimittendi
1652 1282 1653 1287 Ν

333 1341 503 1442 peccata
523 1335 703 1416 clavium
724 1334 968 1433 ministerio,
993 1341 1039 1415 ut
1059 1331 1250 1413 definivit
1266 1331 1392 1412 Conc.
1413 1329 1527 1408 Tri·
1648 1359 1650 1362 ·

336 1468 444 1550 dent.
481 1495 570 1578 cup.
612 1470 684 1562 VI,
718 1478 763 1567 et¹
790 1469 894 1550 Can.
919 1469 1076 1549 Xsess.
1110 1468 1231 1560 XIV,
1268 1467 1318 1547 de
1347 1467 1522 1548 Poenit.

336 1600 522 1681 nonnulli
539 1603 782 1708 interpretes
799 1607 1032 1698 senserunt,
1052 1599 1369 1700 confessionem,
1390 1625 1524 1707 quam

333 1734 479 1814 Patres
513 1734 681 1815 Concilii
704 1735 987 1816 Triburiensis
1007 1736 1050 1814 in
1074 1759 1175 1814 casu
1196 1733 1406 1843 proposito
1429 1735 1525 1814 exi-

333 1867 506 1974 gebant,
540 1877 587 1949 ut
626 1867 862 1977 hujusmodi
903 1869 1058 1977 publici
1090 1877 1325 1978 peccatores
1356 1869 1521 1950 admitti

335 2010 522 2109 possent,
567 2028 649 2083 non
689 2004 740 2084 ad
782 2002 1103 2104 Eucharistiam,
1138 2004 1209 2086 scd
1241 2003 1292 2083 ad
1332 2001 1520 2084 fidelium

335 2135 688 2235 communionem,
717 2135 841 2243 juxta
875 2161 1016 2244 quarn,
1051 2146 1091 2218 et
1121 2145 1263 2218 oratur
1293 2163 1367 2244 pro
1397 2161 1518 2217 mor-

334 2268 435 2370 tuis
462 2277 502 2350 et
525 2269 782 2351 Sacrificium
815 2271 997 2364 offertur,
1025 2298 1107 2352 non
1128 2271 1257 2351 fuisse
1278 2295 1519 2351 sacremen—
1643 2331 1644 2334 t

334 2401 479 2502 talem,
503 2404 574 2483 sed
607 2404 943 2485 contestationem
975 2431 1114 2486 coram
1145 2403 1330 2486 Diacono
1362 2404 1514 2485 iactam
1643 2501 1645 2508 y

332 2561 407 2643 per
423 2535 548 2643 signa
565 2537 852 2645 poenitentiae,
873 2535 1025 2644 quibus
1041 2537 1320 2636 ostenderent,
1339 2565 1385 2620 se
1406 2538 1518 2619 serio
1644 2557 1645 2560 ‘

334 2666 461 2748 luisse
502 2695 740 2750 conversos.
779 2669 862 2748 Alii
907 2670 1515 2780 existimarunt,.praesentem

331 2807 493 2882 textum
518 2801 828 2908 intelligendum
855 2831 946 2886 esse
977 2806 1026 2887 de
1058 2805 1318 2888 absolutione
1349 2831 1516 2888 excom·

331 2933 641 3036 municationiS‚
676 2963 800 3046 quam
832 2939 930 3020 olim
963 2941 1230 3023 incurrebant
1260 2941 1416 3050 publici
1444 2941 1511 3022 la-

330 3075 484 3171 trones,
520 3097 545 3150 a
575 3097 658 3179 qua
693 3100 744 3152 ex
786 3072 981 3182 Episcopi
1024 3074 1314 3156 commissione
1356 3073 1513 3156 absolvi

329 3210 519 3311 poterent
539 3232 564 3286 a
584 3205 789 3290 Diacono.
813 3207 897 3288 Alii
920 3209 970 3290 de
1000 3208 1265 3310 Euchiristia,
1295 3237 1401 3318 quae
1423 3237 1517 3318 per-

330 3338 572 3422 mittebatur
602 3342 882 3424 administrari
906 3369 931 3422 a
952 3342 1135 3425 Diacono
1169 3343 1248 3424 luri
1281 3345 1512 3446 vulnerato,
1553 3443 1555 3447 ¹

329 3471 364 3552 si
396 3474 446 3555 de
478 3474 590 3554 illius
632 3475 877 3556 contritione
909 3476 945 3556 ei
978 3477 1241 3576 constitisset,
1277 3505 1374 3559 cum
1409 3479 1516 3557 inter

330 3614 513 3687 caeteros
544 3633 667 3686 casus
711 3607 776 3712 (ut
807 3609 1096 3691 animadvertit
1130 3611 1378 3693 Benedictus
1409 3610 1510 3690 XIV

331 3735 561 3846 deSynodc
578 3738 709 3821 diaeo.
733 3740 832 3825 edit.
857 3769 927 3825 on.
953 3745 1073 3824 1755
1096 3743 1166 3824 lib.
1191 3745 1275 3826 VH
1291 3770 1381 3855 cup.
1404 3743 1519 3822 XVI

329 3899 371 3952 n.
406 3873 456 3981 8)
489 3871 530 3952 in
561 3875 715 3982 quibus
746 3875 900 3958 sufficit
930 3879 1135 3980 contritio,
1153 3877 1243 3959 sine
1273 3904 1512 3960 sacramen·

330 4006 401 4090 tali
444 4007 701 4090 confessione
743 4010 793 4090 ad
834 4011 1139 4120 percipiendam
1182 4011 1508 4114 Eucharistiam‚

330 4152 598 4226 enumeretur
629 4149 752 4226 etiam
777 4144 843 4226 ille
864 4145 1043 4228 hominis
1064 4147 1274 4228 constituti
1298 4147 1339 4227 in
1360 4147 1509 4228 mortis

331 4277 517 4378 articulo,
551 4279 616 4360 cui
649 4279 763 4361 deest
797 4280 1014 4384 Sacerdos,
1048 4309 1076 4362 a·
1103 4309 1185 4392 quo
1214 4287 1501 4365 sacramenta-

330 4424 413 4505 lem
452 4411 753 4496 absolutionem
792 4415 987 4498 obtineat.
1032 4418 1114 4499 Alii
1146 4427 1310 4529 tanpem
1358 4418 1512 4501 intelli-
