3356 5118
358 483 427 552 360
656 503 927 552 mammons
950 505 1045 552 runis
1067 505 1229 552 canoa-mr

360 633 472 714 illam
494 631 665 738 accepit,
691 631 864 738 ideoque
886 630 1102 732 definitum
1118 657 1254 741 poena
1283 631 1541 742 spiritualis,
1644 592 1646 683 ἷ

360 777 398 849 et
427 765 700 858 medicinalis,
734 792 818 874 quo
838 765 996 846 homini
1025 765 1232 876 baptizato
1264 765 1539 873 delinquenti,

1642 696 1650 771 t

360 911 397 986 et
428 903 657 983 contumaci
675 901 873 1010 aufertur
895 927 976 1010 per
999 907 1242 1010 potestatem
1271 900 1547 983 Ecclesiasti-

361 1061 453 1117 cum
473 1060 569 1114 usus
603 1031 878 1141 quorumdam
908 1034 1105 1114 bonorum
1134 1033 1430 1143 spiritualium,
1469 1035 1548 1116 do-

361 1193 432 1249 nec
468 1169 720 1276 corriqatur,
753 1175 792 1248 et
822 1194 850 1247 a
880 1168 1140 1248 coutumacia
1171 1169 1395 1248 recesserit.

447 1301 607 1384 Dicitur
630 1328 766 1412 poena
794 1300 1031 1413 spiritualis
1062 1301 1113 1381 ad
1150 1299 1425 1382 denotandam
1462 1301 1546 1382 dif-

364 1433 577 1518 serentiam
610 1461 835 1543 poenarum
867 1431 1172 1542 temporalium.

448 1569 611 1650 Dicitur
648 1595 784 1680 poena
815 1567 1088 1666 medicinalis,
1123 1565 1221 1673 quia
1249 1591 1427 1647 censura
1467 1593 1542 1674 per
1647 1603 1648 1618 κ

362 1729 423 1804 se,
458 1714 497 1785 et
527 1703 722 1812 primario
756 1704 971 1783 ordinatur
1002 1702 1054 1782 ad
1085 1700 1380 1782 correctionem
1411 1699 1543 1782 deliu—
1646 1713 1648 1732 ⁴

362 1836 540 1945 quentiS,
576 1835 680 1918 idest
711 1835 983 1916 inobedientis
1007 1836 1195 1942 potestati
1226 1833 1541 1916 Ecclesiasticae

363 1971 443 2052 sub
474 1995 651 2051 censura
681 1968 836 2077 aliquid
867 1969 1167 2076 praecipientis,
1195 1968 1259 2076 vel
1285 1967 1540 2076 prohibentis

363 2105 487 2215 Ar9.⁰
522 2104 627 2216 Cap.
652 2105 676 2185 1
709 2103 758 2184 ola
787 2104 950 2186 Seutea.
975 2127 1133 2184 cacam.
1160 2104 1202 2183 in
1223 2109 1268 2200 6,
1292 2105 1538 2185 secundario
1650 2199 1651 2202 Ν

364 2247 524 2321 tantum
555 2239 606 2320 ad
638 2237 908 2348 punitionem.

451 2371 611 2454 Dicitur
651 2371 809 2457 homini
849 2371 1068 2482 baptizato,
1102 2370 1200 2478 quis
1230 2397 1361 2478 poena
1390 2369 1534 2452 Eccle·
1650 2381 1652 2400 ²

364 2506 532 2589 siastioa
562 2533 645 2588 nou
677 2507 718 2586 in
758 2505 900 2604 alium,
937 2529 1063 2612 quam
1094 2507 1133 2584 in
1167 2503 1373 2586 hominem
1405 2503 1537 2609 bapti-

365 2647 504 2723 zatum
536 2641 681 2720 cadere
724 2645 872 2746 potest.
907 2638 1019 2718 Sane
1049 2635 1211 2738 ludaei,
1245 2636 1416 2746 Pagani‚
1448 2635 1535 2716 Sa-

364 2773 517 2872 raceni,
551 2771 702 2879 aliique
734 2770 936 2870 infideles,
970 2770 1040 2880 qui
1071 2792 1301 2880 numquam
1332 2799 1404 2880 per
1437 2771 1536 2879 bap·

363 2905 533 2988 tismum
581 2905 623 2986 in
668 2904 895 2987 Ecclesiam
940 2905 1131 3013 ingressi,
1175 2905 1345 3013 ejusque
1386 2905 1533 2987 subditi

364 3039 495 3122 effecti
536 3047 648 3142 sunt,
695 3067 777 3122 nou
808 3048 915 3121 recte
956 3065 1132 3121 censura
1173 3041 1428 3142 afficiuntur,
1469 3041 1533 3122 di-

365 3181 480 3255 cente
512 3173 711 3283 Apostolo
753 3177 768 3254 l
806 3171 862 3255 ad
897 3173 1133 3255 Corinthios
1169 3200 1271 3256 cers.
1311 3179 1385 3266 12,
1433 3171 1538 3264 Quid

362 3307 465 3391 milti
503 3316 559 3390 est
600 3307 649 3388 de
694 3309 764 3407 iis,
809 3309 881 3415 qui
910 3309 1028 3417 soris
1072 3308 1196 3415 (idest
1235 3317 1353 3389 extra
1394 3307 1536 3388 Eccle-
1651 3323 1652 3326 '

361 3443 486 3550 siam)
528 3449 622 3524 sunt
649 3441 879 3549 judicare?
917 3441 1032 3522 Nam
1072 3468 1138 3523 eos
1180 3443 1291 3524 Deus
1309 3441 1533 3550 judicabit.
1650 3549 1651 3552 Ν

361 3573 438 3656 Cui
485 3574 663 3657 concinit
708 3574 940 3656 Concilium
989 3576 1277 3658 Tridentiuum
1323 3603 1418 3658 sess.
1461 3579 1536 3668 14,

366 3707 468 3817 Cap.
503 3707 614 3790 2de
657 3705 818 3792 Poenit.
864 3711 1056 3791 Sacram.
1091 3754 1149 3772 -
1179 3711 1236 3791 ibi
1266 3753 1326 3775 —
1350 3709 1539 3791 Ecclesia

363 3841 405 3921 in
435 3843 634 3922 nemiuem
662 3841 874 3949 judicium
905 3853 1079 3942 eaercct,
1115 3845 1188 3952 qui
1229 3871 1310 3927 non
1347 3844 1463 3956 prius
1496 3847 1539 3923 ia

361 3976 495 4087 ipsam
519 4001 598 4086 per
628 3976 821 4088 baptismi
839 3977 1023 4083 januam
1034 3977 1174 4086 fuerit
1197 3982 1415 4087 inpressas.
1451 3975 1538 4057 Ad-

360 4109 464 4190 dunt
494 4117 707 4216 praeterea
726 4107 816 4191 DD.
843 4113 1131 4210 communiter,
1157 4113 1265 4218 quod
1298 4111 1422 4192 homo
1443 4135 1537 4191 cen·

360 4243 570 4324 surandus
615 4241 761 4324 debeat
790 4269 883 4324 esse
914 4241 1040 4324 etiam
1072 4248 1222 4347 uiator,
1257 4245 1355 4353 quia
1384 4241 1536 4324 mortui

360 4399 536 4455 censura
556 4375 675 4482 ligari
697 4403 779 4458 non
801 4383 990 4485 possunt,
1016 4403 1148 4486 neque
1169 4377 1306 4488 quoad
1335 4381 1534 4476 unimam,

360 4532 491 4615 neque
522 4507 659 4616 quoad
689 4534 848 4620 corpus.
894 4507 987 4591 Non
1029 4511 1162 4618 quoad
1206 4511 1406 4612 animam,
1435 4511 1537 4618 quia
