3178 5134
400 352 509 403 maun
531 327 579 404 iv.
606 373 623 387 -
647 355 787 405 Truncus
809 353 866 403 xv.
1160 341 1225 405 253

85 513 138 566 scu
156 511 198 565 ex
219 482 545 592 disproportione
567 485 820 584 earumdem,
840 482 904 562 vel
925 509 976 562 ex
999 482 1221 590 frigiditate

85 625 136 697 aut
152 645 194 698 ex
214 617 398 726 quolibet
427 618 643 722 maleficio,
668 619 717 700 de
739 618 891 726 quibus
921 617 1115 698 omnibus
1136 619 1221 726 agit

23 731 25 757 '
85 751 237 832 Robrica
266 751 410 832 Tituli.

173 883 231 966 2?
261 883 375 966 Haec
405 911 502 966 vero
534 885 774 993 impotentia
805 893 880 966 est:
905 883 1117 992 ·a()alia
1147 913 1224 966 nu·

83 1026 102 1092 t
105 1017 200 1098 nutu
221 1025 261 1098 et
284 1019 385 1098 intr
371 1046 518 1120 roseco
543 1027 589 1100 ut
610 1027 729 1101 arctrt
680 1019 827 1120 tit,udo
854 1019 1073 1126 frigiditas
1093 1021 1223 1101 nimia

83 1152 191 1258 relidit
165 1181 238 1234 ras
270 1161 349 1236 eto.
294 1153 466 1236 talia
505 1154 735 1235 occidental
675 1156 841 1235 tuiset
872 1156 1104 1235 extrinseco
1134 1164 1223 1237 orta

82 1295 158 1389 puta
184 1314 234 1368 ex
266 1286 468 1368 maleficio
509 1295 581 1368 aut
616 1313 741 1395 opera
780 1286 1012 1389 hominum,
1047 1296 1093 1368 ut
1122 1298 1220 1370 sunt

84 1417 153 1500 lacti
189 1419 384 1521 eunuchi,
428 1420 659 1503 maleficiati
691 1429 768 1503 etc.
801 1467 822 1482 -
853 1420 916 1529 (b)
949 1421 1031 1502 alia
1072 1423 1224 1530 pariter

80 1559 126 1632 est
150 1562 420 1664 temporaneo,
456 1554 537 1634 alia
569 1564 784 1666 perpetuu,
821 1569 944 1663 prout
972 1557 1025 1636 ad
1056 1565 1220 1665 tempus

82 1683 222 1789 durans,
248 1695 294 1770 ut
319 1688 562 1796 proveniens
593 1716 645 1769 ex
675 1697 817 1800 tenera
846 1697 993 1792 aetate,
1018 1717 1124 1798 quae
1154 1716 1223 1771 ae·

80 1825 141 1899 tate
166 1822 408 1929 procedente
438 1822 668 1923 redimitur,
695 1823 758 1904 vel
780 1850 885 1931 quae
915 1850 1077 1932 semper
1107 1825 1157 1904 de
1178 1852 1224 1906 se

80 1950 185 2054 durat,
222 1984 297 2038 nec
326 1955 448 2037 licitis
479 1957 626 2038 mediis
666 1957 859 2038 adhibitis
899 1983 1060 2038 cessare
1091 1967 1226 2066 potest

80 2092 133 2164 aut
158 2087 300 2197 depelli
331 2089 472 2197 nequit
501 2089 589 2170 sine
619 2090 727 2172 vitae
767 2089 964 2197 perieulo;
996 2135 1016 2148 -
1047 2091 1104 2200 (c)
1137 2091 1220 2173 alia

82 2215 243 2304 similiter
273 2231 336 2304 est
357 2224 558 2325 cibsolntu,
582 2223 665 2304 alia
695 2225 884 2323 rotatico,
909 2233 1031 2330 prout
1057 2226 1227 2331 impedit

78 2356 347 2436 commercium
378 2384 473 2438 oum
494 2356 675 2465 qualibet
705 2383 882 2464 persona
902 2356 1051 2438 diversi
1073 2359 1217 2460 sexuS,

80 2481 125 2560 rel
142 2511 245 2592 quac
265 2495 426 2569 tantum
449 2489 617 2596 impedit
638 2514 733 2568 cum
750 2515 835 2568 una
850 2487 914 2568 vel
931 2487 1013 2566 alia
1028 2517 1221 2596 persona;

80 2624 228 2728 utputa
260 2650 356 2705 cum
387 2623 544 2731 virgine
576 2651 659 2704 non
680 2629 818 2703 autem
849 2649 942 2703 cum
967 2623 1090 2703 vidua
1111 2632 1151 2704 et
1172 2624 1224 2704 ab

79 2749 140 2832 ulio
163 2757 248 2862 jam
271 2758 451 2865 cognita.
470 2804 492 2818 -
508 2758 569 2866 (d)
592 2758 687 2837 Alia
714 2758 882 2837 demum
903 2764 965 2837 est
987 2757 1227 2864 impotentia

76 2891 289 2998 ‹urtecedens
329 2890 410 2971 alia
449 2891 688 2998 subsequens
733 2888 1071 2990 matrimonium,
1120 2917 1225 2998 quac

77 3043 198 3132 nempe
225 3013 314 3134 jam
342 3025 631 3106 verificabatur
662 3030 882 3130 antequam
913 3025 1223 3106 matrimonium
1321 3117 1325 3122 ,

76 3151 346 3258 celebraretur,
370 3166 442 3239 aut
472 3143 578 3266 quae
608 3157 741 3262 coepit
773 3155 923 3238 habere
953 3156 1105 3257 locum,
1130 3183 1226 3237 oum

70 3280 138 3385 jam
166 3291 479 3373 matrimonium
511 3292 643 3372 fuerat
673 3289 951 3371 conciliatum.

172 3428 233 3506 3.ο
255 3424 419 3518 Quibus
450 3423 612 3534 positis,
636 3422 845 3504 nonnullis
876 3421 1228 3529 propositionibus

20 3549 25 3566 '
73 3551 207 3639 dictata
247 3559 446 3640 canonica
485 3583 778 3666 proponemus
813 3554 964 3662 quibus
1001 3561 1110 3636 certo
1151 3552 1228 3634 erit

71 3693 218 3792 quando
260 3692 503 3802 impotentia
537 3700 600 3774 est
630 3689 826 3772 dirimens
868 3688 1222 3797 impedimentum,

70 3829 100 3901 u
124 3829 291 3934 quando
328 3827 369 3909 id
399 3853 481 3908 non
512 3826 761 3907 verificatur.
795 3870 814 3884 -
843 3827 873 3906 l.
908 3823 1152 3932 lmpotentia
1173 3823 1225 3903 ad

70 3958 288 4040 maritalem
319 3959 510 4068 copulam
541 3959 788 4059 habendam,
818 3957 1041 4040 dummodo
1062 3955 1115 4036 sit
1135 3981 1229 4063 per-

69 4099 178 4192 petua
198 4103 242 4176 et
262 4096 520 4194 antecedens,
547 4094 634 4174 sive
654 4093 708 4176 sit
738 4092 930 4175 absoluta
950 4091 1037 4171 sive
1058 4088 1229 4171 relativa

67 4219 209 4309 dirimit
232 4227 542 4310 matrimonium
563 4226 786 4334 etquidem
813 4225 907 4332 jure
928 4231 1115 4303 naturae.
1141 4218 1228 4300 Ra

67 4352 311 4442 tionabilitas
348 4359 468 4444 istius
508 4357 800 4468 propositionis
840 4358 1146 4438 demonstratur
1176 4379 1233 4434 ex
