3136 5138
425 433 535 484 itera
557 434 603 482 iv.
620 437 649 466 ·-
671 433 809 485 T1T1JLt's
832 436 890 484 ru.
1185 423 1245 486 181

95 563 207 670 jugeS,
241 571 281 642 ct
310 562 433 642 fidem
455 561 686 641 maritalem
726 563 956 660 tutandam,
1003 561 1118 670 queis
1150 591 1245 670 per·

100 696 229 776 tractae
258 695 368 794 fidei,
402 703 454 776 et¹
471 695 654 802 proditae
679 695 878 776 maritalis
900 696 1128 777 dilectionis
1149 699 1244 778 nul·

100 829 166 909 lum
205 829 391 910 lut-urum
433 835 543 910 esset
583 827 909 909 emolumentum
949 855 1001 908 ex
1041 831 1243 938 denegata

99 960 284 1043 validitate
315 960 482 1042 ineundi
521 960 626 1042 inter
666 985 737 1040 eos
777 959 973 1068 conjugii.
1007 1007 1028 1022 -
1057 961 1120 1041 Ex
1160 990 1243 1070 quo

101 1094 294 1176 deducitur
323 1093 401 1174 hoc
430 1091 769 1200 impedimentum
801 1119 883 1174 non
905 1091 1053 1175 habere
1075 1095 1159 1175 vim
1181 1095 1244 1175 in-

100 1236 147 1308 ter
172 1229 367 1326 infideleS,
393 1253 524 1335 neque
545 1253 616 1307 eos
637 1227 788 1308 directe
810 1227 1025 1335 respicere,
1053 1229 1247 1338 quamvis

101 1361 146 1441 eis
171 1361 301 1470 possit
331 1361 524 1442 indirecte
555 1361 700 1468 aptari,
733 1361 769 1441 si
791 1369 1000 1442 consortes
1021 1361 1146 1469 hujus
1166 1363 1245 1443 cri-

101 1495 203 1576 minis
232 1495 316 1576 sint
346 1522 441 1576 cum
461 1495 667 1596 fidelibus,
692 1521 787 1576 cum
809 1496 844 1575 si
867 1497 968 1576 istos
989 1496 1139 1578 afficiat
1160 1523 1242 1577 non

101 1630 209 1734 possit
238 1656 310 1711 eos
330 1608 412 1710 uon
433 1629 635 1736 respicere
656 1655 708 1708 ex
729 1628 884 1710 unitate
901 1637 1135 1710 contractus
1156 1657 1247 1710 ma-

104 1760 340 1861 trimonialis,
374 1761 722 1869 quemadmodum
753 1762 987 1869 expositum
1028 1763 1161 1844 estin
1193 1765 1247 1842 ti-

103 1894 166 1975 tulo
191 1896 385 1976 XXXHl
411 1895 480 1975 lib.
514 1895 592 1974 III.

194 2033 257 2112 2⁰
285 2032 463 2110 Istorum
492 2055 589 2110 vero
619 2028 838 2110 criminum
859 2029 961 2111 ratio
982 2029 1076 2110 talis
1098 2039 1175 2130 est,
1199 2039 1247 2112 ut

101 2161 204 2244 relate
235 2164 287 2244 ad
317 2163 395 2244 hoc
414 2163 751 2270 impedimentum
774 2162 1062 2244 incurrendum
1086 2164 1247 2270 possint

102 2297 328 2380 considerari
359 2305 442 2378 tres
473 2321 609 2393 cesuS,
637 2322 783 2403 nempe
797 2299 938 2406 primo
960 2296 1165 2398 adulterii,
1184 2306 1247 2376 sess

102 2428 210 2510 medo
240 2429 474 2529 uxoricidii,
509 2429 629 2509 tertio
660 2427 847 2509 adulterii
878 2429 1002 2510 simul
1034 2437 1073 2510 et
1105 2430 1250 2509 uxori·
1313 2534 1316 2542 Ι

102 2562 191 2666 cidii,
224 2592 329 2674 quos
360 2589 484 2645 casus
514 2563 754 2670 singillatim
776 2565 1071 2671 expendemus,
1097 2563 1149 2645 Et
1169 2563 1249 2644 im·

103 2697 225 2800 primis
257 2698 307 2778 de
338 2695 551 2778 adulterio.
586 2697 651 2776 Ad
683 2695 1022 2802 impedimentum
1063 2695 1247 2776 criminis

104 2815 246 2938 propter
276 2830 525 2911 adulterium
555 2831 691 2937 porro'
706 2829 941 2936 requiritur,
967 2837 1012 2908 ut
1032 2837 1248 2938 sequentes

103 2965 335 3046 conditiones
364 2965 722 3044 concurrantz-l.⁰
744 2971 789 3042 ut
809 2961 1057 3042 adulterium
1078 2989 1252 3043 coneur-

102 3105 152 3177 rat
177 3124 271 3181 cum
301 3095 572 3206 promissione
602 3093 852 3176 matrimonii
884 3093 1026 3194 futuri,
1060 3095 1123 3175 vel
1154 3121 1248 3175 cum

103 3231 345 3313 matrimonio
375 3231 425 3311 de
456 3229 563 3310 tacto
593 3235 790 3310 attentato
821 3253 872 3308 er
904 3256 993 3339 cop.
1030 3229 1103 3309 ult.
1139 3228 1180 3308 h.
1215 3237 1245 3309 t.

102 3357 142 3442 Et
166 3363 266 3446 haec
296 3361 515 3473 promissio
545 3369 608 3444 est
638 3361 687 3442 de
716 3388 761 3441 se
792 3360 902 3440 mala
932 3361 1093 3442 etiamsi
1133 3361 1176 3440 in
1205 3388 1254 3441 se·

101 3495 174 3578 sola
202 3497 498 3598 consideretur,
530 3497 628 3606 quia
658 3503 776 3604 turpe
805 3502 1019 3604 reputatur
1039 3502 1251 3576 constante

103 3654 170 3710 uuo
198 3631 461 3714 matrimonio
492 3632 541 3712 de
571 3631 698 3712 altero
718 3629 885 3738 pacisci,
909 3637 949 3710 et
969 3629 1150 3737 aliquam
1170 3629 1256 3709 sal-

102 3767 171 3844 tem
200 3767 459 3848 occasionem
490 3767 685 3874 praebeat
714 3765 939 3872 captandae
960 3763 1120 3864 mortis;
1144 3764 1252 3844 unde

102 3921 164 3977 nec
192 3899 327 3981 valida
356 3897 576 4007 promissio
606 3906 683 3999 est,
718 3897 816 4005 quia
845 3905 906 3979 est
941 3904 1083 3978 contra
1121 3898 1254 3976 bonos

101 4031 605 4142 mores.-2.⁰Requiritur
635 4039 796 4114 uttam
828 4030 1090 4132 adulterium,
1129 4055 1251 4138 quam

102 4159 303 4249 interdicta
332 4165 551 4274 promissio
582 4166 631 4246 de
662 4163 813 4245 futuris
843 4161 998 4271 nuptiis
1028 4161 1093 4243 vel
1124 4169 1256 4243 atten-

103 4297 188 4378 tatio
204 4297 453 4380 matrimonii
470 4297 710 4380 advenerint
731 4297 865 4379 adhuc
886 4303 1097 4378 constante
1120 4293 1255 4400 priore

102 4431 363 4534 matrimonia,
398 4440 520 4541 prout
550 4431 725 4514 habetur
755 4459 805 4512 ex
833 4431 923 4538 jam
953 4433 1020 4511 cit.
1057 4455 1146 4540 cop.
1178 4428 1251 4508 ult.
