3388 5136
306 423 372 489 108
607 437 878 485 rnnnnnormuas
902 436 995 482 rurus
1017 435 1172 481 oluouror

836 835 861 933 a
898 832 956 910 1.·

647 1103 712 1182 De
735 1109 862 1211 poeto
892 1099 1144 1180 simoniace.

399 1361 520 1456 Quod
552 1368 720 1471 pactum
754 1359 919 1467 aliquod
942 1385 1203 1467 expressum,
1228 1359 1290 1439 vel
1316 1361 1487 1442 tacitum

311 1495 455 1577 saltem
474 1525 525 1577 ex
544 1522 629 1576 una
646 1503 760 1603 parte
772 1493 1026 1591 inchoatum,
1042 1509 1113 1572 aut
1126 1493 1327 1575 intentum
1353 1495 1489 1603 requi-

315 1637 430 1710 ratur
461 1631 511 1710 ad
545 1629 763 1722 simoniam
796 1626 1139 1728 constituendam,
1164 1627 1204 1707 id
1227 1637 1387 1711 eertum
1410 1637 1487 1729 est,

313 1769 352 1840 et
394 1763 504 1870 apud
550 1762 751 1844 Doctores
792 1761 1084 1842 indubitatum.
1119 1762 1340 1845 Manifesta
1380 1761 1490 1843 enim

314 1895 475 1976 eruitur
516 1923 568 1976 ex
601 1895 703 2004 ipsis
735 1893 984 1976 definitionis
1014 1893 1167 1976 verbis.
1202 1895 1310 1976 Sane
1342 1896 1493 1978 dicitur

313 2029 354 2109 in
387 2029 492 2136 ipsa,
528 2031 637 2138 quod
679 2028 859 2110 simonia
899 2035 961 2108 est
990 2071 1049 2089 —
1078 2027 1272 2110 Studiose
1303 2027 1489 2109 uolontas

315 2163 485 2260 emendi,
527 2170 564 2242 ct
605 2162 817 2244 uendendi.
852 2163 996 2262 Porr0,
1031 2168 1077 2240 ut
1117 2161 1349 2242 verificetur
1388 2159 1492 2243 haec

315 2296 502 2378 studiosa
519 2297 754 2405 emptionis
776 2303 816 2378 et
830 2295 1078 2377 venditionis
1089 2293 1297 2395 voluntas,
1312 2301 1484 2401 oportet,

317 2436 363 2507 ut
383 2427 608 2509 intercedat
628 2429 842 2511 conventio
858 2429 963 2509 inter
979 2428 1100 2526 duos,
1125 2427 1187 2507 vel
1211 2427 1351 2536 plures
1366 2427 1489 2507 dandi

316 2559 529 2669 spirituale
559 2589 633 2670 pro
665 2562 898 2669 temporali,
932 2561 994 2642 vel
1017 2563 1253 2663 vicoversa3
1279 2561 1391 2669 atqui
1414 2561 1492 2642 hu·

308 2694 490 2802 jusmodi
528 2697 745 2778 conventio
777 2696 817 2776 in
844 2697 937 2803 jure
963 2705 1147 2804 pactum,
1181 2703 1367 2796 vocatur,
1393 2722 1490 2802 ergo

314 2830 364 2909 ad
396 2830 727 2913 constituendam
759 2831 978 2912 simoniam
1010 2839 1178 2940 pactum
1211 2830 1393 2938 aliquod,
1428 2829 1492 2910 vel

312 2971 566 3045 contractum
604 2966 755 3074 requiri
789 2967 1006 3047 indubium
1038 2973 1114 3048 est.
1149 2967 1215 3046 Ito
1250 2966 1487 3047 eommunis.

401 3095 544 3205 Neque
581 3100 741 3182 dicatur
771 3099 1009 3206 hujusmodi
1044 3107 1210 3208 paetum
1242 3099 1305 3182 rel
1327 3109 1490 3180 contra-

315 3235 427 3312 ctum
459 3229 570 3313 haud
603 3259 767 3340 semper
797 3223 905 3341 exigi
938 3235 989 3314 ad
1011 3232 1347 3316 constitutionem
1365 3234 1493 3313 simo-

311 3364 420 3467 niae,
454 3367 788 3476 quandoquidem
831 3375 965 3475 potest
1006 3368 1130 3450 etiam
1174 3395 1286 3450 unus
1326 3373 1490 3447 tanturn

313 3525 404 3579 eam
427 3502 699 3604 committere,
723 3529 797 3584 ceu
817 3511 931 3611 patet
946 3504 1136 3611 exemplo
1152 3500 1352 3583 simoniae
1374 3525 1491 3581 men-

313 3631 421 3728 talis.
438 3631 754 3742 Respondemus
771 3637 880 3718 enim
893 3637 1105 3745 singulare
1121 3664 1212 3718 esse
1228 3637 1269 3716 in
1288 3635 1492 3717 simoniae

313 3763 500 3866 crimine,
537 3775 581 3848 ut
613 3776 783 3875 pactum
821 3797 985 3878 semper
1006 3771 1210 3878 exigatur,
1235 3769 1329 3851 lieet
1351 3792 1493 3850 neces-

313 3897 471 3980 sarium
514 3900 627 3985 haud
668 3902 736 4005 sit,
771 3912 818 3986 ut
861 3903 1100 3988 huiusmodi
1137 3913 1305 4014 pactum
1335 3904 1392 3984 sit
1423 3929 1495 3984 ex·

312 4059 519 4140 pressum,
554 4038 628 4118 sed
661 4038 813 4120 sufficit
845 4047 1011 4147 pactum
1049 4040 1237 4141 tacitum,
1260 4065 1335 4119 seu
1359 4035 1497 4145 impli-

313 4165 439 4247 citum
457 4171 606 4253 saltem
626 4198 674 4254 ex
691 4199 776 4255 una
794 4181 909 4283 parte
927 4173 1253 4274 inchoatum,vel
1273 4173 1493 4273 intentum,

313 4323 394 4405 quo
416 4302 509 4407 quis
537 4307 762 4414 temporale
780 4308 866 4407 dat,
887 4315 959 4389 aut
980 4315 1177 4416 praestat,
1198 4316 1271 4389 aut
1287 4313 1498 4415 praestare

311 4431 484 4515 intendit
519 4437 675 4542 animo,
719 4447 759 4522 et
788 4441 1015 4524 intentione
1048 4443 1222 4524 alterurn
1265 4441 1490 4550 obligandi,
