3360 5126
264 358 266 364 '
330 357 398 424 304
637 373 904 422 rannuumrouus
927 374 1019 421 ruma
1040 373 1196 420 cnuomor

331 505 399 585 Eu
418 513 477 583 est
504 527 641 584 rerum
667 503 682 580 l
711 501 920 608 Septemb.
961 500 1085 596 1572,
1121 499 1161 578 in
1193 497 1345 604 quibus
1375 495 1501 577 libelli

1635 287 1657 410 l

331 639 477 719 famosi
510 645 698 718 auctores
729 633 987 742 gravissimis
1019 633 1176 740 poenis,
1201 640 1240 711 et
1262 631 1502 740 praesertim
1637 663 1641 738 ¹,

331 773 523 854 infamiae
555 771 644 879 ipso
676 771 782 852 facto
823 769 1090 851 incurrendae
1130 767 1424 874 subjiciuntur.
1459 768 1505 846 ln

329 935 419 1019 cop.
454 912 501 1006 2,
535 906 578 988 lt.
613 915 641 987 t.
679 905 815 1012 agitur
846 905 895 986 de
933 884 1201 1011 blasphemia,
1237 911 1276 983 et
1307 901 1362 981 ibi
1392 901 1502 988 Gre-

329 1041 471 1148 gorius
511 1040 568 1119 lX
600 1041 759 1138 statuit,
799 1045 845 1118 ut
874 1040 909 1116 si
941 1037 1032 1146 quis
1073 1050 1216 1118 contra
1256 1037 1406 1134 Deum,
1441 1035 1505 1114 vel

330 1175 508 1282 aliquem
539 1175 786 1262 Sanctorum
817 1173 999 1253 maxime
1030 1182 1172 1252 contra
1202 1173 1250 1253 B.
1287 1171 1505 1278 Virginem

330 1310 628 1420 blasphemiam
646 1309 808 1417 publice
825 1309 957 1388 dicere
980 1307 1303 1416 praesumpserit
1328 1309 1386 1386 l.⁰
1407 1331 1503 1412 poe-

331 1445 541 1528 nitentiam
561 1444 768 1552 publicam
790 1471 861 1551 per
880 1455 1036 1552 septem
1053 1442 1347 1524 hebdomadas.
1374 1443 1436 1524 2.⁰
1457 1443 1504 1522 Si

329 1609 420 1662 eam
453 1579 641 1687 amplecti
674 1579 864 1678 noluerit,
899 1579 1207 1660 interdiceretur
1238 1579 1289 1658 ab
1312 1579 1502 1686 ingressu

329 1713 550 1810 Ecclesiae,
581 1720 626 1801 ,et
656 1713 886 1820 privaretur
916 1713 1152 1820 sepulturae
1187 1712 1502 1794 Ecclesiasticae

328 1845 495 1928 honore.
533 1849 594 1926 3.⁰
623 1847 846 1927 Puniretur
875 1848 1007 1929 multa
1041 1849 1291 1956 pecuniaria.
1329 1850 1373 1930 Si
1407 1876 1502 1931 vero

329 1981 479 2062 luerint
495 1981 638 2062 Clerici
661 1982 960 2089 deponerentur
986 1985 1108 2092 juxta
1133 1985 1236 2067 Con.
1271 1989 1349 2085 22,
1384 2014 1422 2092 q.
1457 1989 1496 2066 1.

384 2117 461 2198 His
494 2143 589 2199 vero
620 2117 814 2208 obsoletis
835 2129 1123 2200 successerunt
1146 2146 1300 2227 poenae
1319 2129 1501 2201 statutae

327 2283 352 2336 a
382 2257 518 2336 Leone
549 2235 622 2356 Xl,
655 2255 765 2336 Julio
790 2255 839 2336 lll
869 2265 908 2336 et
939 2256 984 2336 S.
1011 2255 1085 2336 Pio
1113 2254 1166 2333 V.
1203 2253 1501 2336 Verumtamen
1656 2241 1657 2302 t

328 2415 531 2469 annorum
564 2390 663 2496 suga
688 2416 784 2471 cum
815 2398 854 2470 et
875 2390 977 2506 istae
999 2387 1177 2496 amplius
1209 2388 1319 2468 haud
1350 2390 1500 2469 obser-

327 2531 534 2620 varentur,
556 2549 711 2632 poenae
734 2523 973 2604 arbitrariae
996 2550 1069 2630 pro
1091 2523 1287 2632 qualitate
1310 2523 1503 2630 blasphe·
1655 2613 1656 2630 ἶ

329 2657 521 2757 mierum,
565 2669 605 2738 et
645 2681 914 2764 personarum
953 2669 1256 2741 successerunt.
1375 2696 1377 2702 ·

688 3059 925 3140 TITULUS
957 3059 1130 3140 XXVll.

327 3309 391 3389 De
416 3308 574 3391 Clerico
596 3313 959 3410 eoeeommunicoto,
984 3310 1179 3421 deposito,
1201 3312 1263 3392 cel
1287 3311 1502 3395 interdicto

764 3446 1046 3559 ministrante.

412 3709 553 3791 Unum
584 3739 635 3792 ex
666 3712 865 3818 gravibus
896 3713 1148 3795 Clarioorum
1180 3713 1337 3796 delictis
1363 3721 1438 3815 est,
1465 3717 1499 3795 si
1653 3815 1654 3820 Ν

325 3869 523 3926 censuras
553 3845 604 3926 ab
636 3847 695 3926 eis
726 3845 917 3928 incursas
949 3847 1117 3947 violant,
1152 3848 1257 3930 idest
1286 3850 1323 3930 si
1354 3850 1394 3930 in
1427 3875 1502 3929 ecu-

278 3981 280 3986 ’
325 3961 700 4080 communicatione,
735 3983 1009 4092 suspensione,
1054 3982 1115 4063 vel
1150 3983 1367 4090 ¹interdicto
1414 3985 1500 4064 exi-

324 4119 476 4192 stentes
507 4113 685 4221 aliquem
717 4123 855 4195 actum
888 4115 1043 4195 ordinis
1083 4117 1262 4224 suscepti
1309 4142 1501 4197 exercere

325 4247 625 4332 attentaverint.
660 4249 770 4330 Hinc
800 4249 848 4329 B.
887 4249 1177 4357 RaymunduS‚
1212 4250 1305 4332 licet
1326 4251 1367 4330 in
1391 4251 1501 4359 prio-
1652 4307 1653 4356 3

324 4377 440 4461 ribus
472 4384 602 4465 titulis
632 4385 762 4491 egerit
782 4387 831 4466 de
853 4385 977 4466 variis
1000 4386 1171 4506 delictiS,
1205 4395 1368 4497 propter
1393 4395 1501 4496 quae
