3264 5146
320 415 361 476 lt
608 421 901 475 ranunrcrrouus
924 421 1017 472 rums
1041 420 1211 472 onnoruor

327 555 407 636 nisi
430 555 553 636 certis
583 553 757 634 servatis
778 552 934 660 regulis
955 578 1003 632 ac
1023 551 1073 632 de
1095 551 1215 631 venia
1235 549 1492 632 auctoritatis

324 688 528 770 militaris.
561 733 581 750 -
611 687 673 768 2.⁰
702 687 779 768 Jus
819 685 1125 767 communiendi
1165 685 1376 765 sanctione
1418 684 1494 765 has

322 821 681 932 praescriptiones
706 847 811 929 quae
832 819 989 899 sanctio
1021 826 1154 926 potest
1174 817 1380 925 quaelibet
1401 843 1492 898 esse

323 965 395 1037 aut
425 956 466 1035 in
497 955 663 1035 mulctis
690 952 955 1061 pecuniariis,
980 961 1053 1031 aut
1082 950 1124 1030 in
1154 977 1331 1052 carcere,
1357 951 1492 1032 autin

323 1090 546 1170 amissione
572 1087 747 1196 jurium,
777 1085 1001 1198 dummodo
1033 1111 1114 1164 non
1146 1084 1320 1191 attingat
1347 1085 1493 1166 validi-

323 1232 448 1305 tatem
481 1221 676 1303 contracti
698 1219 948 1301 matrimonii
971 1246 1023 1298 ex
1043 1219 1178 1300 dictis
1202 1265 1221 1278 -
1244 1219 1305 1298 3.⁰
1323 1220 1348 1298 J
1351 1247 1400 1300 us
1422 1221 1494 1300 de-

322 1356 499 1463 negandi
532 1355 684 1436 talibus
715 1380 740 1434 a
769 1381 814 1434 se
845 1353 980 1434 vetitis
1011 1353 1229 1434 connubiis
1269 1353 1493 1434 nonnullos

323 1491 494 1572 effectus
525 1490 680 1588 civiles,
705 1517 810 1598 quae
840 1515 906 1568 res
927 1488 1065 1594 aliqua
1086 1495 1178 1594 eget
1199 1487 1484 1594 explicatione.

322 1615 451 1704 Porro
482 1623 560 1704 sub
592 1623 758 1704 nomine
779 1623 896 1703 effect
882 1631 1000 1702 tuum
1022 1621 1247 1702 civilium
1232 1629 1324 1728 juxt
1325 1648 1350 1700 a
1380 1649 1493 1703 com-

323 1783 491 1838 munem
521 1757 625 1838 Doct
610 1767 746 1838 torum
776 1756 1012 1864 opinionem
1042 1757 1226 1837 veniunt:
1251 1757 1345 1863 -a(
1321 1758 1362 1865 a)
1389 1756 1493 1837 Jura

323 1888 531 1996 reciproca
560 1891 784 1997 conjugum
816 1889 1050 1969 individuae
1080 1915 1226 1997 nempe
1256 1889 1364 1969 vitae
1394 1917 1492 1970 con-

321 2023 569 2123 suetudinis
599 2031 644 2103 ut
675 2032 890 2102 teneantur
920 2022 971 2103 ad
1002 2021 1179 2102 invicem
1200 2021 1334 2102 officia
1363 2023 1489 2102 mari-

325 2156 424 2236 talia
452 2156 531 2236 sibi
564 2154 771 2256 exhibere,
804 2158 880 2236 nec
909 2156 1073 2236 valeant
1102 2157 1153 2236 ad
1185 2155 1289 2236 alias
1319 2155 1487 2263 nuptias

325 2289 468 2398 primis
509 2317 581 2396 per
621 2299 793 2370 mortem
838 2316 919 2370 non
962 2290 1153 2370 resolutis
1198 2289 1429 2370 convolare.
1472 2334 1491 2350 -

327 2423 390 2530 (b)
413 2420 656 2530 Recognitio
686 2422 990 2503 constitutionis
1021 2421 1127 2502 dotis
1149 2422 1406 2530 aliorumque
1427 2423 1489 2502 in-

325 2565 647 2638 strumentorum
665 2566 738 2639 aut
753 2567 965 2664 pactorum
981 2556 1287 2664 respicientium
1304 2556 1492 2662 assigna-

324 2691 456 2772 tiones
477 2691 677 2772 bonorum
700 2717 828 2772 causa
844 2701 929 2771 mat
932 2690 1144 2772 rimoniia
1123 2689 1195 2795 -c(
1173 2691 1349 2798 c)Legit
1352 2689 1492 2772 imitas

322 2823 556 2904 liliorum·
573 2824 634 2930 (d)
651 2825 827 2904 Istorum
849 2825 1057 2904 successio
1078 2825 1120 2903 in
1122 2831 1228 2905 ttesa
1204 2825 1329 2906 atain
1346 2823 1488 2904 haere·

324 2955 492 3036 ditatem
522 2965 756 3063 parentum,
791 2955 1048 3064 aliarumque
1087 2983 1358 3064 personarum
1388 2983 1486 3038 cum

322 3087 404 3168 illis
435 3088 638 3196 sanguine
669 3089 998 3197 conjunctarum;
1029 3135 1049 3150 -
1081 3089 1138 3198 (e)
1171 3089 1388 3170 Successio
1419 3116 1488 3171 eo-

323 3221 510 3301 rumdem
528 3222 570 3302 in
587 3222 723 3324 leuda,
744 3223 928 3330 aliosque
949 3221 1125 3302 honores
1146 3248 1172 3301 a
1190 3229 1301 3303 statu
1319 3222 1487 3302 familiis

323 3353 498 3435 tributos
529 3356 768 3463 praesertim
799 3357 840 3436 in
872 3356 1066 3437 societate
1097 3356 1333 3464 imparium.
1353 3401 1374 3417 -
1393 3357 1487 3436 Jam

322 3515 418 3569 voro
457 3501 590 3572 status
630 3492 771 3599 nequit
810 3518 955 3572 omnes
994 3491 1096 3572 istos
1120 3491 1306 3580 ‚eftectus
1346 3490 1489 3572 civiles

321 3624 523 3730 denegare
554 3623 605 3703 iis
636 3625 923 3725 matrimoniis,
958 3651 1064 3732 quae
1094 3623 1232 3704 valida
1260 3633 1373 3725 sunt,
1406 3625 1483 3706 etsi

319 3767 462 3838 contra
491 3755 752 3837 interdictum
783 3757 1004 3864 prohibens
1025 3757 1136 3838 illius
1156 3757 1239 3839 sint
1259 3765 1482 3838 contracta.

322 3890 363 3970 Si
398 3889 506 3971 enim
537 3899 671 3972 status
701 3889 867 3998 aliquod
898 3891 1206 3973 matrimonium
1234 3901 1284 3974 ‘ut
1303 3891 1486 3972 validum

321 4023 457 4122 habet,
483 4025 625 4132 nequit
646 4026 801 4133 absque
827 4025 1146 4106 contradictione
1166 4025 1415 4134 permittere,
1441 4038 1489 4106 ut

321 4156 409 4238 sine
432 4157 515 4238 ulla
535 4184 663 4239 causa
692 4159 923 4250 resolvatur
952 4157 1165 4240 individua
1184 4159 1292 4241 vitae
1312 4185 1490 4242 consue-

320 4292 435 4393 tudo,
469 4293 817 4400 quemadmodum
846 4293 988 4401 nequit
1017 4295 1266 4401 permittere,
1289 4302 1336 4375 ut
1355 4293 1491 4403 primo

322 4435 553 4536 contempto
583 4427 695 4510 aliud
726 4428 889 4508 ineatur
918 4427 1174 4536 conjugium;
1207 4429 1376 4537 proinde
1405 4453 1489 4510 non
