3360 5126
291 338 358 406 260
593 357 862 403 ralnnncrrorucs
884 359 975 404 rums
997 358 1156 406 cauomcr

379 486 643 567 Adulterium
664 493 876 592 tamquam
908 487 1201 593 gravissimum
1234 487 1403 590 crimen,
1428 496 1470 569 et

291 629 507 729 peccatum
539 619 709 701 mortale
735 619 829 728 jure
850 619 1014 719 Divino,
1041 627 1081 701 at
1100 619 1297 720 humano,
1335 648 1466 730 eoque

290 761 375 836 tam
407 751 532 854 civili,
557 778 682 861 quam
704 751 979 834 ecclesiastico
1002 753 1262 860 gravissime,
1297 755 1463 862 gravis-

289 889 488 997 simisque
520 888 662 996 poenis
694 893 756 969 est
787 885 1053 994 prohibitum.

376 1023 540 1102 Crimen
571 1021 648 1102 hoc
674 1021 768 1128 jure
790 1019 1137 1130 Divino-positivo
1159 1023 1308 1103 veteris
1340 1031 1466 1103 teste-

288 1156 413 1238 menti
435 1153 688 1263 puniebatur
703 1179 835 1261 poena
857 1155 999 1234 mortis
1020 1161 1104 1235 tam
1125 1153 1315 1254 adulteri,
1335 1181 1462 1261 quam

288 1289 512 1372 adulterae.
548 1288 667 1368 Hanc
696 1313 873 1395 poenam
905 1297 1141 1370 renovatam
1171 1287 1298 1368 luisse
1330 1314 1354 1367 a
1384 1287 1465 1369 Co·

287 1422 466 1506 stantino
487 1424 735 1531 Imperatore
752 1422 793 1501 in
810 1421 902 1528 jure
919 1421 1027 1502 civili
1046 1422 1202 1502 scimus
1223 1449 1278 1501 ece
1299 1422 1374 1530 leq.
1399 1424 1461 1502 30

287 1563 327 1661 §-
367 1562 425 1637 1².
465 1554 567 1637 Cod.
603 1555 643 1634 b.
671 1563 700 1637 t.
736 1558 844 1635 Ante
876 1555 1013 1662 ipsum
1045 1556 1153 1636 enim
1176 1555 1333 1636 scilicet
1353 1555 1461 1634 Con-

284 1694 513 1771 stantinum
544 1713 719 1795 poenam
743 1688 852 1768 exilii
876 1697 1073 1770 statutam
1098 1691 1225 1770 luisse
1256 1691 1459 1772 habemus

284 1851 338 1904 erc
368 1824 443 1932 leg.
478 1825 524 1904 5.
550 1824 610 1930 ff.
644 1823 694 1903 de
723 1823 1040 1930 quaestionibus.
1074 1823 1174 1905 Jure
1210 1834 1350 1907 autem
1381 1825 1460 1907 Eo-

191 2011 193 2019 ι
282 1957 511 2038 clesiastico
533 1965 675 2038 contra
695 1957 824 2038 laicos
847 1957 1055 2038 adulteros
1086 1967 1173 2040 erat
1202 1958 1365 2041 decreta
1386 1987 1458 2040 ex·

281 2092 601 2176 communicatio
624 2092 813 2174 ferendae
834 2091 1059 2173 sententiae
1081 2091 1216 2201 prouti
1238 2093 1389 2200 legitur
1415 2094 1456 2175 in

281 2253 372 2338 cap.
408 2233 451 2309 6.
478 2227 520 2309 n.
544 2235 575 2310 t.
605 2227 828 2309 Adulterae
860 2254 957 2308 vero
990 2227 1183 2307 mulieres
1214 2230 1362 2308 marito
1384 2253 1457 2308 an·

281 2369 447 2461 nuente,
472 2370 512 2442 et
532 2361 811 2443 consentiente
843 2361 1002 2443 detrudi
1026 2339 1214 2469 poterant
1240 2361 1281 2441 in
1313 2388 1457 2444 mona·

278 2493 404 2575 steria
423 2493 558 2601 rigida
577 2495 658 2575 sub
681 2493 888 2602 custodia,
921 2502 967 2574 ut
999 2493 1055 2574 ibi
1086 2503 1327 2602 perpetuam
1357 2521 1452 2599 age-

276 2635 367 2710 rent
396 2628 709 2736 poenitentiam.
744 2628 804 2707 lta
839 2628 942 2738 Cap.
983 2633 1055 2709 19.
1091 2628 1141 2708 de
1186 2629 1455 2710 Conuersione

281 2761 617 2871 Conjnqotornrn.
653 2761 773 2854 Quod
795 2761 829 2841 si
852 2761 996 2843 Clerici
1029 2762 1274 2844 adulterium
1307 2789 1453 2870 perpa-

275 2901 467 2993 trassent,
502 2893 544 2974 hi
576 2895 886 3004 deponebantur
907 2898 958 2977 ab
981 2896 1130 2997 offici0,
1165 2905 1205 2976 et
1236 2894 1448 2996 beneficio,

275 3036 315 3111 et
336 3028 378 3108 in
400 3030 650 3110 monasteria
680 3031 732 3110 ad
763 3031 1055 3138 poeniteutiam
1088 3031 1289 3136 agendam
1312 3031 1452 3111 detru-

274 3162 477 3244 debantur
502 3161 624 3270 juxta
659 3164 761 3244 Can.
800 3168 873 3243 10.
909 3166 1019 3244 Dist.
1056 3163 1126 3243 81.
1152 3161 1452 3244 Verumtamen

272 3293 511 3402 hujusmodi
543 3299 698 3403 poenae
733 3297 786 3376 ob
822 3295 1071 3376 contrariam
1108 3297 1451 3377 consuetudinem

272 3429 474 3511 invectam
515 3429 834 3531 obsoleverunt,
878 3437 917 3510 et
957 3429 1047 3510 loco
1089 3429 1274 3537 ipsarum
1321 3431 1449 3511 altera

270 3589 406 3671 poena
435 3563 637 3643 successit
662 3563 785 3669 juxta
804 3563 988 3644 locorum
1011 3590 1161 3662 morae,
1193 3561 1256 3644 vel
1279 3563 1447 3644 arbitrio

271 3693 485 3804 prudentis
510 3694 663 3802 judicis
694 3695 932 3803 infligenda.

355 3827 419 3908 Ex
449 3826 568 3909 titulo
609 3827 798 3910 adulterii
840 3840 983 3910 notum
1027 3837 1089 3910 est
1120 3829 1185 3937 agi
1230 3857 1350 3938 posse
1380 3827 1444 3910 vel

268 3963 458 4062 ciuiliter,
492 3959 555 4042 vel
587 3963 875 4044 criminaliter.
906 3961 1024 4042 Civili
1056 3963 1215 4044 actione
1237 3963 1287 4045 ad
1311 3988 1446 4044 resar-

266 4095 410 4178 cienda
448 4097 601 4179 damna
641 4123 692 4177 ex
740 4095 939 4179 adulterio
981 4097 1262 4206 provenientia
1302 4105 1447 4178 contra

266 4229 499 4312 adulterum
520 4231 691 4340 quilibet
712 4259 834 4340 agere
856 4239 1001 4340 potest,
1029 4233 1098 4341 qui
1126 4235 1325 4315 damnum
1349 4260 1442 4342 pas·

265 4389 339 4445 sus
371 4363 492 4444 fuerit
522 4391 572 4444 ex
604 4365 805 4447 adulterio
820 4396 831 4468 ;
855 4393 999 4448 verum
1021 4369 1073 4449 ad
1106 4368 1328 4450 divortium
1350 4393 1444 4476 per·
