3386 5126
557 406 655 452 uruca
678 407 708 453 v.
734 425 776 436 -
801 409 1006 459 r1ruuusv1.
1300 395 1362 462 l8l

197 527 457 612 Prohibilum
490 541 592 630 erat,
627 535 849 641 quominus
880 537 957 644 ipsi
990 539 1032 618 in
1063 539 1272 623 civitatem
1293 544 1367 624 ad-

194 663 311 744 missi
343 667 456 746 nullo
479 666 559 748 alio
576 667 669 775 jure
699 671 1067 779 obstringerentur,
1088 675 1166 755 nisi
1184 677 1364 782 publice,

195 809 234 880 et
263 799 373 880 civili
405 801 596 884 civitatis.
622 803 874 887 Concessum
911 814 1049 890 tamen
1071 817 1148 910 est,
1172 817 1219 890 ut
1240 809 1281 890 in
1303 838 1366 894 cc·

192 933 417 1018 lebratione
458 938 745 1046 conjugiorum
785 969 867 1023 non
908 951 1179 1026 avocarentur
1219 971 1244 1026 a
1278 945 1368 1026 suis

194 1070 360 1171 ritibus,
397 1073 620 1155 dummodo
656 1076 845 1184 pluribus
886 1077 1010 1160 simul
1050 1079 1254 1160 uxoribus
1285 1106 1368 1160 non

193 1205 499 1313 copularentur,
532 1216 572 1290 et
592 1211 816 1294 dummodo
852 1241 933 1295 non
956 1213 1242 1296 contraherent
1263 1214 1368 1296 inter

197 1342 352 1448 gradus
374 1345 565 1444 naturali,
588 1347 651 1427 vel
668 1349 806 1430 divino
822 1350 916 1457 jure
939 1347 1179 1457 prohibitos
1200 1350 1298 1457 Ley.
1320 1354 1365 1441 6,

201 1477 301 1559 Cod.
337 1478 387 1559 de
404 1480 591 1587 judaeis,
625 1491 662 1564 et
698 1487 801 1596 Cup.
836 1489 865 1566 8
897 1485 946 1566 de
977 1485 1180 1566 diuortiis.

732 1873 756 1970 ἕ
789 1870 833 1948 2²

614 2131 678 2209 De
707 2131 942 2212 Saracenis.

280 2389 578 2470 Verumtamen
610 2388 827 2470 relationes
849 2389 1057 2470 Ecclesiae
1079 2417 1173 2471 cum
1196 2389 1370 2472 Sarace-

195 2525 261 2606 nis
291 2552 373 2607 non
405 2525 572 2607 suerunt
601 2531 647 2606 ut
677 2523 770 2604 illae
816 2524 980 2606 habitae
1011 2552 1106 2606 cum
1147 2525 1366 2608 Hebraeis

194 2659 274 2765 lpsi
297 2659 405 2740 enim
428 2685 522 2740 cum
545 2659 684 2767 populi
706 2658 867 2740 finitimi
891 2667 1028 2742 essent
1053 2685 1149 2741 cum
1171 2658 1371 2740 Christia-

195 2793 275 2891 niS,
310 2820 402 2875 raro
433 2795 475 2872 in
506 2821 619 2901 pace,
649 2795 892 2901 saepissime
914 2795 954 2876 in
977 2794 1083 2876 bello
1105 2801 1234 2876 erant.
1260 2794 1369 2875 Sane

192 2927 278 3036 jam
311 2929 403 3010 inde
426 2929 477 3010 ab
499 2927 624 3036 hujus
654 2935 790 3008 sectae
821 2927 1006 3027 exordi0,
1040 2929 1197 3012 scilicet
1227 2955 1252 3009 a
1281 2954 1372 3010 sae·

198 3062 291 3144 culo
313 3062 489 3169 septimo
509 3087 645 3170 usque
666 3061 717 3141 ad
751 3068 890 3142 nostra
910 3068 1097 3169 tempora
1117 3060 1368 3158 inimicitias

198 3203 239 3276 et
268 3195 376 3276 bella
397 3197 501 3277 inter
531 3197 660 3302 ipsos
683 3203 723 3276 et
743 3193 996 3278 Christianos
1019 3197 1221 3278 exarsisse
1242 3194 1372 3276 histo-

197 3330 259 3412 ria
280 3337 432 3412 narrat.

283 3463 437 3560 Quaeri
471 3463 565 3543 hinc
595 3469 727 3570 potest
757 3487 961 3570 quaenam
982 3488 1111 3544 causa
1132 3461 1253 3543 luerit
1275 3460 1374 3540 ista-

199 3624 291 3679 rum
323 3597 649 3696 inimicitiarum,
683 3606 722 3680 et
753 3597 982 3681 bellorum?
1022 3597 1148 3706 Resp.
1194 3595 1238 3676 Si
1281 3593 1373 3676 illos

198 3732 333 3831 audie,
368 3731 436 3840 qui
475 3731 677 3840 Religioni
710 3739 874 3814 nostrae
906 3733 1053 3816 acriter
1084 3731 1369 3826 adversantur,

200 3864 266 3946 isti
296 3865 445 3946 relerre
467 3865 577 3948 haud
599 3865 862 3965 erubescunt,
886 3866 1113 3948 Ecclesiam
1134 3859 1372 3971 hujusmodi

200 3999 452 4100 inimicitiaS,
487 4009 528 4082 et
557 4001 663 4082 bella
694 4001 877 4100 inivisse,
911 4010 958 4082 ut
988 4000 1044 4100 vi,
1069 4010 1109 4082 et
1130 3997 1258 4080 armis
1288 3995 1371 4074 Sa·

199 4163 369 4219 racenos
391 4137 442 4218 ad
464 4135 739 4218 Christianam
761 4135 1020 4242 Religionem
1047 4128 1379 4243 amplectendam

200 4277 376 4377 cogeret.
413 4271 494 4352 Sed
521 4270 671 4352 falsum
693 4270 861 4351 omnino
883 4277 959 4351 est.
985 4268 1099 4352 Licet
1121 4267 1231 4349 enim
1254 4287 1370 4360 cura,

200 4413 239 4486 et
267 4404 517 4504 sollicitudo,
551 4403 759 4486 Ecclesiae
787 4401 940 4512 jugiter
971 4401 1108 4502 luerit,
1142 4383 1373 4484 ut'Christi
