3264 5146
476 397 584 450 6666
605 399 652 448 rr.
679 415 696 429 ·
721 398 860 450 666666
882 399 904 450 1.
1240 383 1282 446 73

129 533 245 608 sectae
277 525 531 627 inficiuntur,
554 552 629 606 seu
650 533 817 634 propter
836 525 1076 607 innumeros
1097 550 1269 625 erroreS,

129 684 215 766 quos
242 659 502 766 profitentur.
535 656 665 739 Porro
685 657 721 738 si
741 657 902 765 primus
919 684 1043 740 casus
1063 659 1266 757 adveniat,

128 793 360 873 censendum
390 798 453 872 est
484 789 584 872 illud
614 816 697 870 non
728 817 820 872 esse
850 790 1159 872 matrimonium
1194 791 1273 872 mi-

128 933 203 1006 xtae
231 925 458 1034 religioniS,
493 925 565 1006 sed
595 924 733 1033 potius
763 924 1071 1006 matrimonium
1102 925 1144 1006 in
1180 925 1272 1006 infi-

126 1059 270 1140 delitate
300 1067 575 1160 contractum3
608 1059 718 1140 unde
748 1059 784 1138 si
805 1057 907 1138 nihil
928 1059 1063 1140 obstet
1083 1085 1136 1138 ex
1155 1067 1270 1168 parte

121 1193 210 1296 juris
237 1193 441 1274 naturalis
471 1193 535 1274 vel
565 1192 692 1274 divini
723 1191 904 1301 positivi,
947 1191 1049 1272 illud
1088 1192 1268 1300 profecto

127 1325 309 1428 subsistit,
345 1333 467 1434 atque
497 1326 538 1405 in
559 1325 637 1407 hoc
657 1351 827 1406 concors
848 1333 911 1406 est
930 1324 1155 1406 Doctorum
1175 1351 1269 1406 sen-

125 1461 243 1562 tentia,
277 1471 403 1568 atque
432 1459 683 1541 subveniunt
707 1460 815 1568 juris
855 1459 1118 1541 ecclesiastici
1158 1472 1269 1541 certa

125 1591 267 1694 dictata,
302 1619 401 1675 eum
430 1593 534 1674 tales
564 1619 763 1703 personae
792 1620 876 1674 non
895 1593 1084 1674 dicantur
1103 1595 1266 1702 proprie

125 1722 301 1831 loquendo
335 1752 428 1808 esse
457 1725 618 1806 haeresi
658 1725 844 1824 16166166,
889 1726 961 1807 sed
1000 1727 1138 1833 potius
1175 1727 1268 1808 infi-

127 1855 232 1960 deles;
262 1867 304 1940 at
335 1859 442 1941 inter
481 1858 663 1940 infideles
702 1885 785 1941 non
825 1860 1091 1944 attenduntur
1129 1860 1265 1968 quoad

123 1990 410 2073 matrimonium
439 1990 520 2072 nisi
550 1991 842 2100 impedimenta
865 1992 972 2100 juris
1003 1991 1204 2074 naturalis
1225 2001 1265 2074 61

125 2122 262 2223 positivi
294 2124 440 2224 divini,
474 2151 555 2206 non
585 2133 724 2206 autem
750 2124 857 2232 juris
897 2125 1175 2207 ecclesiastici.
1219 2128 1264 2206 ln

123 2257 279 2339 secundo
310 2285 415 2340 casu
445 2257 754 2340 matrimonium
788 2285 871 2340 non
910 2260 1045 2341 solum
1085 2267 1148 2342 est
1186 2259 1266 2340 illi·

123 2387 242 2492 citum,
275 2395 352 2474 sed
382 2420 544 2502 quoque
574 2392 802 2474 invalidum
832 2393 867 2473 si
898 2400 1132 2495 attentetur,
1167 2393 1265 2502 quia

124 2549 189 2604 non
223 2529 360 2610 obstat
399 2528 531 2608 mixta
570 2527 729 2635 religi0‚
777 2534 820 2608 at
863 2526 999 2608 cultus
1044 2525 1264 2635 disparitas

119 2663 266 2764 proprio
296 2689 417 2742 sensu
440 2669 622 2772 accepta3
646 2668 709 2742 est
728 2659 933 2768 siquidem
954 2661 1263 2742 matrimonium

123 2795 340 2900 copulatum
368 2795 474 2876 inter
503 2821 717 2903 personae,
741 2821 917 2902 quarum
940 2821 1023 2876 una
1043 2803 1105 2876 est
1131 2795 1263 2904 bapti-

124 2933 207 3027 zata,
238 2929 322 3009 alia
351 2955 434 3010 non
465 2937 542 3029 est,
575 2935 615 3010 61
644 2929 695 3010 ad
727 2928 827 3010 illud
848 2927 1171 3010 contrahendum
1191 2955 1263 3010 va·-

123 3051 186 3136 lide
212 3059 445 3142 necessaria
474 3069 583 3142 esset
613 3060 863 3169 dispensatio
894 3061 945 3140 ab
962 3061 1148 3143 Ecclesia
1167 3061 1262 3142 data

123 3187 163 3268 ab
188 3191 473 3301 impedimento
504 3193 641 3276 cultus
677 3193 943 3304 disparitatis,
988 3195 1033 3276 Si
1073 3205 1261 3277 occurrat

123 3323 242 3406 unius
270 3355 397 3410 casus
428 3328 490 3409 vel
520 3355 656 3410 sermo
686 3338 749 3410 est
778 3330 829 3410 de
862 3327 1123 3410 matrimonio
1163 3357 1261 3412 con-

123 3455 295 3542 trahendo
326 3459 503 3568 valjam
533 3467 758 3562 contracto;
789 3461 826 3541 si
862 3467 1010 3568 agatur
1040 3462 1089 3542 de
1120 3461 1261 3543 matri-

122 3590 234 3671 monio
273 3593 568 3694 contrahend0,
612 3593 744 3701 posito
790 3595 899 3702 quod
939 3594 1074 3676 adsint
1113 3621 1259 3702 graves

122 3743 247 3806 causae
267 3728 322 3809 ad
343 3726 681 3835 dispensandum,
706 3736 745 3810 61
766 3729 998 3838 baptismus
1018 3731 1097 3812 sub
1119 3728 1260 3810 condi-

123 3849 207 3938 tione
234 3867 414 3968 nequeat
442 3860 530 3942 dari
560 3887 611 3942 ex
642 3862 903 3944 coutumacia
931 3863 1100 3944 alterius
1130 3861 1258 3970 partis

124 3990 357 4088 pertinaciter
385 3995 634 4078 remanentis
663 3995 705 4076 in
735 3995 896 4078 haeresi
916 4023 992 4078 nec
1011 3995 1186 4076 volentis
1206 3994 1257 4075 ad

121 4121 296 4208 catholica
325 4154 445 4209 sacra
473 4128 648 4210 transire
688 4138 728 4212 et
767 4130 1020 4240 baptismum
1061 4129 1254 4238 recipere,

122 4263 374 4344 necessarium
406 4269 481 4362 est,
517 4271 563 4344 61
590 4265 661 4346 sab
683 4265 910 4346 conditione
930 4264 1178 4346 concedatur
1196 4262 1258 4342 di·

49 4395 50 4442 t
122 4396 303 4492 spensatio
334 4397 387 4478 ab
418 4395 708 4504 impedimento
729 4396 942 4480 dirimente
962 4397 1099 4478 cultus
1120 4395 1258 4502 dispa-
