3360 5126
357 373 424 440 294
655 391 924 438 ruuucncrmnus
947 392 1039 438 rome
1062 391 1221 438 canomm

356 531 471 618 sunt,
505 541 610 623 quae
641 515 904 616 adhibentur,
930 527 975 597 ut
996 517 1108 597 Deus
1139 516 1342 600 occultam
1375 516 1556 598 verita-

356 666 439 737 tem
461 651 707 749 manifestet,
740 653 804 732 vel
834 645 986 762 anceps
1018 651 1236 735 consilium
1268 651 1441 756 dirigat,
1470 680 1554 732 seu

356 796 454 870 sunt
479 811 566 876 eae,
592 811 663 891 per
683 811 788 892 quas
809 787 949 868 divina
969 787 1160 866 voluntas
1192 783 1431 891 inquiritur.
1464 789 1553 868 Dc-

355 921 587 1005 uinutoriae
616 920 783 1000 tandem
814 930 927 1020 sunt,
961 947 1067 1028 quae
1102 920 1349 1000 adhibentur
1380 919 1437 998 ad
1475 947 1550 1002 oc-

354 1058 478 1154 culta,
509 1053 585 1170 ¹vel
618 1053 756 1134 lutura
795 1056 1076 1160 contingentia
1116 1052 1422 1159 cognoscenda,
1465 1081 1545 1136 seu

354 1189 601 1271 adhibentur
621 1185 672 1267 ad
694 1191 1025 1293 cognoscendum
1047 1189 1212 1294 aliquod
1238 1187 1449 1287 futurum,
1477 1191 1545 1269 vel

351 1324 575 1422 occultum,
600 1321 709 1428 quod
731 1321 971 1401 naturaliter
1006 1320 1216 1426 cognosci,
1251 1347 1298 1399 ac
1328 1319 1539 1400 determi-
1626 1417 1627 1432 Ν

350 1459 440 1539 nari
472 1457 626 1563 nequit.
1625 1493 1627 1550 r

409 1593 549 1671 Sortes
580 1589 800 1692 divisoriae
833 1589 933 1670 nihil
966 1589 1061 1669 mali
1094 1589 1389 1688 secumlernnt,
1417 1589 1537 1670 ideo-

350 1751 430 1831 que
460 1723 521 1802 uti
555 1719 692 1802 licitae
723 1723 970 1827 generaliter
1011 1723 1229 1820 habentur,
1263 1731 1303 1801 et
1333 1722 1535 1829 antiquus

349 1864 412 1936 cst
442 1880 586 1936 earum
619 1881 738 1933 usus.
784 1855 891 1934 Hinc
923 1855 1027 1935 inter
1067 1855 1277 1953 haeredes,
1311 1862 1352 1932 et
1391 1854 1533 1934 socios

347 1987 587 2096 hujusmodi
609 1985 869 2094 sortilegium
891 1997 999 2068 recte
1021 1988 1206 2068 adbiberi
1230 1993 1378 2095 potest,
1401 1989 1531 2066 modo

348 2123 483 2204 omnis
514 2149 687 2230 prorsus
717 2123 955 2229 superstitio
986 2121 1139 2222 exulet,
1181 2122 1243 2202 vel
1275 2122 1395 2201 modo
1438 2121 1526 2201 cir-

346 2255 598 2338 cumstantia
635 2257 924 2363 superstitiosa
959 2283 1041 2336 non
1073 2257 1257 2354 accedat,
1296 2283 1371 2336 seu
1400 2255 1524 2336 modo

346 2405 519 2471 eventus
559 2417 640 2471 non
680 2397 920 2496 expectetur
951 2417 975 2469 a
1001 2391 1217 2487 daemone,
1255 2389 1327 2470 sed
1359 2389 1428 2468 via
1458 2415 1524 2468 or-

345 2524 507 2607 dinaria
536 2551 562 2604 a
596 2524 698 2604 Deo.
740 2524 837 2602 Dixi
868 2525 1125 2629 generaliter,
1162 2524 1260 2632 quia
1295 2525 1440 2604 electio
1468 2522 1517 2602 ad
1625 2577 1626 2592 l

343 2659 625 2756 praelaturas,
660 2664 700 2774 et
731 2655 929 2736 beneficia
964 2655 1252 2739 Ecclesiastico
1289 2685 1360 2764 per
1388 2667 1518 2739 sortes

342 2791 430 2870 fieri
462 2791 618 2896 nequit,
653 2815 749 2869 cum
781 2789 923 2872 electio
960 2818 1231 2898 personarum
1263 2792 1519 2873 Ecclesiasti-

342 2948 484 3002 carum
513 2949 595 3002 non
618 2923 737 3003 debet
757 2925 955 3025 sortibuS,
980 2953 1055 3006 seu
1077 2952 1200 3007 caeca
1231 2927 1394 3008 lortuna
1411 2927 1515 3024 lieri,

340 3055 413 3136 sed
455 3083 506 3136 ex
547 3055 724 3148 delectu,
758 3065 799 3138 et
829 3057 951 3164 juxta
991 3058 1189 3164 majorem
1231 3061 1512 3168 capacitatem,

339 3215 461 3268 secus
492 3199 677 3296 vergeret
707 3191 748 3270 in
781 3193 980 3273 damnum
1011 3193 1235 3293 Ecclesiae,
1270 3221 1345 3274 ceu
1377 3201 1513 3275 monet

343 3323 447 3433 Cap.
475 3325 564 3430 fin:
597 3325 639 3407 h.
674 3335 703 3408 t.
739 3335 777 3406 et
812 3329 917 3438 Cap.
955 3330 1029 3410 42.
1064 3327 1114 3407 dc
1142 3328 1275 3410 Eteet.

425 3459 566 3540 Sortes
598 3461 873 3540 consultoriue
903 3460 1146 3567 regulariter
1166 3463 1227 3542 uti
1249 3462 1410 3544 illicitae
1430 3461 1508 3540 ha-

337 3588 494 3670 bendae
514 3599 613 3672 sunt
634 3595 683 3674 ad
713 3593 917 3674 monitum
954 3621 1045 3674 cua.
1073 3599 1251 3676 7sortes
1271 3601 1348 3688 26,
1383 3623 1507 3705 quoe·
1623 3631 1625 3744 p

333 3721 412 3799 atio
443 3725 487 3802 5.
524 3723 631 3805 Nam
663 3752 735 3834 per
766 3727 857 3808 illas
887 3727 999 3809 Deus
1031 3737 1227 3832 tentatur,
1262 3739 1302 3811 et
1331 3727 1506 3834 sortilegi

333 3866 547 3960 exponunt
575 3885 621 3938 se
651 3861 849 3967 pericul0,
885 3888 934 3941 ne
965 3861 1052 3943 Deo
1081 3866 1341 3971 permittente
1372 3893 1398 3946 a
1425 3863 1508 3945 dia·
1624 3945 1625 3970 ,

333 3989 426 4070 bolo
457 3991 731 4100 decipiantur.
768 3993 812 4074 Si
843 4003 982 4076 tamen
1011 3995 1112 4076 fiant
1143 4023 1196 4077 ex
1226 3997 1404 4100 levitate,
1439 4025 1505 4078 eu·
1624 3971 1625 4026 l

330 4121 528 4226 riositate,
564 4134 604 4208 et
635 4127 815 4210 vanitate
846 4129 1002 4236 absque
1032 4129 1117 4210 ullo
1143 4133 1391 4214 commercio
1412 4156 1502 4214 cum

329 4253 545 4357 daemone,
580 4268 619 4341 et
650 4263 739 4342 sine
769 4262 849 4344 fide
870 4263 988 4371 quasi
1012 4264 1163 4374 veritas
1179 4293 1252 4373 per
1273 4267 1409 4348 Deum
1429 4266 1503 4347 hoc
1624 4287 1625 4290 ‘

328 4387 450 4467 modo
481 4392 829 4498 manifestaretur,
863 4396 1008 4478 saltem
1040 4406 1138 4480 sunt
1166 4410 1337 4508 peccata
1366 4401 1503 4483 venia·
