3360 5126
280 419 347 488 302
586 435 853 484 mtucncrmmcs
878 435 970 482 rums
993 433 1152 481 cruorum

282 563 539 646 consuetudo
569 561 751 668 legitime
782 561 1036 670 praescripta
1065 557 1320 640 contrarium
1350 585 1462 642 sua-

280 699 407 780 deret.
442 697 639 806 Pirhinp.
675 695 716 776 b.
752 703 781 776 t.
816 723 857 776 n.
887 701 929 776 1.

367 832 508 912 Poena
543 839 686 912 contra
720 829 926 911 Clericum
965 854 1255 939 percussorem
1293 835 1369 931 est,
1413 839 1463 912 ut

280 966 415 1076 prima
445 966 533 1047 vice
563 991 637 1072 pro
658 964 869 1071 qualitate,
895 971 934 1044 et
954 962 1268 1045 circumstantia
1291 990 1466 1070 percus·

279 1091 409 1171 sionis
441 1089 610 1169 arbitrio
635 1088 788 1196 judicis
827 1089 1084 1197 relinquatur
1128 1093 1236 1200 Cap.
1272 1090 1295 1170 1
1333 1089 1375 1170 b.
1402 1097 1431 1171 t.
1442 1121 1459 1188 ,-

280 1224 374 1305 dein
406 1250 504 1305 vero
534 1223 570 1303 si
602 1222 785 1304 Clericus
807 1249 888 1304 non
909 1251 954 1305 se
976 1223 1271 1324 emendaverit,
1295 1224 1368 1304 sed
1392 1223 1459 1303 fa-

279 1357 356 1439 cile
386 1358 544 1466 passim
575 1384 628 1438 ex
658 1358 937 1465 indignatione
967 1357 1190 1439 subitanea
1211 1358 1264 1438 ob
1286 1357 1470 1438 leviores

280 1493 405 1574 etiam
437 1492 621 1574 delectus
642 1491 694 1574 ad
716 1493 887 1574 verbera
906 1493 1120 1600 procedat,
1140 1491 1291 1600 deponi
1308 1497 1466 1601 potest,

282 1653 331 1708 ac
362 1627 495 1708 debet.

652 2029 890 2114 TITULUS
922 2029 1081 2112 XXVI.

701 2303 766 2383 De
795 2300 1032 2382 Maledicta.

339 2565 434 2647 Non
464 2565 601 2647 solum
632 2591 760 2646 manu
790 2565 947 2672 percuti
980 2567 1096 2668 solet,
1122 2568 1340 2649 sedetiam
1369 2565 1460 2647 lin·

281 2728 381 2808 gua,
415 2728 491 2781 ceu
523 2699 704 2780 assolent
734 2699 939 2780 maledici.
974 2701 1065 2782 Hac
1095 2702 1145 2782 de
1177 2728 1221 2782 re
1242 2699 1367 2809 priori
1399 2699 1459 2782 ti·

280 2835 367 2914 tulo
399 2860 595 2940 praesens
626 2831 736 2913 illico
758 2860 783 2914 a
805 2833 845 2916 b.
870 2832 1122 2943 Raymundo
1154 2836 1389 2944 subjicitur.

339 2967 428 3047 Sub
468 2967 634 3048 nomine
674 2967 880 3049 maledicti
923 2967 1025 3049 nihil
1066 2969 1179 3051 aliud
1219 2970 1347 3071 venit,
1381 2970 1461 3050 nisi

279 3127 417 3181 sermo
447 3101 601 3202 malus,
633 3128 706 3182 seu
739 3101 850 3182 mala
880 3102 1033 3184 locutio
1057 3103 1106 3183 de
1128 3104 1268 3212 aliquo
1301 3105 1460 3213 absque

280 3235 367 3316 ulla
397 3236 512 3341 justa
551 3263 705 3338 causa3
737 3235 833 3317 hinc
864 3236 935 3342 qui
968 3235 1025 3317 ita
1066 3237 1173 3318 male
1216 3238 1466 3346 loquuntur,

280 3368 469 3449 maledici
501 3376 714 3450 vocantur.

338 3505 443 3584 Tres
473 3509 572 3586 sunt
600 3503 759 3611 species
779 3501 1007 3602 maledicti,
1043 3501 1375 3611 quandoquidem
1395 3499 1460 3582 vel

280 3637 392 3716 mala
431 3637 618 3744 loquutio
665 3636 856 3743 dirigitur
903 3643 1046 3716 contra
1086 3636 1248 3735 Deum,
1291 3635 1462 3743 ejusque

280 3769 473 3868 Sancus,
498 3777 538 3850 et
559 3780 824 3879 nuncupatur
845 3769 1116 3881 blasphemio,
1140 3770 1205 3849 vel
1226 3777 1370 3851 contra
1389 3769 1472 3850 ho·

278 3902 434 3985 minem
455 3902 684 4004 absentem,
716 3913 756 3987 et
776 3904 928 3985 dicitur
949 3904 1167 4005 detractio,
1192 3903 1256 3985 vel
1287 3904 1464 4014 denique

279 4047 422 4119 contra
461 4036 670 4122 hominem
711 4046 988 4147 praesentem,
1023 4047 1063 4120 et
1104 4039 1349 4121 contumelio
1390 4064 1464 4147 ap-

277 4169 469 4274 pellatur.
1157 4253 1160 4260 ,

336 4303 380 4381 ln
415 4307 520 4415 Cap.
556 4309 739 4389 Innotuit
763 4313 805 4389 1.
832 4307 874 4389 b.
901 4314 931 4388 t.
956 4305 1094 4413 agitur
1115 4308 1163 4388 de
1184 4305 1361 4406 ClericO,
1391 4303 1461 4412 qui

279 4437 484 4546 quaedam
502 4439 706 4546 injuriosa
721 4442 847 4522 verba
868 4441 909 4520 in
941 4447 1218 4551 contemptum
1253 4439 1390 4539 officii,
1422 4449 1468 4520 et
