3388 5136
275 383 318 449 56
573 398 843 446 Pmnnncrronns
868 399 885 443 J
887 397 960 443 UBIS
982 395 1138 442 OANONIOI

276 529 478 608 nistarum
522 528 571 608 ad
603 550 700 628 rem
743 522 952 621 facienteS,
987 519 1224 628 dequibus.
1260 519 1446 603 inferius

274 661 482 741 Probatur
527 659 665 766 itaque
711 684 761 736 ex
808 663 923 736 textu
962 655 1051 762 ipso
1086 653 1312 734 Tridentini
1344 653 1451 734 Con·

274 795 372 876 cilii.
408 793 470 874 En
503 793 630 873 verba
660 791 792 899 ipsius
824 787 974 870 decreti
1008 834 1054 843 —
1093 787 1195 867 Cum
1227 785 1447 902 honestius,

274 957 323 1009 ue
369 929 494 1010 tutius
534 928 587 1008 sit
633 926 808 1032 subjecto
855 923 1031 1004 debitam
1064 923 1316 1034 praepositis
1362 923 1452 1002 obe-

274 1064 471 1145 dientium
504 1059 783 1172 impendendo,
824 1060 874 1143 in,
909 1057 1106 1166 inferiori
1135 1055 1361 1136 ministerio
1383 1055 1451 1135 de-

273 1197 441 1295 sereire,
476 1221 599 1302 quom
635 1221 724 1274 cum
753 1191 1100 1302 praepositorum,
1120 1187 1319 1269 seandalo
1353 1215 1451 1297 prn-

275 1331 399 1411 dnum
430 1330 626 1410 uitiorum
668 1335 856 1438 appetere
887 1325 1141 1434 dignitatem,
1161 1319 1216 1403 ¹ei
1245 1325 1313 1405 cui
1337 1322 1452 1404 ordi-

275 1492 343 1544 nes
374 1492 401 1543 a
430 1490 502 1544 suo
532 1463 750 1562 Proetuto,
785 1487 838 1542 em
869 1485 1119 1568 quocumque
1160 1483 1286 1538 eausa
1326 1459 1450 1537 etiam

275 1599 322 1678 ob
354 1598 551 1678 occuitum
583 1598 750 1696 crimen,
785 1593 1082 1703 quomodolibet
1108 1594 1235 1674 etium
1262 1591 1451 1696 eaetruju-

275 1731 483 1813 dicintiter
502 1733 643 1842 suerit
676 1729 927 1811 interdictus.
964 1730 1046 1809 Aut
1078 1729 1150 1836 qui
1179 1753 1207 1806 a
1231 1728 1317 1806 suis
1337 1725 1451 1806 ordi-

273 1867 405 1966 nibus,
438 1891 508 1945 seu
537 1863 748 1974 gradibus,
784 1861 844 1942 cet
879 1859 1147 1970 dipuitotibns
1187 1859 1451 1940 Ecclesiasti-

275 2001 331 2078 cis
352 2000 492 2107 fuerit
521 2023 750 2109 snspensas.
785 1992 919 2076 Nuttc
942 2003 1085 2075 contro
1109 1996 1235 2104 ipsius
1257 1993 1450 2074 Praetati

275 2133 519 2214 uoluntatem
551 2157 736 2212 concessu
769 2131 935 2210 ticentio
966 2129 1015 2211 de
1044 2155 1085 2210 se
1108 2129 1344 2240 promoueri
1370 2127 1451 2236 fu-

275 2267 430 2367 ciendo,
465 2274 537 2348 unt
568 2265 625 2347 ad
649 2267 812 2376 priores
843 2265 1022 2364 ordines,
1055 2263 1225 2372 crudus,
1260 2269 1297 2343 et
1317 2261 1450 2370 digni·

276 2412 392 2500 tntes,
425 2404 509 2481 sice
540 2403 727 2500 honores,
762 2403 964 2481 restitutio
995 2400 1262 2507 suffropetnr.

363 2536 419 2616 Ut
450 2534 626 2642 quisque
658 2533 800 2630 videt,
818 2560 869 2613 ex
901 2559 997 2613 mox
1024 2532 1202 2613 recitatis
1223 2531 1449 2612 Tridentini

275 2667 411 2749 verbis
442 2667 535 2774 pius
570 2692 692 2773 quarn
726 2666 847 2746 fando
879 2667 1054 2773 exprimi
1087 2673 1234 2772 potest,
1279 2663 1451 2744 manite-

274 2809 385 2883 stum
417 2809 602 2908 apparet,
638 2823 759 2908 posse
790 2799 1020 2908 Episcopos
1042 2825 1067 2878 a
1087 2797 1361 2906 suscipiendis
1383 2823 1450 2878 sa-

272 2934 354 3015 cris
384 2933 600 3015 ordinibus
632 2960 685 3014 ec
718 2935 950 3043 informata
977 2935 1223 3015 conscientia
1245 2931 1447 3012 Clericum

262 3095 434 3166 *arcere3
467 3068 590 3176 idque
623 3097 697 3151 nec
727 3059 1057 3168 controvertitur,
1094 3095 1168 3149 nec
1205 3065 1446 3148 controverti

274 3231 457 3312 unquam
472 3229 593 3311 posse
616 3203 777 3286 videtur
793 3205 846 3284 ob
863 3203 1145 3284 omnimodam
1167 3199 1314 3282 horum
1342 3203 1444 3312 Cup.

279 3339 381 3419 Cum
403 3339 607 3420 honestius
640 3340 861 3418 verborum
885 3337 1218 3445 perspicuitatem
1242 3335 1449 3415 -ibi-

275 3473 330 3552 Et
348 3475 414 3554 cui
430 3500 618 3557 aseensus
640 3472 696 3553 nd
726 3498 867 3552 sacros
890 3470 1054 3551 ordines
1085 3453 1198 3552 asco
1229 3470 1444 3568 Proeluto,

275 3630 328 3683 cm
358 3633 609 3712 quacumque
639 3633 780 3707 euerso,
817 3608 941 3686 etiam
974 3607 1021 3685 ob
1053 3605 1252 3686 occuitum
1278 3605 1445 3703 crimen,

273 3736 585 3842 quomodolibet,
620 3739 741 3818 etium
767 3737 1152 3844 ectrojudiciatiter
1171 3779 1223 3791 --
1244 3735 1450 3844 Supponit

273 3870 382 3949 enim
416 3870 485 3969 ibi,
524 3897 571 3951 ac
603 3871 772 3978 proinde
804 3873 921 3952 docet
952 3871 1194 3952 Tridentino
1234 3871 1442 3978 SynoduS‚

272 4031 393 4112 posse
425 4005 477 4085 ab
510 4004 715 4113 Episcopo
747 4030 969 4087 ascensum
1006 4007 1057 4086 ad
1098 4031 1239 4086 sacros
1285 4003 1448 4085 ordines

273 4137 457 4220 interdici
491 4167 545 4220 eor
576 4167 827 4249 quacumque
857 4165 984 4221 eausa
1015 4142 1139 4220 etiam
1170 4139 1217 4218 ob
1250 4139 1448 4219 occultum

274 4272 425 4351 crimen
466 4279 503 4352 et
548 4273 859 4379 quomodolibet,
885 4275 1008 4352 etium
1050 4270 1443 4380 eoetrnjudieiutiter.

274 4405 391 4498 Quae
422 4404 547 4486 verba
578 4405 617 4484 id
654 4406 837 4515 praecise
878 4414 1043 4508 sonant,
1087 4407 1194 4514 quod
1237 4397 1316 4487 sub
1358 4405 1450 4485 bre-

1597 347 1675 638 ,
