3178 5134
433 389 541 443 umen
562 393 606 446 ιν.
631 411 651 426 -
674 393 812 444 rrrnuus
833 393 929 443 xvru.
1200 380 1268 446 277

116 521 230 603 Porro
268 520 488 606 tenendum
528 517 590 602 est
625 547 774 604 causas
804 547 898 602 vere
937 521 1261 606 matrimoniales

116 682 193 738 esse
221 681 307 758 ees,
330 679 435 765 quae
465 655 727 740 continentur
750 656 830 736 sub
850 681 959 737 num.
984 657 1012 736 I
1026 663 1063 736 et
1082 658 1139 757 ΙΙ,
1163 658 1264 766 quia

116 787 224 868 iniis
254 786 438 896 quaestio
477 793 539 869 cst
569 787 619 869 de
649 787 812 870 vinculo
852 794 891 869 ct
926 789 1106 894 juribus,
1141 798 1181 870 et
1209 791 1258 870 de

115 919 192 1002 istis
207 919 345 1002 causis
359 919 508 1002 dicitur
522 945 548 1000 a
563 919 744 1002 Concilio
754 919 992 1002 Tridentino
1006 923 1219 1002 sess.XXI
1223 925 1263 1004 V

115 1079 191 1134 ccc.
214 1053 304 1134 XII
327 1054 434 1161 quod
464 1059 647 1162 spectent
676 1052 913 1162 adjudices
943 1053 1253 1136 ecclesiasticos

113 1187 221 1296 quue
250 1185 359 1268 valet
398 1211 480 1268 non
519 1185 655 1268 solum
684 1187 721 1268 si
753 1189 1048 1299 principaliter
1076 1183 1258 1297 equatur

112 1319 338 1425 praesertim
368 1317 539 1427 primae,
571 1319 644 1400 sed
673 1318 864 1401 etiamsi
895 1320 1090 1400 incidant.
1114 1323 1159 1401 Iu
1179 1319 1260 1404 hcc

113 1452 207 1534 enim
236 1451 381 1534 ultimo
402 1477 502 1534 casu
528 1452 659 1560 judex
687 1451 819 1534 laicus
847 1454 967 1536 debet
990 1455 1257 1562 supersedere

113 1611 227 1694 usque
257 1586 357 1667 dum
386 1587 571 1694 quaestio
601 1585 857 1668 incidentalis
890 1586 1010 1668 luerit
1031 1587 1210 1668 resoluta
1231 1613 1261 1667 a

109 1716 229 1822 judice
259 1725 527 1827 competente,
556 1725 602 1801 ut
631 1719 839 1800 notabitur
857 1719 983 1800 Libro
1004 1719 1052 1800 ΙΙ
1076 1725 1116 1800 et
1145 1728 1257 1827 patet

112 1875 152 1930 ex
177 1851 384 1934 communi
405 1851 630 1934 Doctorum
659 1851 861 1933 sententia
881 1878 931 1932 ex
962 1859 1116 1934 statuta
1145 1852 1259 1933 inca·

113 1981 272 2088 pacitate
291 1983 492 2066 laicorum
512 1983 647 2093 quoad
667 2011 816 2066 causas
836 1984 1084 2093 spirituales.
1104 1985 1257 2066 Statuit

112 2141 193 2198 vero
221 2115 450 2198 Concilium
470 2116 754 2218 Tridentinum
773 2143 868 2199 sess.
893 2117 1045 2200 XXIV
1060 2143 1150 2228 cap.
1174 2117 1262 2198 XX

113 2247 154 2328 de
171 2251 462 2360 reformatione
481 2250 590 2360 quod
610 2249 687 2330 hac
707 2275 857 2331 causae
882 2276 965 2333 non
985 2249 1153 2350 Decani,
1165 2251 1256 2352 Ar·
1303 2355 1307 2362 .

113 2379 325 2464 chidiaconi
356 2392 428 2466 aut
458 2383 634 2465 aliorum
673 2382 912 2464 inferiorum
946 2383 1101 2491 judicio
1132 2384 1254 2465 ctiam

111 2515 312 2619 visitand0‚
336 2519 409 2600 sed
429 2517 621 2626 Episcopi
641 2523 800 2600 tantum
820 2518 999 2599 examini
1027 2527 1066 2600 et
1086 2499 1256 2626 jurisdi-

111 2649 219 2731 ctioni
238 2650 538 2760 relinquantur,
557 2651 615 2732 ita
634 2655 680 2732 ut
701 2675 776 2732 nec
796 2649 978 2758 Legatos
992 2651 1254 2762 Apostolicus

111 2781 252 2866 efficere
283 2784 413 2894 possit
441 2768 549 2894 quod
579 2784 657 2892 ipsi
696 2784 907 2892 priventur
945 2792 1144 2892 potestate
1183 2810 1254 2864 eas

109 2915 257 2999 videndi
279 2917 321 2998 in
342 2918 476 3026 prima
501 2918 708 3000 instantia.
735 2916 828 3011 Qua
848 2919 1056 3000 sanctione
1077 2943 1158 2998 non
1179 2917 1256 2998 tol-

111 3045 194 3130 litur
226 3058 409 3159 potestas
439 3049 651 3160 Episcopis
686 3049 788 3131 alios
819 3075 898 3130 sua
926 3049 1013 3131 viee
1043 3049 1256 3155 delegandi

111 3179 153 3260 ad
171 3181 366 3265 videndas
386 3181 462 3264 has
491 3209 639 3264 causas
659 3190 761 3292 puta
780 3181 994 3263 Vinarium
1015 3181 1255 3263 Generalem

110 3311 279 3426 eliasque
300 3316 598 3399 ecclesiasticas
618 3341 831 3426 personas,
855 3342 959 3425 quae
981 3315 1032 3395 ab
1053 3313 1256 3422 Episcopo

111 3447 211 3530 adid
236 3450 422 3532 muneris
451 3451 711 3558 deputentur,
735 3477 830 3532 cum
860 3450 903 3530 in
933 3475 1033 3530 casu
1064 3448 1152 3554 ejus
1183 3475 1257 3530 no-

110 3579 206 3662 mine
235 3591 276 3666 et
304 3581 391 3663 vice
422 3589 559 3690 agant.
586 3581 692 3663 Nam
723 3581 951 3664 Concilium
966 3575 1255 3662 'Tridentinum

108 3711 141 3791 id
168 3715 450 3799 tantummodo
469 3715 598 3798 voluit
628 3715 771 3818 vitare,
795 3723 842 3797 ut
861 3716 954 3824 quis
978 3721 1139 3823 praeter
1159 3714 1258 3822 Epi-

106 3869 265 3957 scopum
294 3849 335 3931 id
364 3849 530 3958 propria
560 3848 801 3932 auctoritate
831 3855 1124 3958 praesumeret.
1150 3847 1256 3928 Cau-

106 4002 168 4060 sae
195 3982 338 4064 tertiae
377 3980 527 4091 speciei
567 3981 604 4062 si
634 3979 909 4090 principaliter
949 3985 1124 4087 agantur
1162 4005 1253 4087 per-

106 4111 223 4198 tinent
243 4117 446 4199 exclusive
467 4117 519 4198 ad
535 4116 695 4224 judices
724 4115 865 4217 laicos,
888 4122 1010 4224 prout
1029 4139 1124 4196 cum
1145 4141 1256 4196 eom-

108 4250 211 4330 muni
256 4250 481 4334 Doctorum
524 4250 725 4332 sententia
768 4256 882 4332 notat
925 4246 1096 4356 Pirhing
1135 4248 1177 4329 h.
1221 4258 1250 4328 t.

109 4407 209 4465 uum.
248 4387 314 4467 17.
347 4381 472 4468 Ratio
502 4393 578 4488 est,
611 4383 819 4494 quianon
848 4388 946 4464 sunt
976 4407 1070 4462 vere
1105 4404 1256 4462 causae
