3380 5132
301 446 366 510 300
401 441 402 444 ’
588 449 880 511 ranauncrronas
902 457 996 509 runis
1020 458 1186 508 canoram

313 621 330 662 »
352 587 484 667 forma
503 593 734 667 occurreret
763 585 821 666 rei
851 613 946 667 cum
977 585 1172 692 religione
1192 593 1231 667 et
1251 585 1467 667 sanctitate

314 755 330 794 »
352 720 604 828 conjunctae.
629 720 748 801 Hanc
767 721 819 800 ob
841 745 1032 801 caussam
1053 721 1219 828 nuptiae
1241 721 1350 828 apud
1377 719 1470 801 illos

310 889 330 930 >
351 881 435 934 non
450 854 538 935 sine
555 853 821 935 caeremoniis
837 855 1097 962 religionum,
1111 855 1353 935 auctoritate
1369 880 1471 962 pon-

253 1075 255 1082 ,
314 987 524 1087 »tificum,
556 985 782 1069 ministerio
813 989 1072 1068 sacerdotum
1103 988 1190 1068 fieri
1221 1013 1344 1096 saepe
1373 1013 1471 1068 con-

313 1130 588 1202 »sueverunt
607 1123 701 1202 -lta
730 1147 924 1228 magnam
955 1121 997 1200 in
1028 1121 1177 1202 animis
1206 1120 1370 1202 caelesti
1397 1121 1470 1202 do·

313 1289 330 1329 »
351 1255 482 1336 ctrina
502 1253 738 1337 carentibus
759 1255 843 1336 vim
874 1254 1019 1336 habuit
1037 1264 1186 1338 natura
1205 1280 1358 1355 rerum,
1383 1281 1470 1335 me·

314 1387 484 1467 »moria
513 1386 733 1494 originum,
769 1387 1018 1470 conscientia
1048 1389 1209 1495 generis
1240 1387 1424 1469 humani!
1447 1433 1470 1448 -

313 1521 479 1627 »Igitur
499 1545 594 1602 cum
626 1521 932 1606 matrimonium
953 1522 1006 1602 sit
1026 1549 1104 1604 sua
1124 1522 1177 1622 vi,
1204 1547 1283 1603 sua
1303 1531 1464 1622 natura,

314 1687 332 1729 »
353 1679 431 1734 sua
450 1662 596 1761 sponte
612 1681 792 1757 sacrum,
812 1663 1131 1738 consentaneum
1147 1636 1223 1758 est,
1244 1664 1289 1737 ut
1304 1664 1471 1762 regatur

315 1821 332 1863 ›
353 1815 401 1870 ac
417 1796 664 1896 temperetur
680 1815 761 1869 non
782 1789 1013 1900 principum
1034 1791 1217 1898 imperi0,
1239 1791 1311 1872 sed
1332 1791 1470 1872 divina

313 1955 331 1997 >
352 1922 593 2003 auctoritate
614 1921 835 2024 Ecclesiae,
859 1948 964 2030 quae
985 1949 1124 2003 rerum
1143 1949 1356 2004 sacrarum
1378 1923 1468 2003 sola

314 2089 331 2130 »
352 2055 790 2162 habetmagisterium.
809 2055 1000 2138 -Deinde
1021 2055 1317 2161 consideranda
1333 2083 1469 2137 sacra·

313 2190 476 2270 »menti
498 2189 676 2296 dignitas
697 2197 773 2290 est,
796 2189 916 2297 cujus
946 2189 1180 2270 accessione
1210 2189 1474 2272 matrimonia

315 2357 333 2398 »
353 2322 667 2404 christianorum
689 2351 855 2404 evasere
885 2324 1006 2430 longe
1026 2323 1298 2404 nobilissima.
1323 2323 1384 2403 De
1404 2349 1473 2404 sa·

315 2457 572 2537 »oramentis
602 2465 739 2536 autem
769 2465 947 2538 statuere
978 2462 1017 2536 et
1046 2457 1291 2564 praecipere,
1325 2457 1395 2557 ita,
1420 2483 1473 2537 ex

203 2647 208 2664 .
316 2589 562 2671 »voluntate
584 2589 747 2688 Christi,
778 2589 867 2668 sola
895 2595 1099 2696 potestat
1129 2589 1249 2669 debet
1267 2589 1467 2688 Ecclesia,

318 2757 334 2836 3>
355 2732 402 2804 ut
417 2723 619 2803 absonum
635 2723 688 2803 sit
705 2721 823 2830 plane
840 2721 1052 2833 potestatis
1072 2723 1162 2829 ejus
1177 2724 1241 2803 vel
1257 2721 1472 2804 minimam

317 2891 334 2932 »
353 2865 511 2964 partem
529 2857 579 2937 ad
596 2857 891 2963 gubernatores
907 2856 964 2936 rei
980 2856 1111 2937 civilis
1129 2857 1229 2936 velle
1251 2883 1341 2937 esse
1363 2865 1474 2937 tran-

317 3025 334 3065 »
354 2991 518 3072 slatam.
537 2990 785 3070 -Postremo
816 3015 1014 3096 maguum
1035 2991 1196 3097 pondus
1221 2998 1297 3090 est,
1323 3015 1474 3098 magna

317 3161 333 3199 »
355 3125 417 3206 vis
434 3123 641 3225 historiae,
660 3149 742 3232 qua
761 3123 988 3206 luculenter
1003 3124 1212 3224 docemur,
1234 3132 1474 3232 potestatem

316 3291 335 3332 a
355 3258 565 3366 legiferam
586 3267 625 3337 et
646 3255 898 3364 judicialem,
923 3258 973 3336 de
993 3281 1076 3365 qua
1104 3257 1325 3364 loquimur,
1350 3257 1475 3336 libere

318 3401 669 3499 »constanterque
701 3391 752 3470 ab
774 3389 959 3470 Ecclesia
989 3391 1179 3500 usurpari
1211 3389 1475 3471 consuevisse

319 3525 407 3605 »iis
439 3526 562 3606 etiam
594 3523 863 3632 temporibuS,
897 3524 1059 3630 quando
1101 3523 1304 3632 principes
1338 3523 1477 3631 reipu-

318 3657 486 3739 »blicae
518 3657 816 3738 consentientes
858 3655 985 3736 luisse
1025 3673 1097 3737 aut
1141 3657 1404 3737 conniventes
1434 3657 1476 3735 in

320 3825 337 3862 >
358 3817 408 3872 ea
422 3815 479 3888 re,
502 3789 636 3896 inepte
652 3797 690 3869 et
706 3787 829 3868 stulte
845 3788 1082 3894 fingeretur.
1102 3789 1204 3872 Illud
1226 3789 1334 3870 enim
1353 3813 1478 3898 quam

321 3923 609 4022 »incredibile
644 3947 768 4030 quam
809 3923 1050 4022 absurdum,
1092 3923 1300 4005 Christum
1336 3921 1480 4002 Domi-

323 4083 459 4138 »num
491 4059 710 4138 damnasse
752 4055 1009 4164 polygamiae
1047 4057 1289 4165 repudiique
1325 4055 1481 4136 invete-

322 4227 338 4264 »
360 4199 491 4271 ratam
512 4189 851 4300 consuetudinem
873 4188 1059 4297 delegata
1079 4191 1157 4272 sibi
1176 4195 1482 4299 aprocuratorc

322 4324 591 4432 »provinciae
622 4323 685 4402 vel
717 4349 742 4402 a
771 4322 952 4431 principe
976 4325 1228 4406 Judaeorum
1260 4329 1478 4431 potestate;

319 4491 338 4534 ›
358 4459 546 4541 similiter
561 4457 754 4539 Paullum
769 4457 1014 4565 Apostolum
1032 4461 1205 4542 divortia
1221 4460 1481 4564 incestusque
