3136 5138
352 355 416 422 166
640 361 932 417 ranucucnoucs
955 357 1048 410 rucis
1073 357 1241 414 canonici

362 498 453 579 »ad
483 501 738 604 peroptatam
775 491 1035 574 concordiam
1075 491 1370 572 amantissimis
1400 491 1509 598 plane

362 629 546 712 »litteris
566 627 759 728 excitare,
778 626 946 732 jamque
978 625 1114 706 unitos
1136 625 1349 705 favoribus
1369 649 1506 731 augere

361 800 379 842 »
400 793 481 846 non
503 761 669 862 destitit,
694 761 734 842 id
752 787 882 841 unum
898 759 1126 867 requiram,
1146 769 1191 840 ut
1212 786 1370 840 errores
1389 759 1508 838 omni·

361 899 509 980 »modi
539 896 823 996 evellerentur,
857 896 930 975 sed
961 894 1065 974 ritus
1095 893 1304 974 orientalis
1341 901 1508 972 maneret

360 1031 635 1130 »inviolatus
675 1028 1022 1136 quemadmodum
1063 1035 1102 1108 ct
1142 1027 1356 1134 disciplina
1396 1051 1506 1133 quam

359 1177 491 1244 »ante
535 1160 716 1242 schisma
755 1159 974 1240 orientales
1019 1159 1240 1240 servabant
1279 1179 1318 1242 et
1359 1161 1509 1268 profite-

359 1298 563 1396 »bantur,
587 1293 776 1404 quaeque
793 1295 1035 1375 venerandis
1066 1293 1250 1402 ipsorum
1272 1294 1449 1402 antiquis
1467 1293 1511 1372 li·

358 1429 546 1536 »turgiis
576 1455 625 1510 ac
645 1427 864 1509 ritualibus
894 1427 1095 1527 inuititur,
1119 1427 1309 1533 religiose
1342 1425 1509 1508 custodi-

359 1599 377 1639 »
397 1573 525 1644 retur.
544 1609 564 1626 -
579 1561 781 1671 Equidem
812 1589 895 1642 non
915 1561 996 1641 alio
1027 1560 1199 1641 consilio
1221 1587 1374 1641 novam
1394 1559 1509 1641 eccle-

359 1697 607 1779 »siasticam
646 1695 932 1796 Provinciam,
976 1696 1027 1775 ab
1068 1694 1308 1776 Alba-dulia
1349 1695 1506 1790 dictam,¹

358 1831 689 1940 »praelaudatus
720 1829 910 1911 Pontifex
942 1829 1133 1930 instituit,
1168 1830 1316 1938 quippe
1349 1829 1419 1938 qui
1446 1855 1509 1908 ex-

357 1965 544 2075 »plicate
574 1964 798 2062 mandavit,
832 1971 879 2044 ut
910 1963 1042 2044 forma
1071 1971 1194 2070 atque
1220 1963 1512 2044 administratio

247 2208 250 2213 Ι
358 2135 374 2171 »
396 2102 448 2182 ad
474 2101 599 2181 ritum
621 2107 661 2180 et
681 2099 939 2207 disciplinam
960 2097 1181 2178 Orientalis
1200 2097 1411 2178 Ecclesiae
1431 2093 1508 2176 cxi-

358 2241 576 2338 »geretur3
601 2241 646 2312 ut
677 2231 845 2338 insuper
865 2231 929 2312 vel
960 2231 1029 2312 tali
1063 2231 1250 2338 exemplo
1282 2231 1407 2311 ctiam
1436 2229 1508 2310 dis-

357 2397 373 2438 »
395 2363 573 2445 sidentes
595 2364 726 2444 allecti
749 2391 798 2444 ac
819 2364 989 2445 unitatis
1010 2365 1161 2464 studio,
1186 2364 1394 2472 aspirante
1414 2364 1510 2458 Deo,

355 2496 575 2594 »excitati
602 2495 763 2576 facilius
794 2495 836 2575 in
866 2497 1068 2602 gremium
1101 2495 1324 2577 catholicae
1347 2495 1509 2577 unitatis

357 2667 374 2706 »
394 2659 439 2712 se
456 2631 694 2738 reciperent.
716 2631 919 2722 Quoniam
937 2657 1033 2711 vero
1050 2630 1269 2738 disciplina
1282 2629 1405 2714 istius
1420 2633 1510 2711 Pro·

259 2777 263 2786 '
356 2799 373 2840 »
395 2765 553 2845 vinciae
574 2765 779 2844 nonsatis
800 2773 893 2872 apte
915 2764 955 2843 iu
978 2765 1185 2872 aliquibus
1206 2765 1257 2844 ad
1284 2765 1506 2875 exemplum

356 2897 615 2979 »Orientalis
655 2895 863 2977 Ecclesiae
905 2897 1132 3005 composita
1161 2897 1395 2995 videbatur,
1429 2898 1509 2978 idco

355 3031 602 3114 »Sanctitas
642 3032 730 3111 Sua
770 3031 919 3133 voluit,
960 3041 1004 3113 ut
1038 3031 1230 3140 Episcopi
1267 3039 1509 3114 memoratae

356 3165 638 3247 »Provinciae
669 3191 754 3246 una
783 3166 955 3267 Tecum,
989 3165 1146 3247 collatis
1183 3166 1382 3269 consiliis,
1417 3167 1510 3247 rela-

355 3332 373 3375 »
394 3300 546 3380 tionem
568 3300 619 3380 de
635 3297 701 3378 his
717 3297 926 3398 omnibus,
945 3298 1143 3406 appositis
1160 3299 1509 3381 lucubrationibus

355 3466 372 3508 »
393 3438 724 3532 commentatam,
749 3429 942 3512 exhibere
963 3439 1168 3532 curarent,
1193 3439 1238 3512 ut
1259 3433 1368 3533 inde,
1394 3433 1510 3512 rebus

353 3598 371 3636 »
392 3563 534 3644 sedulo
550 3564 778 3671 perpensiS,
797 3569 1024 3671 opportuna
1045 3564 1339 3671 provideretur.
1358 3563 1508 3658 -Quod

355 3695 465 3777 »ubi
487 3698 643 3804 accepit
663 3698 716 3779 A.
742 3698 792 3778 T.
818 3697 1015 3778 laudabili
1046 3698 1211 3806 quidem
1242 3698 1510 3781 sollicitudine

353 3832 594 3937 »praestitit
634 3859 708 3940 per
746 3831 901 3912 litteras
942 3832 1071 3940 pridie
1101 3832 1312 3914 Kalendas
1344 3833 1512 3914 Decem·

354 3962 477 4043 »bris
508 3967 615 4044 1856
647 3965 765 4046 datas
795 3991 947 4072 perque
978 3967 1148 4074 insuper
1177 3967 1369 4074 adjuncta
1402 3966 1511 4062 folia,

353 4099 464 4178 »ubi
494 4099 616 4207 plura
644 4099 850 4181 habentur
886 4127 991 4206 quae
1032 4101 1290 4208 disciplinam
1331 4109 1511 4210 spectant

353 4228 633 4310 »orientalem
654 4241 694 4314 et
715 4231 1034 4314 consuetudines
1065 4259 1280 4342 moresque
1302 4233 1423 4314 istius
1445 4259 1513 4313 no-

353 4386 469 4443 »vae
500 4361 756 4447 Provinciae.
791 4365 920 4446 Porro
951 4365 1158 4447 Sanctitas
1178 4367 1279 4464 Sua,
1316 4365 1382 4447 cui
1417 4361 1509 4446 nihil
