3360 5126
525 411 626 458 nmina
648 412 680 457 V·
704 427 748 440 ····
771 413 911 460 munos
933 414 1015 460 xm.

691 815 734 913 ἓ·
772 811 831 892 3·“

418 1079 483 1158 Dc
513 1077 779 1159 uiolatoribus
810 1075 1107 1158 Ecclesiarum.

260 1344 493 1427 Violatores
522 1345 804 1426 Ecclesiarum
837 1346 1032 1425 dicuntur
1062 1341 1136 1442 illi,
1171 1343 1241 1452 qui
1272 1370 1350 1425 ne-

171 1481 270 1561 dum
302 1479 521 1578 EcclesiaS,
558 1481 629 1560 sed
660 1489 700 1560 et
727 1477 806 1559 alia
826 1478 918 1559 loca
939 1503 1073 1579 sacca,
1099 1487 1138 1558 et
1157 1477 1354 1585 religiosa

170 1613 369 1694 violenter
399 1613 634 1719 effringunt,
666 1620 706 1692 ct
727 1611 904 1720 pervim
926 1619 1151 1720 exportant
1172 1638 1238 1692 res
1259 1638 1349 1720 pen-

169 1747 345 1828 tinentes
375 1747 425 1828 ad
446 1747 702 1854 Ecclesiam,
735 1746 799 1826 vel
832 1745 889 1826 ibi
921 1745 1145 1854 depositas.
1190 1744 1353 1827 Dicitur

172 1889 309 1964 autem
342 1882 526 1984 violatio,
560 1882 658 1990 quia
687 1907 768 1962 non
790 1881 926 1962 solum
949 1880 1139 1988 rapinam
1163 1881 1353 1962 commit-

168 2021 275 2114 tunt,
309 2017 535 2096 sedetiam
568 2015 849 2120 sacrilegium.
883 2013 1116 2121 Tripliciter·
1145 2039 1243 2094 veno
1264 2012 1350 2093 hu-

165 2145 350 2253 jusmodi
382 2145 548 2226 violatio
580 2145 763 2226 accidere
794 2155 943 2253 potest,
967 2147 1123 2226 scilicet
1149 2150 1208 2226 1.⁰
1227 2145 1261 2223 si
1285 2172 1351 2224 res

169 2305 289 2360 sacra
304 2279 463 2387 capitur
479 2279 528 2360 de
544 2277 634 2358 loco
650 2304 785 2360 sacro.
811 2281 873 2360 2.⁰
893 2277 935 2358 Si
960 2305 1027 2360 res
1049 2304 1168 2358 sacca
1189 2279 1239 2360 de
1260 2277 1351 2359 loco

36 2485 44 2499 ,
168 2436 251 2491 non
282 2438 415 2492 sacro.
454 2413 514 2492 3.⁰
544 2411 589 2490 Si
622 2437 687 2492 ces
719 2436 801 2490 non
833 2435 952 2490 saona
982 2411 1031 2490 de
1061 2409 1150 2491 loco
1183 2437 1316 2492 socco,

255 2543 470 2635 Quaerunt
500 2542 567 2623 hic
598 2542 688 2624 DD.
725 2551 765 2624 et
795 2541 1058 2644 (laconismo,
1093 2571 1156 2648 an
1179 2545 1350 2651 quaevis

168 2674 313 2781 rapina
343 2676 567 2757 commissa
597 2676 638 2754 in
670 2675 855 2756 Ecclesia
886 2677 1110 2758 constituat
1151 2678 1346 2758 violatio-

167 2835 262 2890 nem
284 2810 417 2917 ipsius
437 2809 674 2891 Ecclesiae?
697 2809 807 2890 Huic
828 2811 955 2891 dubio
978 2813 1240 2919 respondent,
1261 2812 1349 2892 vio·-

166 2943 359 3026 lationem
390 2951 490 3024 tune
521 2943 784 3042 constituere,
819 2969 915 3024 cum
947 2971 1013 3024 res
1045 2945 1120 3025 etsi
1158 2973 1241 3026 non
1280 2975 1349 3027 sa-

167 3102 255 3174 cra,
289 3077 330 3156 in
361 3078 546 3158 Ecclesia
578 3085 716 3158 tamen
747 3077 966 3184 reperitur,
1000 3085 1039 3158 et
1060 3078 1149 3158 loco
1171 3080 1347 3186 depositi

167 3217 370 3321 servatur.

253 3343 486 3423 Violatores
517 3342 756 3450 hujusmodi
786 3343 1067 3452 puniebantur
1097 3369 1344 3426 excommu-

165 3477 369 3559 nicatione
399 3476 506 3556 latae
527 3477 769 3578 sententiae,
793 3505 869 3560 ceu
892 3476 1112 3585 perhibent
1137 3476 1240 3585 Cup.
1266 3481 1346 3568 22,

165 3610 214 3691 dc
228 3611 392 3692 Sentcn.
414 3637 613 3692 excomm.
634 3620 672 3694 et
692 3614 797 3694 Con.
819 3617 863 3704 5,
884 3638 995 3692 caus.
1020 3615 1097 3702 17,
1116 3617 1272 3719 quaest.
1299 3615 1343 3692 4.

164 3745 223 3826 De
254 3745 331 3826 hac
353 3753 490 3826 tamen
517 3772 694 3827 censura
716 3773 813 3827 cum
837 3747 951 3827 nulla
974 3745 1168 3854 explicita
1192 3747 1348 3827 mentio

163 3877 234 3959 fiat
253 3877 293 3958 in
324 3881 491 3987 saepius
524 3881 649 3963 citata
684 3883 906 3963 Constitut.
937 3880 1199 3992 Apostolicne
1228 3881 1348 3962 Sedis

163 4011 327 4092 camin
357 4020 501 4094 tenues
546 4040 679 4094 auras
712 4015 864 4096 abiisse
906 4013 1125 4094 dicendum
1166 4012 1343 4092 videtur.

249 4145 407 4227 Verum
438 4147 473 4227 si
505 4147 672 4230 violatio
715 4175 797 4237 non
840 4146 964 4227 fuecit
1004 4146 1196 4254 perfecta,
1240 4143 1348 4224 idest

162 4279 197 4359 si
229 4281 369 4379 defuit,
406 4281 471 4362 vel
502 4281 692 4364 infr-actio
738 4281 833 4382 loci,
882 4281 946 4362 vei
993 4279 1198 4389 spoliatio,
1246 4286 1344 4360 tunc

162 4411 264 4493 haec
308 4415 683 4496 excommunicatio
730 4416 837 4496 latae
879 4414 1105 4498 sentcntiae
1142 4414 1183 4493 in
1220 4411 1345 4495 aliam
