<?xml version="1.0" encoding="UTF-8"?>
<!DOCTYPE html PUBLIC "-//W3C//DTD XHTML 1.0 Transitional//EN"
    "http://www.w3.org/TR/xhtml1/DTD/xhtml1-transitional.dtd">
<html xmlns="http://www.w3.org/1999/xhtml" xml:lang="en" lang="en">
 <head>
  <title>
</title>
<meta http-equiv="Content-Type" content="text/html;charset=utf-8" />
  <meta name='ocr-system' content='tesseract 3.04.00' />
  <meta name='ocr-capabilities' content='ocr_page ocr_carea ocr_par ocr_line ocrx_word'/>
</head>
<body>
  <div class='ocr_page' id='page_1' title='image "./praelectionesju00angegoog/praelectionesju00angegoog_0272.png"; bbox 0 0 3178 5134; ppageno 0'>
   <div class='ocr_carea' id='block_1_1' title="bbox 446 406 1286 474">
    <p class='ocr_par' dir='ltr' id='par_1_1' title="bbox 446 406 1286 474">
     <span class='ocr_line' id='line_1_1' title="bbox 446 406 1286 474; baseline -0.001 -2"><span class='ocrx_word' id='word_1_1' title='bbox 446 419 554 474; x_wconf 79' lang='lat' dir='ltr'><strong>urana</strong></span> <span class='ocrx_word' id='word_1_2' title='bbox 573 419 619 472; x_wconf 84' lang='lat' dir='ltr'><strong>rr.</strong></span> <span class='ocrx_word' id='word_1_3' title='bbox 640 439 662 453; x_wconf 92' lang='lat'>-</span> <span class='ocrx_word' id='word_1_4' title='bbox 684 421 821 474; x_wconf 78' lang='lat' dir='ltr'><strong>uranus</strong></span> <span class='ocrx_word' id='word_1_5' title='bbox 843 421 900 470; x_wconf 83' lang='lat' dir='ltr'><strong>xv.</strong></span> <span class='ocrx_word' id='word_1_6' title='bbox 1187 406 1250 472; x_wconf 80' lang='lat'><strong>261</strong></span> <span class='ocrx_word' id='word_1_7' title='bbox 1283 436 1286 442; x_wconf 93' lang='lat'>·</span> 
     </span>
    </p>
   </div>
   <div class='ocr_carea' id='block_1_2' title="bbox 98 537 1247 2523">
    <p class='ocr_par' dir='ltr' id='par_1_2' title="bbox 98 537 1247 792">
     <span class='ocr_line' id='line_1_2' title="bbox 98 537 1247 658; baseline 0.001 -28"><span class='ocrx_word' id='word_1_8' title='bbox 98 550 178 658; x_wconf 90' lang='lat' dir='ltr'><strong>ipso</strong></span> <span class='ocrx_word' id='word_1_9' title='bbox 208 549 522 650; x_wconf 78' lang='lat' dir='ltr'><strong>dissolvebatur,</strong></span> <span class='ocrx_word' id='word_1_10' title='bbox 554 556 595 632; x_wconf 90' lang='lat' dir='ltr'><strong>et</strong></span> <span class='ocrx_word' id='word_1_11' title='bbox 623 549 683 632; x_wconf 88' lang='lat' dir='ltr'><strong>sic</strong></span> <span class='ocrx_word' id='word_1_12' title='bbox 712 549 871 633; x_wconf 92' lang='lat' dir='ltr'><strong>nullum</strong></span> <span class='ocrx_word' id='word_1_13' title='bbox 908 537 1134 658; x_wconf 89' lang='lat' dir='ltr'><strong>periculum</strong></span> <span class='ocrx_word' id='word_1_14' title='bbox 1169 549 1247 631; x_wconf 91' lang='lat' dir='ltr'><strong>im-</strong></span> 
     </span>
     <span class='ocr_line' id='line_1_3' title="bbox 98 676 1239 792; baseline 0.002 -28"><span class='ocrx_word' id='word_1_15' title='bbox 98 685 260 766; x_wconf 86' lang='lat' dir='ltr'><strong>mineret</strong></span> <span class='ocrx_word' id='word_1_16' title='bbox 275 683 390 764; x_wconf 87' lang='lat' dir='ltr'><strong>alteri</strong></span> <span class='ocrx_word' id='word_1_17' title='bbox 406 676 587 792; x_wconf 79' lang='lat' dir='ltr'><strong>conjugi,</strong></span> <span class='ocrx_word' id='word_1_18' title='bbox 606 684 643 765; x_wconf 86' lang='lat' dir='ltr'><strong>si</strong></span> <span class='ocrx_word' id='word_1_19' title='bbox 659 684 770 767; x_wconf 91' lang='lat' dir='ltr'><strong>aliud</strong></span> <span class='ocrx_word' id='word_1_20' title='bbox 785 684 1092 766; x_wconf 79' lang='lat' dir='ltr'><strong>matrimonium</strong></span> <span class='ocrx_word' id='word_1_21' title='bbox 1107 683 1239 766; x_wconf 92' lang='lat' dir='ltr'><strong>iniret.</strong></span> 
     </span>
    </p>

    <p class='ocr_par' dir='ltr' id='par_1_3' title="bbox 100 817 1246 2523">
     <span class='ocr_line' id='line_1_4' title="bbox 204 817 1244 928; baseline 0 -30"><span class='ocrx_word' id='word_1_22' title='bbox 204 821 265 899; x_wconf 82' lang='lat'>6·.⁰</span> <span class='ocrx_word' id='word_1_23' title='bbox 295 817 415 898; x_wconf 81' lang='lat' dir='ltr'><strong>Mitto</strong></span> <span class='ocrx_word' id='word_1_24' title='bbox 444 845 555 899; x_wconf 87' lang='lat' dir='ltr'><strong>nunc</strong></span> <span class='ocrx_word' id='word_1_25' title='bbox 582 818 694 928; x_wconf 92' lang='lat' dir='ltr'><strong>loqui</strong></span> <span class='ocrx_word' id='word_1_26' title='bbox 723 819 772 901; x_wconf 93' lang='lat' dir='ltr'><strong>de</strong></span> <span class='ocrx_word' id='word_1_27' title='bbox 811 817 1087 900; x_wconf 84' lang='lat' dir='ltr'><strong>additionibus</strong></span> <span class='ocrx_word' id='word_1_28' title='bbox 1127 817 1244 900; x_wconf 87' lang='lat' dir='ltr'><strong>factis</strong></span> 
     </span>
     <span class='ocr_line' id='line_1_5' title="bbox 100 948 1244 1058; baseline 0.002 -28"><span class='ocrx_word' id='word_1_29' title='bbox 100 949 186 1033; x_wconf 88' lang='lat' dir='ltr'><strong>huic</strong></span> <span class='ocrx_word' id='word_1_30' title='bbox 216 951 338 1032; x_wconf 91' lang='lat' dir='ltr'><strong>modo</strong></span> <span class='ocrx_word' id='word_1_31' title='bbox 368 951 613 1058; x_wconf 82' lang='lat' dir='ltr'><strong>procedendi</strong></span> <span class='ocrx_word' id='word_1_32' title='bbox 644 951 686 1032; x_wconf 92' lang='lat' dir='ltr'><strong>in</strong></span> <span class='ocrx_word' id='word_1_33' title='bbox 714 951 852 1033; x_wconf 91' lang='lat' dir='ltr'><strong>causis</strong></span> <span class='ocrx_word' id='word_1_34' title='bbox 873 948 1244 1031; x_wconf 82' lang='lat' dir='ltr'><strong>matrimonialibus</strong></span> 
     </span>
     <span class='ocr_line' id='line_1_6' title="bbox 100 1081 1246 1166; baseline -0.002 -2"><span class='ocrx_word' id='word_1_35' title='bbox 100 1111 140 1164; x_wconf 83' lang='lat' dir='ltr'><strong>ex</strong></span> <span class='ocrx_word' id='word_1_36' title='bbox 169 1084 318 1166; x_wconf 88' lang='lat' dir='ltr'><strong>celebri</strong></span> <span class='ocrx_word' id='word_1_37' title='bbox 348 1083 635 1166; x_wconf 91' lang='lat' dir='ltr'><strong>constitutione</strong></span> <span class='ocrx_word' id='word_1_38' title='bbox 664 1082 872 1165; x_wconf 83' lang='lat' dir='ltr'><strong>Benedicti</strong></span> <span class='ocrx_word' id='word_1_39' title='bbox 902 1081 1001 1162; x_wconf 91' lang='lat' dir='ltr'><strong>XIV</strong></span> <span class='ocrx_word' id='word_1_40' title='bbox 1025 1083 1108 1164; x_wconf 83' lang='lat' dir='ltr'><strong>Dei</strong></span> <span class='ocrx_word' id='word_1_41' title='bbox 1126 1085 1246 1162; x_wconf 81' lang='lat' dir='ltr'><strong>mise-</strong></span> 
     </span>
     <span class='ocr_line' id='line_1_7' title="bbox 103 1215 1246 1324; baseline -0.001 -27"><span class='ocrx_word' id='word_1_42' title='bbox 103 1221 251 1298; x_wconf 83' lang='lat' dir='ltr'><strong>ratione</strong></span> <span class='ocrx_word' id='word_1_43' title='bbox 279 1217 362 1297; x_wconf 85' lang='lat' dir='ltr'><strong>diei</strong></span> <span class='ocrx_word' id='word_1_44' title='bbox 390 1219 445 1298; x_wconf 78' lang='lat'><strong>29</strong></span> <span class='ocrx_word' id='word_1_45' title='bbox 465 1216 706 1298; x_wconf 80' lang='lat' dir='ltr'><strong>Nouembris</strong></span> <span class='ocrx_word' id='word_1_46' title='bbox 731 1217 834 1298; x_wconf 82' lang='lat'>1741</span> <span class='ocrx_word' id='word_1_47' title='bbox 860 1217 909 1298; x_wconf 90' lang='lat' dir='ltr'><strong>de</strong></span> <span class='ocrx_word' id='word_1_48' title='bbox 929 1241 1011 1324; x_wconf 91' lang='lat' dir='ltr'><strong>qua</strong></span> <span class='ocrx_word' id='word_1_49' title='bbox 1031 1215 1246 1323; x_wconf 91' lang='lat' dir='ltr'><strong>loquemur</strong></span> 
     </span>
     <span class='ocr_line' id='line_1_8' title="bbox 102 1347 1244 1434; baseline 0.002 -4"><span class='ocrx_word' id='word_1_50' title='bbox 102 1378 185 1432; x_wconf 91' lang='lat' dir='ltr'><strong>cum</strong></span> <span class='ocrx_word' id='word_1_51' title='bbox 216 1351 259 1430; x_wconf 94' lang='lat' dir='ltr'><strong>in</strong></span> <span class='ocrx_word' id='word_1_52' title='bbox 289 1351 391 1431; x_wconf 84' lang='lat' dir='ltr'><strong>libro</strong></span> <span class='ocrx_word' id='word_1_53' title='bbox 421 1351 471 1431; x_wconf 83' lang='lat' dir='ltr'><strong>de</strong></span> <span class='ocrx_word' id='word_1_54' title='bbox 497 1350 674 1434; x_wconf 62' lang='lat' dir='ltr'><strong>,Iudiciis</strong></span> <span class='ocrx_word' id='word_1_55' title='bbox 703 1375 839 1430; x_wconf 91' lang='lat' dir='ltr'><strong>sermo</strong></span> <span class='ocrx_word' id='word_1_56' title='bbox 867 1347 944 1430; x_wconf 89' lang='lat' dir='ltr'><strong>erit</strong></span> <span class='ocrx_word' id='word_1_57' title='bbox 972 1350 1022 1431; x_wconf 92' lang='lat' dir='ltr'><strong>de</strong></span> <span class='ocrx_word' id='word_1_58' title='bbox 1041 1348 1244 1432; x_wconf 87' lang='lat' dir='ltr'><strong>Processu</strong></span> 
     </span>
     <span class='ocr_line' id='line_1_9' title="bbox 103 1483 1245 1568; baseline -0.002 -2"><span class='ocrx_word' id='word_1_59' title='bbox 103 1485 394 1568; x_wconf 84' lang='lat' dir='ltr'><strong>matrimoniali.</strong></span> <span class='ocrx_word' id='word_1_60' title='bbox 429 1485 592 1567; x_wconf 86' lang='lat' dir='ltr'><strong>Adnoto</strong></span> <span class='ocrx_word' id='word_1_61' title='bbox 621 1492 757 1566; x_wconf 90' lang='lat' dir='ltr'><strong>tamen</strong></span> <span class='ocrx_word' id='word_1_62' title='bbox 786 1483 906 1565; x_wconf 91' lang='lat' dir='ltr'><strong>hodie</strong></span> <span class='ocrx_word' id='word_1_63' title='bbox 936 1509 1084 1564; x_wconf 81' lang='lat' dir='ltr'><strong>causas</strong></span> <span class='ocrx_word' id='word_1_64' title='bbox 1103 1484 1245 1566; x_wconf 89' lang='lat' dir='ltr'><strong>matri-</strong></span> 
     </span>
     <span class='ocr_line' id='line_1_10' title="bbox 101 1614 1243 1724; baseline 0.002 -28"><span class='ocrx_word' id='word_1_65' title='bbox 101 1617 289 1698; x_wconf 81' lang='lat' dir='ltr'><strong>moniales</strong></span> <span class='ocrx_word' id='word_1_66' title='bbox 323 1617 432 1722; x_wconf 89' lang='lat' dir='ltr'><strong>apud</strong></span> <span class='ocrx_word' id='word_1_67' title='bbox 471 1617 516 1697; x_wconf 90' lang='lat' dir='ltr'><strong>S.</strong></span> <span class='ocrx_word' id='word_1_68' title='bbox 550 1615 916 1724; x_wconf 86' lang='lat' dir='ltr'><strong>Congregationem</strong></span> <span class='ocrx_word' id='word_1_69' title='bbox 955 1614 1122 1697; x_wconf 87' lang='lat' dir='ltr'><strong>Concilii</strong></span> <span class='ocrx_word' id='word_1_70' title='bbox 1163 1616 1243 1698; x_wconf 91' lang='lat' dir='ltr'><strong>alio</strong></span> 
     </span>
     <span class='ocr_line' id='line_1_11' title="bbox 100 1748 1242 1857; baseline 0 -28"><span class='ocrx_word' id='word_1_71' title='bbox 100 1751 209 1832; x_wconf 90' lang='lat' dir='ltr'><strong>nodo</strong></span> <span class='ocrx_word' id='word_1_72' title='bbox 239 1749 414 1857; x_wconf 87' lang='lat' dir='ltr'><strong>practice</strong></span> <span class='ocrx_word' id='word_1_73' title='bbox 454 1751 554 1856; x_wconf 85' lang='lat' dir='ltr'><strong>geri.</strong></span> <span class='ocrx_word' id='word_1_74' title='bbox 597 1749 708 1832; x_wconf 90' lang='lat' dir='ltr'><strong>Dum</strong></span> <span class='ocrx_word' id='word_1_75' title='bbox 748 1748 857 1831; x_wconf 91' lang='lat' dir='ltr'><strong>enim</strong></span> <span class='ocrx_word' id='word_1_76' title='bbox 896 1749 931 1830; x_wconf 87' lang='lat' dir='ltr'><strong>si</strong></span> <span class='ocrx_word' id='word_1_77' title='bbox 971 1749 1053 1831; x_wconf 86' lang='lat' dir='ltr'><strong>sint</strong></span> <span class='ocrx_word' id='word_1_78' title='bbox 1092 1775 1242 1831; x_wconf 90' lang='lat' dir='ltr'><strong>causae</strong></span> 
     </span>
     <span class='ocr_line' id='line_1_12' title="bbox 101 1881 1243 1998; baseline 0.002 -36"><span class='ocrx_word' id='word_1_79' title='bbox 101 1883 326 1998; x_wconf 82' lang='lat' dir='ltr'><strong>simpliciter</strong></span> <span class='ocrx_word' id='word_1_80' title='bbox 353 1909 426 1990; x_wconf 93' lang='lat' dir='ltr'><strong>pro</strong></span> <span class='ocrx_word' id='word_1_81' title='bbox 457 1883 699 1965; x_wconf 90' lang='lat' dir='ltr'><strong>declaranda</strong></span> <span class='ocrx_word' id='word_1_82' title='bbox 719 1881 972 1991; x_wconf 87' lang='lat' dir='ltr'><strong>impotentia,</strong></span> <span class='ocrx_word' id='word_1_83' title='bbox 992 1889 1243 1990; x_wconf 89' lang='lat' dir='ltr'><strong>pertractan-</strong></span> 
     </span>
     <span class='ocr_line' id='line_1_13' title="bbox 100 2016 1244 2126; baseline 0.003 -32"><span class='ocrx_word' id='word_1_84' title='bbox 100 2023 156 2096; x_wconf 91' lang='lat' dir='ltr'><strong>tur</strong></span> <span class='ocrx_word' id='word_1_85' title='bbox 184 2017 226 2097; x_wconf 89' lang='lat' dir='ltr'><strong>in</strong></span> <span class='ocrx_word' id='word_1_86' title='bbox 255 2017 389 2124; x_wconf 89' lang='lat' dir='ltr'><strong>prima</strong></span> <span class='ocrx_word' id='word_1_87' title='bbox 417 2017 611 2099; x_wconf 89' lang='lat' dir='ltr'><strong>instantia</strong></span> <span class='ocrx_word' id='word_1_88' title='bbox 640 2019 750 2126; x_wconf 92' lang='lat' dir='ltr'><strong>apud</strong></span> <span class='ocrx_word' id='word_1_89' title='bbox 770 2017 948 2098; x_wconf 91' lang='lat' dir='ltr'><strong>tribunal</strong></span> <span class='ocrx_word' id='word_1_90' title='bbox 973 2016 1180 2124; x_wconf 85' lang='lat' dir='ltr'><strong>Episcopi,</strong></span> <span class='ocrx_word' id='word_1_91' title='bbox 1205 2025 1244 2098; x_wconf 90' lang='lat' dir='ltr'><strong>et</strong></span> 
     </span>
     <span class='ocr_line' id='line_1_14' title="bbox 101 2148 1245 2258; baseline 0.003 -32"><span class='ocrx_word' id='word_1_92' title='bbox 101 2159 187 2230; x_wconf 92' lang='lat' dir='ltr'><strong>sunt</strong></span> <span class='ocrx_word' id='word_1_93' title='bbox 214 2150 437 2230; x_wconf 88' lang='lat' dir='ltr'><strong>sententiae</strong></span> <span class='ocrx_word' id='word_1_94' title='bbox 466 2175 576 2230; x_wconf 91' lang='lat' dir='ltr'><strong>mere</strong></span> <span class='ocrx_word' id='word_1_95' title='bbox 607 2149 890 2251; x_wconf 87' lang='lat' dir='ltr'><strong>declarativae,</strong></span> <span class='ocrx_word' id='word_1_96' title='bbox 923 2149 1031 2258; x_wconf 91' lang='lat' dir='ltr'><strong>apud</strong></span> <span class='ocrx_word' id='word_1_97' title='bbox 1063 2149 1118 2230; x_wconf 65' lang='lat' dir='ltr'><strong>S:</strong></span> <span class='ocrx_word' id='word_1_98' title='bbox 1138 2148 1245 2230; x_wconf 89' lang='lat' dir='ltr'><strong>Con-</strong></span> 
     </span>
     <span class='ocr_line' id='line_1_15' title="bbox 104 2280 1244 2391; baseline 0.001 -31"><span class='ocrx_word' id='word_1_99' title='bbox 104 2282 367 2390; x_wconf 83' lang='lat' dir='ltr'><strong>gregationem</strong></span> <span class='ocrx_word' id='word_1_100' title='bbox 388 2289 669 2391; x_wconf 91' lang='lat' dir='ltr'><strong>proponuntur</strong></span> <span class='ocrx_word' id='word_1_101' title='bbox 684 2283 763 2362; x_wconf 87' lang='lat' dir='ltr'><strong>sub</strong></span> <span class='ocrx_word' id='word_1_102' title='bbox 779 2281 930 2390; x_wconf 91' lang='lat' dir='ltr'><strong>duplici</strong></span> <span class='ocrx_word' id='word_1_103' title='bbox 951 2280 1111 2364; x_wconf 91' lang='lat' dir='ltr'><strong>dubio·</strong></span> <span class='ocrx_word' id='word_1_104' title='bbox 1129 2283 1167 2362; x_wconf 94' lang='grc'><strong>1.</strong></span> <span class='ocrx_word' id='word_1_105' title='bbox 1192 2307 1244 2362; x_wconf 90' lang='lat' dir='ltr'><strong>an</strong></span> 
     </span>
     <span class='ocr_line' id='line_1_16' title="bbox 104 2415 1245 2523; baseline -0.001 -28"><span class='ocrx_word' id='word_1_106' title='bbox 104 2423 245 2498; x_wconf 82' lang='lat' dir='ltr'><strong>constet</strong></span> <span class='ocrx_word' id='word_1_107' title='bbox 274 2416 323 2497; x_wconf 91' lang='lat' dir='ltr'><strong>de</strong></span> <span class='ocrx_word' id='word_1_108' title='bbox 353 2416 592 2523; x_wconf 88' lang='lat' dir='ltr'><strong>impotentia</strong></span> <span class='ocrx_word' id='word_1_109' title='bbox 621 2417 879 2498; x_wconf 87' lang='lat' dir='ltr'><strong>antecedente</strong></span> <span class='ocrx_word' id='word_1_110' title='bbox 909 2422 948 2496; x_wconf 88' lang='lat' dir='ltr'><strong>et</strong></span> <span class='ocrx_word' id='word_1_111' title='bbox 977 2423 1174 2523; x_wconf 89' lang='lat' dir='ltr'><strong>perpetua</strong></span> <span class='ocrx_word' id='word_1_112' title='bbox 1203 2415 1245 2494; x_wconf 91' lang='lat' dir='ltr'><strong>in</strong></span> 
     </span>
    </p>
   </div>
   <div class='ocr_carea' id='block_1_3' title="bbox 102 2548 1311 3322">
    <p class='ocr_par' dir='ltr' id='par_1_4' title="bbox 102 2548 1311 3322">
     <span class='ocr_line' id='line_1_17' title="bbox 104 2548 1246 2658; baseline -0.002 -29"><span class='ocrx_word' id='word_1_113' title='bbox 104 2553 218 2630; x_wconf 69' lang='lat' dir='ltr'><strong>casui</strong></span> <span class='ocrx_word' id='word_1_114' title='bbox 249 2550 301 2630; x_wconf 89' lang='lat' dir='ltr'><strong>Et</strong></span> <span class='ocrx_word' id='word_1_115' title='bbox 335 2557 537 2658; x_wconf 91' lang='lat' dir='ltr'><strong>quatenus</strong></span> <span class='ocrx_word' id='word_1_116' title='bbox 571 2548 759 2657; x_wconf 85' lang='lat' dir='ltr'><strong>negative</strong></span> <span class='ocrx_word' id='word_1_117' title='bbox 788 2595 809 2609; x_wconf 97' lang='lat'><em>-</em></span> <span class='ocrx_word' id='word_1_118' title='bbox 838 2551 880 2630; x_wconf 85' lang='lat'><strong>2.</strong></span> <span class='ocrx_word' id='word_1_119' title='bbox 918 2573 972 2628; x_wconf 88' lang='lat' dir='ltr'><strong>an</strong></span> <span class='ocrx_word' id='word_1_120' title='bbox 1011 2548 1064 2628; x_wconf 89' lang='lat' dir='ltr'><strong>sit</strong></span> <span class='ocrx_word' id='word_1_121' title='bbox 1098 2573 1246 2628; x_wconf 86' lang='lat' dir='ltr'><strong>consu-</strong></span> 
     </span>
     <span class='ocr_line' id='line_1_18' title="bbox 103 2669 1250 2792; baseline 0.003 -32"><span class='ocrx_word' id='word_1_122' title='bbox 103 2681 254 2766; x_wconf 91' lang='lat' dir='ltr'><strong>lendum</strong></span> <span class='ocrx_word' id='word_1_123' title='bbox 294 2684 423 2764; x_wconf 80' lang='lat' dir='ltr'><strong>ssno</strong></span> <span class='ocrx_word' id='word_1_124' title='bbox 462 2709 535 2792; x_wconf 93' lang='lat' dir='ltr'><strong>pro</strong></span> <span class='ocrx_word' id='word_1_125' title='bbox 574 2669 876 2792; x_wconf 89' lang='lat' dir='ltr'><strong>dispensatione</strong></span> <span class='ocrx_word' id='word_1_126' title='bbox 920 2708 946 2761; x_wconf 89' lang='lat' dir='ltr'><strong>a</strong></span> <span class='ocrx_word' id='word_1_127' title='bbox 983 2681 1250 2776; x_wconf 87' lang='lat' dir='ltr'><strong>matrimonio</strong></span> 
     </span>
     <span class='ocr_line' id='line_1_19' title="bbox 103 2797 1245 2924; baseline 0.004 -32"><span class='ocrx_word' id='word_1_128' title='bbox 103 2825 179 2898; x_wconf 88' lang='lat' dir='ltr'><strong>rato</strong></span> <span class='ocrx_word' id='word_1_129' title='bbox 208 2824 246 2898; x_wconf 91' lang='lat' dir='ltr'><strong>et</strong></span> <span class='ocrx_word' id='word_1_130' title='bbox 274 2842 357 2902; x_wconf 89' lang='lat' dir='ltr'><strong>non</strong></span> <span class='ocrx_word' id='word_1_131' title='bbox 397 2819 708 2898; x_wconf 65' lang='lat' dir='ltr'><strong>consummato?</strong></span> <span class='ocrx_word' id='word_1_132' title='bbox 739 2823 859 2924; x_wconf 91' lang='lat' dir='ltr'><strong>atque</strong></span> <span class='ocrx_word' id='word_1_133' title='bbox 888 2822 986 2896; x_wconf 91' lang='lat' dir='ltr'><strong>tunc</strong></span> <span class='ocrx_word' id='word_1_134' title='bbox 1020 2816 1056 2896; x_wconf 91' lang='lat' dir='ltr'><strong>si</strong></span> <span class='ocrx_word' id='word_1_135' title='bbox 1072 2797 1245 2898; x_wconf 31' lang='lat' dir='ltr'><strong>‘constat</strong></span> 
     </span>
     <span class='ocr_line' id='line_1_20' title="bbox 102 2947 1311 3058; baseline 0.001 -32"><span class='ocrx_word' id='word_1_136' title='bbox 102 2947 143 3027; x_wconf 92' lang='lat' dir='ltr'><strong>de</strong></span> <span class='ocrx_word' id='word_1_137' title='bbox 169 2948 403 3058; x_wconf 87' lang='lat' dir='ltr'><strong>impotentia</strong></span> <span class='ocrx_word' id='word_1_138' title='bbox 442 2957 640 3058; x_wconf 90' lang='lat' dir='ltr'><strong>perpetua</strong></span> <span class='ocrx_word' id='word_1_139' title='bbox 668 2957 708 3031; x_wconf 93' lang='lat' dir='ltr'><strong>et</strong></span> <span class='ocrx_word' id='word_1_140' title='bbox 743 2949 1003 3031; x_wconf 89' lang='lat' dir='ltr'><strong>antecedente</strong></span> <span class='ocrx_word' id='word_1_141' title='bbox 1042 2949 1164 3030; x_wconf 86' lang='lat' dir='ltr'><strong>datur</strong></span> <span class='ocrx_word' id='word_1_142' title='bbox 1192 2947 1244 3027; x_wconf 89' lang='lat' dir='ltr'><strong>ad</strong></span> <span class='ocrx_word' id='word_1_143' title='bbox 1297 2971 1311 2998; x_wconf 92' lang='lat'><strong>·</strong></span> 
     </span>
     <span class='ocr_line' id='line_1_21' title="bbox 102 3080 1244 3193; baseline 0.002 -35"><span class='ocrx_word' id='word_1_144' title='bbox 102 3080 265 3185; x_wconf 92' lang='lat' dir='ltr'><strong>primum</strong></span> <span class='ocrx_word' id='word_1_145' title='bbox 306 3082 550 3164; x_wconf 87' lang='lat' dir='ltr'><strong>affirmativa</strong></span> <span class='ocrx_word' id='word_1_146' title='bbox 590 3082 816 3193; x_wconf 90' lang='lat' dir='ltr'><strong>responsio,</strong></span> <span class='ocrx_word' id='word_1_147' title='bbox 855 3089 975 3190; x_wconf 88' lang='lat' dir='ltr'><strong>atque</strong></span> <span class='ocrx_word' id='word_1_148' title='bbox 1015 3081 1244 3164; x_wconf 89' lang='lat' dir='ltr'><strong>declaratur</strong></span> 
     </span>
     <span class='ocr_line' id='line_1_22' title="bbox 103 3212 1244 3322; baseline 0 -32"><span class='ocrx_word' id='word_1_149' title='bbox 103 3215 393 3298; x_wconf 86' lang='lat' dir='ltr'><strong>matrimonium</strong></span> <span class='ocrx_word' id='word_1_150' title='bbox 424 3215 551 3296; x_wconf 89' lang='lat' dir='ltr'><strong>fuisse</strong></span> <span class='ocrx_word' id='word_1_151' title='bbox 581 3214 822 3316; x_wconf 91' lang='lat' dir='ltr'><strong>invalidum,</strong></span> <span class='ocrx_word' id='word_1_152' title='bbox 855 3221 976 3322; x_wconf 92' lang='lat' dir='ltr'><strong>prout</strong></span> <span class='ocrx_word' id='word_1_153' title='bbox 1011 3212 1244 3322; x_wconf 88' lang='lat' dir='ltr'><strong>expositum</strong></span> 
     </span>
    </p>
   </div>
   <div class='ocr_carea' id='block_1_4' title="bbox 100 3343 1247 4522">
    <p class='ocr_par' dir='ltr' id='par_1_5' title="bbox 100 3343 1247 4522">
     <span class='ocr_line' id='line_1_23' title="bbox 105 3343 1245 3452; baseline -0.001 -27"><span class='ocrx_word' id='word_1_154' title='bbox 105 3355 170 3428; x_wconf 88' lang='lat' dir='ltr'><strong>est.</strong></span> <span class='ocrx_word' id='word_1_155' title='bbox 201 3348 317 3441; x_wconf 84' lang='lat' dir='ltr'><strong>Quod</strong></span> <span class='ocrx_word' id='word_1_156' title='bbox 347 3347 382 3428; x_wconf 89' lang='lat' dir='ltr'><strong>si</strong></span> <span class='ocrx_word' id='word_1_157' title='bbox 413 3374 495 3430; x_wconf 91' lang='lat' dir='ltr'><strong>non</strong></span> <span class='ocrx_word' id='word_1_158' title='bbox 525 3355 680 3430; x_wconf 90' lang='lat' dir='ltr'><strong>constet</strong></span> <span class='ocrx_word' id='word_1_159' title='bbox 710 3348 760 3430; x_wconf 93' lang='lat' dir='ltr'><strong>de</strong></span> <span class='ocrx_word' id='word_1_160' title='bbox 790 3346 984 3428; x_wconf 84' lang='lat' dir='ltr'><strong>extremis</strong></span> <span class='ocrx_word' id='word_1_161' title='bbox 1015 3344 1139 3452; x_wconf 88' lang='lat' dir='ltr'><strong>hujus</strong></span> <span class='ocrx_word' id='word_1_162' title='bbox 1168 3343 1245 3424; x_wconf 92' lang='lat' dir='ltr'><strong>im·</strong></span> 
     </span>
     <span class='ocr_line' id='line_1_24' title="bbox 104 3477 1245 3589; baseline -0.003 -31"><span class='ocrx_word' id='word_1_163' title='bbox 104 3481 302 3582; x_wconf 89' lang='lat' dir='ltr'><strong>potentiae,</strong></span> <span class='ocrx_word' id='word_1_164' title='bbox 342 3481 450 3589; x_wconf 94' lang='lat' dir='ltr'><strong>quod</strong></span> <span class='ocrx_word' id='word_1_165' title='bbox 490 3480 774 3562; x_wconf 86' lang='lat' dir='ltr'><strong>difficillimum</strong></span> <span class='ocrx_word' id='word_1_166' title='bbox 804 3485 880 3580; x_wconf 92' lang='lat' dir='ltr'><strong>est,</strong></span> <span class='ocrx_word' id='word_1_167' title='bbox 912 3485 1010 3558; x_wconf 86' lang='lat' dir='ltr'><strong>tunc</strong></span> <span class='ocrx_word' id='word_1_168' title='bbox 1048 3477 1144 3559; x_wconf 89' lang='lat' dir='ltr'><strong>data</strong></span> <span class='ocrx_word' id='word_1_169' title='bbox 1181 3501 1245 3556; x_wconf 88' lang='lat' dir='ltr'><strong>re·</strong></span> 
     </span>
     <span class='ocr_line' id='line_1_25' title="bbox 104 3608 1247 3724; baseline 0 -36"><span class='ocrx_word' id='word_1_170' title='bbox 104 3613 305 3716; x_wconf 87' lang='lat' dir='ltr'><strong>sponsione</strong></span> <span class='ocrx_word' id='word_1_171' title='bbox 339 3614 601 3724; x_wconf 69' lang='lat' dir='ltr'><strong>caprimum</strong></span> <span class='ocrx_word' id='word_1_172' title='bbox 640 3612 748 3722; x_wconf 91' lang='lat' dir='ltr'><strong>quod</strong></span> <span class='ocrx_word' id='word_1_173' title='bbox 780 3609 1063 3723; x_wconf 74' lang='lat' dir='ltr'><strong>providebitur</strong></span> <span class='ocrx_word' id='word_1_174' title='bbox 1096 3608 1140 3690; x_wconf 93' lang='lat' dir='ltr'><strong>in</strong></span> <span class='ocrx_word' id='word_1_175' title='bbox 1181 3633 1247 3688; x_wconf 90' lang='lat' dir='ltr'><strong>se-</strong></span> 
     </span>
     <span class='ocr_line' id='line_1_26' title="bbox 102 3741 1247 3855; baseline 0 -35"><span class='ocrx_word' id='word_1_176' title='bbox 102 3745 233 3848; x_wconf 91' lang='lat' dir='ltr'><strong>cundo,</strong></span> <span class='ocrx_word' id='word_1_177' title='bbox 250 3747 297 3828; x_wconf 91' lang='lat' dir='ltr'><strong>fit</strong></span> <span class='ocrx_word' id='word_1_178' title='bbox 312 3746 465 3855; x_wconf 83' lang='lat' dir='ltr'><strong>gradus</strong></span> <span class='ocrx_word' id='word_1_179' title='bbox 486 3749 537 3829; x_wconf 90' lang='lat' dir='ltr'><strong>ad</strong></span> <span class='ocrx_word' id='word_1_180' title='bbox 558 3746 730 3829; x_wconf 89' lang='lat' dir='ltr'><strong>alterum</strong></span> <span class='ocrx_word' id='word_1_181' title='bbox 752 3745 940 3827; x_wconf 91' lang='lat' dir='ltr'><strong>dubium.</strong></span> <span class='ocrx_word' id='word_1_182' title='bbox 960 3744 1027 3826; x_wconf 91' lang='lat' dir='ltr'><strong>Ad</strong></span> <span class='ocrx_word' id='word_1_183' title='bbox 1043 3743 1162 3851; x_wconf 89' lang='lat' dir='ltr'><strong>cujus</strong></span> <span class='ocrx_word' id='word_1_184' title='bbox 1183 3741 1247 3821; x_wconf 90' lang='lat' dir='ltr'><strong>in-</strong></span> 
     </span>
     <span class='ocr_line' id='line_1_27' title="bbox 101 3873 1245 3986; baseline 0.005 -36"><span class='ocrx_word' id='word_1_185' title='bbox 101 3873 285 3960; x_wconf 83' lang='lat' dir='ltr'><strong>tellectum</strong></span> <span class='ocrx_word' id='word_1_186' title='bbox 307 3880 519 3961; x_wconf 89' lang='lat' dir='ltr'><strong>sciendum</strong></span> <span class='ocrx_word' id='word_1_187' title='bbox 539 3887 601 3961; x_wconf 89' lang='lat' dir='ltr'><strong>est</strong></span> <span class='ocrx_word' id='word_1_188' title='bbox 622 3879 741 3961; x_wconf 88' lang='lat' dir='ltr'><strong>hodie</strong></span> <span class='ocrx_word' id='word_1_189' title='bbox 763 3879 871 3986; x_wconf 91' lang='lat' dir='ltr'><strong>apud</strong></span> <span class='ocrx_word' id='word_1_190' title='bbox 887 3877 1059 3986; x_wconf 85' lang='lat' dir='ltr'><strong>juristas</strong></span> <span class='ocrx_word' id='word_1_191' title='bbox 1076 3883 1114 3957; x_wconf 91' lang='lat' dir='ltr'><strong>et</strong></span> <span class='ocrx_word' id='word_1_192' title='bbox 1129 3875 1245 3957; x_wconf 92' lang='lat' dir='ltr'><strong>theo·</strong></span> 
     </span>
     <span class='ocr_line' id='line_1_28' title="bbox 101 4003 1243 4121; baseline 0.003 -37"><span class='ocrx_word' id='word_1_193' title='bbox 101 4003 201 4112; x_wconf 84' lang='lat' dir='ltr'><strong>logos</strong></span> <span class='ocrx_word' id='word_1_194' title='bbox 229 4013 383 4121; x_wconf 89' lang='lat' dir='ltr'><strong>absque</strong></span> <span class='ocrx_word' id='word_1_195' title='bbox 412 4013 647 4096; x_wconf 89' lang='lat' dir='ltr'><strong>difficultate</strong></span> <span class='ocrx_word' id='word_1_196' title='bbox 673 4013 830 4095; x_wconf 89' lang='lat' dir='ltr'><strong>admitti</strong></span> <span class='ocrx_word' id='word_1_197' title='bbox 861 4021 901 4095; x_wconf 91' lang='lat' dir='ltr'><strong>et</strong></span> <span class='ocrx_word' id='word_1_198' title='bbox 928 4008 1167 4120; x_wconf 86' lang='lat' dir='ltr'><strong>recognosci</strong></span> <span class='ocrx_word' id='word_1_199' title='bbox 1200 4008 1243 4088; x_wconf 93' lang='lat' dir='ltr'><strong>in</strong></span> 
     </span>
     <span class='ocr_line' id='line_1_29' title="bbox 100 4133 1245 4230; baseline 0 -10"><span class='ocrx_word' id='word_1_200' title='bbox 100 4133 282 4228; x_wconf 85' lang='lat' dir='ltr'><strong>Romanis</strong></span> <span class='ocrx_word' id='word_1_201' title='bbox 296 4147 566 4230; x_wconf 87' lang='lat' dir='ltr'><strong>Pontificibus</strong></span> <span class='ocrx_word' id='word_1_202' title='bbox 586 4147 869 4230; x_wconf 88' lang='lat' dir='ltr'><strong>auctoritatem</strong></span> <span class='ocrx_word' id='word_1_203' title='bbox 890 4143 1137 4227; x_wconf 89' lang='lat' dir='ltr'><strong>dissolvendi</strong></span> <span class='ocrx_word' id='word_1_204' title='bbox 1155 4165 1245 4223; x_wconf 90' lang='lat' dir='ltr'><strong>ma-</strong></span> 
     </span>
     <span class='ocr_line' id='line_1_30' title="bbox 101 4271 1243 4390; baseline 0.006 -42"><span class='ocrx_word' id='word_1_205' title='bbox 101 4271 320 4361; x_wconf 91' lang='lat' dir='ltr'><strong>trimonium</strong></span> <span class='ocrx_word' id='word_1_206' title='bbox 359 4279 597 4390; x_wconf 82' lang='lat' dir='ltr'><strong>simpliciter</strong></span> <span class='ocrx_word' id='word_1_207' title='bbox 633 4289 786 4362; x_wconf 90' lang='lat' dir='ltr'><strong>ratum.</strong></span> <span class='ocrx_word' id='word_1_208' title='bbox 828 4277 1040 4361; x_wconf 89' lang='lat' dir='ltr'><strong>Anteactis</strong></span> <span class='ocrx_word' id='word_1_209' title='bbox 1085 4286 1243 4383; x_wconf 90' lang='lat' dir='ltr'><strong>tempo-</strong></span> 
     </span>
     <span class='ocr_line' id='line_1_31' title="bbox 103 4401 1241 4522; baseline 0.005 -43"><span class='ocrx_word' id='word_1_210' title='bbox 103 4401 203 4489; x_wconf 90' lang='lat' dir='ltr'><strong>ribus</strong></span> <span class='ocrx_word' id='word_1_211' title='bbox 238 4412 344 4496; x_wconf 89' lang='lat' dir='ltr'><strong>hanc</strong></span> <span class='ocrx_word' id='word_1_212' title='bbox 381 4419 623 4522; x_wconf 88' lang='lat' dir='ltr'><strong>potestatem</strong></span> <span class='ocrx_word' id='word_1_213' title='bbox 661 4411 840 4496; x_wconf 88' lang='lat' dir='ltr'><strong>Romani</strong></span> <span class='ocrx_word' id='word_1_214' title='bbox 871 4411 1090 4495; x_wconf 88' lang='lat' dir='ltr'><strong>Pontifices</strong></span> <span class='ocrx_word' id='word_1_215' title='bbox 1121 4405 1241 4490; x_wconf 86' lang='lat' dir='ltr'><strong>lactis</strong></span> 
     </span>
    </p>
   </div>
   <div class='ocr_carea' id='block_1_5' title="bbox 0 0 1594 5134">
    <p class='ocr_par' dir='ltr' id='par_1_6' title="bbox 0 0 1594 5134">
     <span class='ocr_line' id='line_1_32' title="bbox 0 0 1594 5134; baseline 0 0"><span class='ocrx_word' id='word_1_216' title='bbox 0 0 1594 5134; x_wconf 95' lang='lat' dir='ltr'><strong> </strong></span> 
     </span>
    </p>
   </div>
  </div>
 </body>
</html>
