3386 5126
534 393 634 438 nnana
656 392 688 437 v.
715 409 752 420 -
781 391 920 439 urrunue
942 391 974 439 v.
1277 371 1343 444 159

162 525 300 600 menta
330 517 538 615 historica,
575 543 680 624 quae
713 517 763 597 ad
795 516 1055 624 praebendae
1097 516 1341 624 theologalis

162 652 405 734 erectionem
427 657 629 758 spectant,
648 651 868 757 praecipue
891 648 1018 729 videri
1037 659 1213 755 possunt
1229 653 1339 759 apud

161 784 484 867 Thomassinum
518 784 568 865 de
598 787 724 865 ceteri
753 791 790 864 et
820 810 925 865 noca
967 784 1177 864 Ecclesiae
1207 785 1339 866 disci-

8 1021 9 1026 Ν
155 916 277 1028 plina
299 945 399 1028 por.
436 919 470 1010 l,
497 918 567 999 lib.
592 919 649 1010 II,
688 919 792 1028 Cap.
827 917 883 998 X.

8 1045 10 1086 ³
249 1050 353 1132 Illud
373 1078 505 1132 unum
527 1060 702 1150 certum,
728 1052 1088 1158 indubitatumque
1118 1059 1196 1152 est,
1231 1055 1340 1160 quod

8 1163 10 1230 l
164 1191 211 1264 ut
227 1184 462 1290 praebenda
483 1185 616 1292 primo
642 1193 839 1267 vacatura
861 1185 1044 1291 erigatur
1066 1187 1107 1264 in
1129 1184 1340 1292 theologa-

8 1373 10 1442 ἱ
163 1316 261 1418 lem,
285 1319 507 1424 requiritur
531 1319 715 1420 omnino,
742 1328 787 1400 ut
811 1319 883 1400 fiat
903 1318 1112 1426 deputatio
1141 1320 1340 1425 praeben·

8 1447 10 1488 ³
162 1453 240 1535 dae
261 1461 473 1563 tamquam
488 1453 736 1561 theologalis
758 1455 809 1534 ab
827 1453 1047 1562 Episcopo
1069 1454 1188 1535 Patet
1208 1455 1248 1536 id
1271 1483 1342 1563 pe·
1365 1531 1367 1536 Α

164 1613 237 1668 nes
258 1614 402 1669 omnes
417 1588 681 1690 Canonistas,
701 1597 740 1669 et
762 1589 946 1669 decisum
968 1588 1096 1668 fuisse
1114 1615 1139 1667 a
1154 1589 1198 1669 S.
1220 1588 1334 1669 Con-

164 1720 246 1800 cilii
263 1722 589 1828 Congregatione
605 1723 728 1805 refert
738 1721 968 1803 Cardinalis
985 1723 1107 1804 Petra
1118 1723 1332 1806 inComrn.

164 1855 209 1934 ic
254 1857 390 1936 Conse.
429 1858 558 1948 Quasi
586 1859 724 1938 lanoc.
765 1859 838 1950 Vl,
872 1857 1154 1938 Summoricm
1185 1885 1228 1939 n.
1262 1859 1336 1951 18,

164 1995 259 2066 tom.
295 1990 366 2070 Ill
393 2037 439 2047 —-
473 1991 529 2069 ibi
564 2038 610 2048 -
648 1991 817 2070 «Sacra
858 1989 1131 2096 Congregatio
1168 1989 1338 2071 Concilii

169 2122 383 2221 mensuit,
418 2121 671 2228 approbante
693 2121 982 2221 Sanctissimo,
1017 2122 1067 2200 ad
1095 2121 1340 2200 erectionem

170 2254 467 2361 »praebendae
497 2252 742 2359 theologalis
772 2253 924 2359 requiri
967 2253 1172 2333 actualem
1208 2253 1342 2360 depu-

8 2373 10 2412 ⁵
171 2388 420 2486 »tationem
457 2395 496 2469 et
527 2387 633 2486 idac,
668 2388 703 2466 si
734 2387 775 2467 in
812 2385 1046 2494 provisione
1087 2385 1345 2494 praebendae

8 2587 10 2610 ,
170 2547 289 2600 »non
332 2520 455 2602 luerit
496 2520 604 2602 facta
639 2521 814 2601 actualis
845 2520 1069 2629 deputati0,
1105 2547 1187 2600 non
1218 2547 1342 2627 posse
1457 2597 1459 2602 ,

8 2737 9 2748 Ν
168 2653 421 2758 >provisum
450 2653 543 2759 cogi
574 2653 689 2734 obire
721 2680 875 2735 munus
905 2653 1147 2734 iacturae».

251 2783 526 2891 Deputatione
555 2813 667 2888 vero,
702 2795 741 2868 et
772 2785 974 2866 erectione
1007 2787 1115 2868 facta
1146 2787 1186 2866 in
1223 2812 1343 2894 prae-

163 2916 341 2997 bendam
382 2915 680 3025 theologalem,
719 2919 790 3025 jus
831 2919 1073 3028 conserendi
1103 2919 1215 2999 illam
1258 2947 1340 3001 non

165 3057 361 3150 mutatur,
387 3053 460 3132 sed
482 3053 732 3159 tantum-jus
752 3077 972 3160 personam
1004 3051 1194 3160 elipandi.
1221 3053 1340 3135 Unde

165 3183 199 3261 si
227 3183 297 3289 jus
326 3185 561 3266 conserendi
594 3185 885 3266 canonicatum
916 3185 1162 3292 regulariter
1182 3213 1234 3267 ex
1251 3187 1345 3294 jura

167 3321 376 3400 communi
408 3319 533 3400 simul
565 3321 616 3401 ad
637 3319 906 3428 Episcopum,
932 3327 972 3400 et
994 3318 1231 3426 Capitulum
1253 3345 1345 3426 per-

165 3451 336 3552 tinebat,
370 3460 515 3558 sponte
544 3453 651 3552 fluit,
676 3455 784 3560 quod
806 3454 848 3532 in
870 3459 1080 3560 posterum
1104 3451 1206 3532 haec
1227 3477 1343 3559 prae-

166 3583 301 3663 banda
331 3584 573 3690 theologalis
606 3611 759 3668 vacans
790 3585 1035 3668 simultanee
1066 3585 1240 3668 conferri
1263 3587 1345 3668 'de-

166 3715 278 3798 bebit
318 3715 370 3798 ab
411 3717 631 3828 Episcopo,
675 3729 714 3802 et
754 3719 958 3829 Capitulo
1002 3720 1084 3802 Ubi
1126 3705 1265 3801 autern
1297 3745 1346 3801 ex

165 3850 330 3957 speciali
368 3851 476 3958 jure,
510 3853 573 3934 vel
614 3855 666 3935 ad
706 3855 840 3935 solum
883 3855 1151 3964 Episcopum,
1186 3855 1249 3934 vel
1287 3853 1338 3934 ad

167 3983 301 4063 solum
332 3983 570 4094 Capitulum
602 3994 758 4095 spectet
788 3987 967 4088 collatio,
1000 3987 1041 4070 id
1073 3987 1242 4068 omnino
1265 4011 1345 4094 pa-

167 4115 264 4196 riter
303 4115 345 4197 in
384 4127 597 4226 posterum
637 4121 888 4201 servandum
921 4127 997 4201 est.
1032 4121 1089 4201 At
1119 4119 1344 4202 notandum

169 4249 350 4332 maxime
381 4252 573 4354 occurrit,
607 4253 716 4362 quod
748 4279 845 4334 cum
876 4253 1018 4334 electio
1065 4279 1265 4362 personae
1296 4254 1347 4334 ad

167 4382 301 4463 solum
334 4384 586 4494 Episcopum
618 4387 834 4495 pertineat,
859 4386 981 4496 idque
1017 4396 1174 4472 certum
1197 4387 1351 4495 injure
