3356 5118
339 397 409 464 384
542 443 545 450 ,
641 417 911 464 rauunecrronus
933 418 1026 464 aunis
1049 417 1208 462 ememor

271 570 280 584 ·
339 546 549 642 delictum,
599 551 639 624 et
675 541 768 651 ipsa
797 543 1088 651 delinquentis
1130 569 1212 623 non
1243 543 1524 650 resipiscentis

338 676 601 760 contumacia
632 677 803 785 publica
833 685 872 786 et
903 677 1064 758 notoria
1100 677 1202 758 foret
1232 676 1284 757 ad
1313 677 1524 758 tramitem

345 811 449 891 Can.
486 811 711 918 manifesta
732 814 798 891 15.
822 836 939 892 caus,
962 811 1004 892 2.
1026 816 1184 917 quaest.
1207 811 1247 890 6.
1269 816 1346 891 etc.
1368 810 1525 902 Quaeri
1600 877 1604 882 ,

341 955 479 1026 tamen
512 944 578 1025 hie
609 951 757 1052 potest,
791 943 825 1024 si
859 943 900 1024 in
931 969 1111 1025 censura
1147 942 1230 1024 lata
1259 969 1285 1022 a
1310 943 1404 1050 jure
1440 970 1524 1024 non

341 1079 563 1188 requiritur
580 1079 766 1178 moniti0,
790 1085 930 1160 utrum
948 1078 1182 1186 requiratur
1197 1077 1343 1159 saltem
1360 1077 1524 1161 citatio?

240 1214 244 1220 ’
341 1212 452 1294 Huic
470 1212 778 1320 interrogationi
796 1213 1015 1320 respondet
1031 1212 1136 1295 idem
1153 1211 1423 1294 Reiffenstuel
1435 1211 1476 1292 h.
1489 1221 1520 1294 t.

343 1353 368 1451 ξ
391 1349 431 1440 1,
455 1377 497 1430 n.
521 1352 600 1440 22,
625 1355 661 1428 et
677 1351 755 1439 23,
779 1347 994 1427 -ibi-
1020 1345 1147 1427 «Etsi
1164 1346 1216 1426 ad
1233 1345 1523 1428 incurrendam

348 1515 364 1556 >
386 1508 604 1565 censuram
623 1483 675 1562 ab
697 1481 787 1590 ipso
804 1481 898 1589 jure
915 1481 1038 1561 latam
1057 1480 1171 1561 nulla
1193 1479 1527 1588 praerequiratur

347 1650 363 1688 »
385 1615 570 1716 monitio,
590 1616 662 1696 sed
680 1615 825 1723 possit,
839 1621 879 1696 et
893 1614 1039 1695 debeat
1045 1614 1060 1721 j
1067 1614 1172 1694 udex
1189 1611 1522 1712 EcclesiastieuS‚

346 1748 532 1831 »delicto
564 1750 803 1848 commisso,
839 1747 1144 1855 delinquentem
1176 1727 1364 1828 sine'alia
1394 1745 1528 1828 moni-

346 1881 494 1963 »tione
516 1883 680 1989 publice
702 1882 969 1979 denunciare,
996 1882 1059 1962 vel
1091 1881 1299 1964 declarare
1331 1905 1529 1962 censura-

288 2096 291 2101 .
348 2024 473 2096 »tum
506 2017 610 2126 Arq.
642 2017 746 2127 Cup.
779 2017 998 2124 Conquesti
1018 2021 1095 2108 22,
1126 2013 1385 2119 §Nuntiata
1406 2013 1449 2096 h.
1475 2023 1525 2114 t.‚

352 2183 369 2222 »
393 2157 437 2230 ut
467 2149 709 2260 delinquens
731 2150 896 2258 publice
917 2150 1117 2232 contu-sus
1139 2149 1262 2230 citius
1283 2147 1524 2258 resipiscat3

351 2282 659 2366 »nihilominus
692 2284 812 2366 debet
848 2286 974 2366 citari
1014 2285 1064 2364 ad
1107 2282 1185 2364 hoc
1227 2293 1271 2365 ut
1313 2281 1528 2365 defendere

352 2444 434 2496 »se
456 2417 602 2523 possit,
638 2418 672 2498 si
706 2417 844 2500 forsan
877 2443 1047 2500 causam
1080 2416 1229 2498 hebeat
1259 2425 1528 2498 excusantem

352 2576 632 2636 accensura.
657 2552 802 2659 Engel.
829 2551 871 2631 h.
897 2558 926 2630 t.
953 2579 993 2633 n.
1014 2555 1059 2632 9.
1095 2549 1308 2631 Navarrus
1331 2547 1416 2629 eod.
1452 2551 1521 2630 nt.

354 2721 370 2758 ι
394 2687 536 2768 consil.
562 2693 673 2778 9,ἠ.
702 2687 748 2777 4,
773 2685 941 2794 quinon
964 2683 1166 2766 immerito
1189 2685 1347 2785 volunt,
1369 2683 1530 2764 denun-
1663 2677 1664 2720 t

355 2818 630 2919 mintionem,
673 2846 747 2900 seu
785 2819 1100 2914 declarationem
1138 2845 1336 2900 censurae
1377 2844 1403 2896 a
1436 2817 1530 2924 jure

354 2951 498 3032 »latae
529 2978 621 3034 esse
653 2953 827 3053 nullam,
862 2953 940 3034 nisi
962 2954 1056 3034 talis
1088 2954 1226 3036 citatio
1257 2951 1530 3062 delinquentis

350 3119 371 3158 s
392 3086 611 3194 praecedat
631 3094 901 3194 pectendum,
926 3096 966 3168 et
987 3086 1179 3168 Glossam
1200 3087 1395 3168 Clement.
1414 3091 1461 3178 3,
1482 3085 1531 3166 de

356 3222 590 3320 »censoria
625 3231 665 3303 et
690 3221 883 3302 Clement.
909 3227 940 3304 2
965 3219 1014 3302 de
1028 3225 1189 3331 poenis,
1214 3221 1293 3302 nisi
1316 3221 1526 3316 delictum,

354 3387 370 3426 s
393 3359 432 3432 et
452 3355 714 3436 contumacia
735 3354 1020 3462 Delinquentis
1042 3380 1124 3436 non
1146 3354 1426 3463 resipiscentis
1458 3380 1531 3434 no-

354 3521 371 3560 »
394 3488 499 3568 toria
527 3497 636 3568 esset
658 3519 696 3568 ›.

886 3755 911 3853 ἓ
944 3753 1007 3831 4)

776 3967 839 4046 De
871 3963 1100 4046 interdicto.

436 4159 699 4241 Interdictum
732 4161 773 4242 in
804 4187 929 4242 sensu
961 4159 1158 4242 canonico
1181 4169 1395 4268 acceptum
1417 4184 1528 4240 com·

354 4291 533 4375 munitor
566 4297 759 4379 definitur
788 4335 846 4348 -
880 4319 1051 4378 censura
1092 4297 1401 4395 Ecclesiastico,
1447 4320 1532 4402 qua

303 4465 304 4469 κ
349 4421 472 4506 homo
504 4437 671 4511 arcetur
697 4459 724 4512 a
739 4432 1066 4542 participatione
1086 4431 1357 4539 quorumdam
1377 4453 1527 4511 socra-
