3264 5146
333 393 377 458 66
621 401 913 456 rnuuneorrouus
935 400 1028 453 JURIS
1052 398 1221 452 annosior

340 537 508 647 quimur
538 532 604 614 hic
632 539 793 614 tantum
823 531 873 614 de
902 529 1169 630 antecedente,
1200 557 1297 612 cum
1327 531 1376 612 de
1406 531 1530 612 sub-w

343 673 538 778 sequente
567 691 704 747 sermo
734 665 811 746 erit
830 662 1107 745 instituendus
1127 663 1169 743 in
1196 665 1315 745 tituto
1334 664 1442 744 XIX
1458 664 1509 744 de

342 801 546 882 diuortiis.
568 798 715 881 Cultus
730 797 949 906 disparitas
964 796 1198 877 antecedens
1206 797 1379 908 proprie
1394 797 1505 878 dicta

341 943 425 1036 est,
468 934 632 1042 quando
671 931 981 1014 matrimonium
1020 931 1125 1012 inter
1163 931 1267 1012 duas
1308 959 1510 1041 personas

342 1071 483 1169 initur,
516 1093 694 1175 quarum
725 1091 808 1147 una
827 1072 890 1147 est
910 1065 1133 1173 baptizata,
1157 1065 1285 1148 altera
1305 1093 1402 1148 vero
1432 1069 1509 1150 ba·

343 1205 495 1312 ptizata
524 1227 606 1282 non
638 1209 712 1281 est.
747 1201 982 1311 impropria
1013 1207 1152 1280 autem
1171 1199 1376 1303 habetur,
1409 1228 1509 1284 oum

344 1333 657 1419 matrimonium
687 1333 940 1415 contrahitur
965 1334 1069 1415 inter
1090 1334 1195 1414 duas
1216 1361 1412 1442 personas
1432 1338 1510 1416 ba-

344 1469 534 1578 ptizatas,
558 1493 734 1574 quarum
763 1474 901 1548 tamen
931 1491 1016 1548 una
1046 1473 1109 1548 est
1137 1465 1351 1570 catholica,
1378 1468 1511 1550 altera

345 1599 519 1710 pertinet
542 1601 595 1682 ad
616 1599 738 1680 aliam
759 1599 1098 1708 qualemcumque
1127 1599 1366 1681 societatem
1386 1599 1510 1682 'hete-

344 1734 558 1816 rodoxam.
592 1733 732 1813 Primo
762 1758 889 1812 sensu
919 1739 1086 1839 accepte
1115 1731 1251 1813 cultus
1285 1732 1509 1840 disparitas

341 1874 406 1949 est
436 1865 774 1973 impedimentum
803 1864 1013 1964 dirimenS,
1046 1863 1126 1946 sub
1162 1864 1288 1946 altero
1319 1891 1414 1947 vero
1445 1849 1538 1948 est¹

345 2002 684 2110 impedimentum
704 1998 945 2106 impediens
965 2006 1005 2079 et
1021 1999 1283 2080 matrimonia
1298 2008 1511 2084 contracta

341 2163 437 2220 cum
469 2136 546 2216 hoo
572 2132 861 2240 impedimento
882 2133 1126 2242 impediente
1147 2143 1347 2215 vocantur
1367 2137 1512 2216 matri-

346 2271 486 2352 monia
506 2270 642 2348 mirata
663 2293 737 2348 seu
759 2269 915 2347 miatae
946 2269 1250 2348 communionis.
1276 2269 1365 2350 Hoo
1385 2297 1509 2377 porro

342 2401 683 2508 impedimentum
712 2399 909 2480 dirimens
939 2426 1020 2481 non
1052 2401 1238 2508 provenit
1272 2399 1509 2482 christianis

342 2535 407 2617 vel
438 2561 491 2616 ex
517 2535 610 2642 jure
641 2535 833 2634 naturali,
858 2535 922 2615 vel
948 2561 998 2615 ex
1022 2535 1115 2642 jure
1144 2535 1320 2643 positivo
1350 2535 1503 2634 divina

343 2669 692 2777 quemadmodum
733 2666 822 2747 lusa
861 2667 1142 2748 demonstrant
1176 2655 1378 2776 Auctores
1417 2675 1509 2748 tum

345 2801 543 2907 Theologi
590 2807 679 2881 tum
725 2798 993 2898 Canonistae‚
1042 2807 1081 2881 et
1126 2799 1304 2881 declarat
1333 2777 1510 2881 Benedi-

341 2943 435 3018 otus
465 2935 565 3014 XIV
590 2932 775 3041 Epistola
804 2933 1008 3015 decretali:
1047 2935 1304 3042 ‹Sinqatari
1331 2933 1463 3014 Nobis
1484 2968 1504 3008 »

343 3070 428 3151 diei
450 3073 474 3150 9
498 3069 722 3150 Februarii
746 3069 854 3148 1749
870 3068 958 3175 jam
988 3067 1128 3170 citata;
1162 3069 1288 3150 verba
1316 3069 1427 3150 enim
1452 3069 1503 3150 B.

344 3202 466 3284 Pauli
496 3203 580 3313 Ep.
614 3204 641 3282 2
671 3201 728 3282 ad
762 3201 948 3282 Corinth.
983 3229 1073 3312 cap.
1109 3205 1133 3281 6
1169 3203 1332 3283 «nolite
1356 3203 1506 3312 jupani

341 3337 487 3417 ducere
517 3363 606 3416 cam
639 3337 679 3414 in
675 3335 909 3442 fidelitas»
944 3335 1133 3443 exposita
1153 3335 1320 3416 fuerunt
1349 3337 1398 3417 de
1428 3337 1509 3416 im-

344 3471 575 3576 pedimento
605 3468 850 3576 impediente
876 3469 929 3548 ab
949 3469 1159 3576 Apostolis
1190 3469 1371 3572 inducto,
1395 3474 1506 3580 quod

239 3679 242 3695 ,
346 3602 389 3681 in
419 3601 658 3708 antiquitate
689 3601 839 3706 legitur
867 3600 1063 3682 habuisse
1093 3603 1216 3684 etiam
1247 3603 1407 3712 aliquas
1432 3631 1508 3684 ex-

341 3734 564 3842 ceptioneS,
601 3760 696 3814 oum
726 3761 779 3814 ex
812 3733 1095 3842 singularibus
1125 3736 1346 3818 virtutibus
1376 3740 1507 3846 partis

342 3866 589 3949 christianae
619 3867 771 3947 nedum
800 3867 1007 3950 videretur
1035 3877 1239 3950 remotum
1275 3869 1506 3979 periculum

343 4000 631 4111 perversioniS,
664 4001 736 4082 sed
768 3999 937 4082 lundata
966 4029 1061 4109 spes
1091 4003 1305 4110 affulgeret
1335 4030 1507 4086 conver-

198 4145 201 4150 ’
342 4135 473 4218 sionis
512 4135 686 4216 infidelis
725 4135 912 4244 conjugis
952 4137 1004 4217 ad
1044 4135 1267 4220 Christum.
1306 4184 1327 4200 -
1360 4137 1505 4247 Neque

336 4271 508 4382 proprie
537 4269 648 4351 dicta
688 4271 757 4351 lea
788 4271 1062 4351 ecclesiastica
1101 4272 1201 4382 talia
1240 4273 1504 4355 matrimonia

342 4403 458 4486 irrita
487 4402 594 4504 fecit,
627 4404 700 4485 sed
735 4404 812 4486 hoc
846 4403 1042 4486 dirimens
1073 4405 1409 4514 impedimentum
1440 4406 1505 4490 iu·
1618 4411 1619 4422 '
