3360 5126
540 451 640 498 maun
664 451 693 496 v.
721 468 762 480 -
786 451 926 498 'rrruuus
949 452 1013 498 xvr.
1301 435 1364 501 261

190 585 364 684 petuum
395 576 663 659 obtinendum
694 576 868 657 civiliter
893 603 1015 683 agere
1037 584 1171 686 potest
1190 579 1366 664 maritus

190 718 333 792 contra
360 737 533 792 uxorem
554 710 799 812 adulteram,
823 709 887 790 vel
909 709 1119 792 viceversa
1142 740 1248 794 uxor
1269 741 1366 796 con-

191 844 462 926 tramaritum
479 845 713 928 adulterum
731 844 853 954 juxta
869 843 968 926 illud
990 844 1236 954 principium
1257 849 1365 954 juris

189 979 298 1086 quod
329 979 370 1059 in
401 979 587 1060 omnium
620 1005 693 1060 ora
724 980 865 1062 volitat
885 1023 939 1037 -
959 981 1191 1090 Frangenti
1212 981 1360 1089 fidem,

182 1111 294 1220 fides
315 1113 553 1223 frangatur
582 1123 620 1195 et
654 1115 746 1226 ipsi.

276 1245 495 1330 Praeterea
524 1249 697 1332 civiliter
727 1249 793 1356 agi
825 1249 950 1330 etiarn
981 1257 1115 1357 potest
1151 1277 1175 1332 a
1217 1251 1363 1334 marito

189 1387 366 1474 tantum,
400 1390 440 1464 et
469 1411 601 1465 uxore
632 1383 683 1466 ad
714 1384 953 1465 lucrandam
976 1385 1130 1484 dotem,
1150 1385 1212 1466 vel
1235 1387 1364 1466 dona-

189 1513 341 1598 tionem
365 1534 528 1624 prepter
550 1518 729 1626 nuptiae.
759 1519 862 1629 Cap.
887 1524 933 1612 2,
954 1521 1040 1600 4et
1060 1521 1106 1612 5,
1131 1518 1182 1600 de
1203 1521 1358 1601 Donat.

188 1649 293 1731 inter
324 1651 403 1732 cir.
438 1661 475 1732 et
503 1679 630 1733 necor.
665 1677 690 1732 a
720 1653 867 1734 marito
890 1679 1002 1752 vero,
1029 1661 1069 1734 et
1090 1653 1230 1734 liberis
1262 1653 1363 1761 legi-

187 1781 298 1864 timis
319 1793 480 1866 tantum
512 1786 563 1866 ad
580 1787 756 1895 petenda
776 1785 970 1867 alimenta
991 1813 1064 1893 pro
1087 1787 1198 1894 prole
1220 1787 1363 1896 spuria

186 1915 239 1995 ab
271 1918 471 2018 adultere,
506 1919 568 2001 vel
590 1921 791 2022 adultera,
826 1927 865 2000 et
895 1928 941 2001 ut
961 1919 1202 2028 hujusmodi
1225 1921 1360 2028 proles

185 2049 429 2134 excludatur
458 2081 483 2136 a
517 2054 780 2136 successione
821 2061 1006 2161 paterna,
1051 2063 1092 2135 et
1123 2081 1202 2135 suo
1239 2055 1361 2136 modo

185 2183 308 2264 etiam
330 2192 532 2267 materna.
567 2187 691 2268 Ratio
722 2194 784 2266 est
814 2186 912 2293 quia
941 2185 983 2265 hi
1014 2186 1090 2266 soli
1124 2187 1165 2264 in
1191 2214 1268 2267 suo
1291 2187 1358 2267 in-

183 2324 339 2398 teresse
360 2318 458 2400 laesi
490 2328 602 2420 sunt,
634 2346 712 2414 ¹ceu
743 2319 793 2400 de
824 2319 1017 2400 omnibus
1048 2325 1203 2419 actum,
1237 2329 1360 2430 atque

183 2451 431 2560 explicatum
464 2453 540 2533 luit
571 2452 613 2532 in
645 2453 715 2534 lib.
751 2451 816 2534 4.⁰
847 2453 911 2534 tit.
946 2451 995 2533 dc
1025 2454 1190 2534 Dicort.

269 2585 545 2668 Criminaliter
565 2595 704 2669 autem
730 2585 869 2696 agitur
889 2612 938 2667 ex
959 2587 1164 2667 adulterio
1188 2588 1239 2666 ad
1261 2613 1360 2695 pce-

182 2743 279 2797 nam
302 2726 341 2800 et
361 2719 583 2802 vindictam
605 2719 813 2828 publicam
830 2719 1028 2800 adulteris
1046 2720 1359 2827 imponendam.v

182 2851 426 2934 Admittitur
456 2861 595 2936 autem
626 2853 678 2933 ad
710 2852 934 2958 agendum,
967 2853 1056 2934 sive
1073 2855 1357 2936 accusandum

185 2989 247 3068 1.ο
279 2986 440 3096 Ccnjux
472 2988 684 3068 innocens,
718 2987 816 3066 Jure
844 2985 1034 3067 Romane
1058 2987 1120 3066 vir
1141 2987 1257 3068 solus
1278 2986 1358 3068 cri-

182 3119 388 3202 minaliter
417 3147 538 3229 agere
569 3127 727 3227 poterat
757 3126 899 3202 eontra
931 3145 1123 3218 uxorem,
1157 3145 1232 3200 ceu
1269 3145 1358 3199 ma-

181 3251 327 3332 nifeste
358 3253 517 3335 eruitur
547 3279 600 3334 ex
631 3253 706 3361 leg.
736 3256 798 3334 1.⁰
823 3252 925 3332 Cod.
945 3251 1003 3334 ad
1024 3253 1148 3360 legem
1168 3252 1353 3350 duliam

182 3411 264 3466 non
280 3411 375 3467 vero
395 3386 627 3488 viceversa3
651 3385 722 3468 sed
731 3386 824 3494 jure
836 3384 1043 3466 Canonico
1056 3383 1205 3464 mulier
1217 3384 1354 3490 aequi-

182 3527 326 3625 parata
342 3520 418 3602 luit
441 3521 544 3622 viro,
569 3519 663 3602 hinc
684 3529 724 3602 et
746 3546 852 3601 uxor
873 3519 923 3600 ad
945 3515 1211 3600 criminaliter
1229 3543 1356 3624 agen-

182 3652 280 3732 dum
312 3660 453 3734 contra
485 3653 620 3735 virum
643 3653 827 3736 admissa
847 3653 940 3751 luit,
969 3652 1072 3764 Cap.
1103 3650 1177 3733 ult.
1204 3656 1241 3730 ct
1254 3676 1351 3761 pen.

182 3815 294 3870 caue.
329 3792 406 3887 32,
440 3797 594 3897 quaest.
619 3792 666 3873 2.
690 3788 759 3872 2.⁰
781 3787 1025 3869 Admittitur
1050 3795 1182 3894 pater,
1207 3793 1246 3866 et
1261 3809 1356 3892 pro-

182 3921 280 4002 ximi
294 3921 589 4029 consanguinei
611 3921 801 4030 conjugis
823 3921 1065 4031 innocentie,
1090 3945 1138 4000 co
1156 3918 1265 4026 quod
1288 3917 1352 3998 isti

179 4055 232 4137 eb
273 4055 428 4138 crimen
469 4063 676 4164 patratum
713 4055 826 4164 justo
859 4055 998 4137 dolore
1035 4053 1150 4136 affici·
1174 4077 1352 4160 praesu-

179 4197 365 4272 muntur.
391 4190 490 4272 Jure
512 4189 702 4272 Romane
724 4188 789 4270 his
806 4177 1106 4288 deficientibus
1131 4185 1194 4266 vel
1226 4183 1355 4292 negli-

179 4325 389 4430 gentibus
423 4321 593 4432 quilibet
623 4323 673 4406 de
705 4323 855 4432 populo
882 4322 1197 4421 admittebatur,
1231 4319 1353 4400 modo

181 4481 270 4537 mas
312 4457 434 4539 luerit
465 4465 504 4539 et
535 4459 592 4539 25
623 4457 743 4538 annis
774 4457 906 4566 major
937 4457 1012 4568 leq.
1050 4458 1126 4548 43,
1152 4459 1177 4560 ἕ
1201 4455 1272 4554 10,
1291 4453 1349 4560 ff.
