3388 5136
549 435 649 482 menn
673 435 704 481 v.
722 453 765 466 -
789 435 928 485 rrrunus
952 440 1000 484 111.
1305 423 1371 490 107

193 567 322 649 stituti
357 568 408 648 ad
441 574 606 666 nutum,
641 593 715 647 seu
747 567 788 647 in
821 568 993 650 alterum
1027 569 1214 653 translati
1248 572 1375 652 benc-

193 703 291 802 fieii,
312 709 382 782 aut
400 702 633 809 persolutae
650 702 859 810 pensionis
880 704 925 784 fit
941 704 1078 787 realis.
1099 706 1212 788 Haec
1237 714 1374 788 autem

193 837 316 917 modo
328 835 415 916 fieri
429 835 579 917 dicitur
589 863 662 944 per
672 863 890 938 accessum,
905 839 1026 918 modo
1040 865 1112 946 per
1129 841 1369 949 inpressum,

191 972 314 1052 modo
347 998 419 1079 per
450 996 688 1081 regressum.
726 973 879 1052 Verum
914 973 956 1051 in
986 972 1098 1053 hisee
1145 974 1373 1055 cerebrosis

193 1103 405 1186 vocabulis
437 1103 691 1211 explicandis
730 1131 813 1185 non
854 1106 1118 1186 consentiunt
1157 1106 1368 1206 Doctores

192 1245 230 1318 et
261 1239 362 1318 adeo
394 1238 569 1318 obscure
600 1237 838 1344 loquuntur,
882 1247 926 1320 ut
956 1265 1032 1320 neo
1062 1239 1160 1346 quid
1195 1238 1375 1320 sentiant

193 1371 288 1478 ipsi,
323 1371 457 1452 valeat
487 1369 674 1479 intelligi.
710 1371 791 1464 Qui
813 1371 1052 1480 hujusmodi
1077 1371 1281 1453 voeabula
1306 1398 1375 1452 eo-

191 1532 386 1613 gnoseere
418 1506 636 1606 desiderat,
673 1507 863 1586 consulat
893 1513 1099 1588 auctores
1135 1507 1196 1586 De
1218 1506 1296 1587 hac
1317 1505 1374 1586 si·

192 1640 332 1720 monia
361 1639 634 1721 confidentiali
666 1640 894 1748 loquuntur
925 1640 1026 1722 Pius
1056 1640 1154 1720 IV¹²⁸
1183 1640 1224 1720 in
1259 1641 1373 1722 bulla

191 1773 315 1881 incip.
350 1775 583 1855 Romanum
604 1775 732 1856 Ponti
727 1775 855 1882 ficem
876 1782 915 1855 et
937 1776 980 1856 S.
1007 1775 1112 1856 Pius
1134 1774 1174 1853 V
1196 1777 1236 1856 in
1258 1776 1372 1856 bulla

191 1908 314 2016 incip.
349 1909 656 1991 Intellerabilis.
1005 1915 1009 1922 ’

276 2041 341 2122 Ex
361 2041 561 2124 hactenus
582 2043 781 2150 expositis
803 2043 1030 2143 descendit,
1058 2044 1168 2151 quod
1191 2043 1369 2126 simonia

190 2179 240 2258 ad
258 2176 325 2258 sui
343 2175 678 2256 constitutionem
696 2175 1019 2256 trianeeessario
1032 2177 1231 2283 requiritl
1248 2178 1371 2258 .⁰Sci-

188 2311 282 2393 lieet
321 2315 488 2418 pactum
530 2306 749 2415 emptionis
789 2307 1060 2409 venditionis,
1105 2315 1177 2390 aut
1217 2308 1365 2390 similis

190 2441 359 2524 alterius
400 2441 764 2542 commutationis,
804 2469 880 2523 eeu
921 2440 1246 2548 subintelligitur
1287 2442 1367 2522 sub

189 2576 270 2657 illis
300 2577 524 2658 verbis-
553 2575 749 2657 Studiose
780 2577 966 2658 volentos
998 2576 1174 2676 emendi,
1208 2585 1245 2657 et
1276 2602 1368 2657 cen-

189 2709 327 2791 deodi.
362 2713 423 2789 2.⁰
452 2711 650 2812 Mercem,
684 2737 759 2792 seu
800 2711 1034 2812 materiam,
1070 2735 1176 2818 quae
1210 2717 1273 2789 est
1303 2735 1369 2788 res

188 2843 433 2951 spiritualis,
452 2850 524 2924 aut
539 2843 744 2952 spirituali
762 2870 942 2941 annexa,
965 2844 1024 2925 uti
1042 2841 1367 2949 subintelligitur

189 2978 268 3058 sub
290 2978 371 3058 illis
391 2977 529 3060 verbis
549 3023 608 3042 -
623 2977 800 3086 Aliquid
818 2977 1054 3088 spirituale,
1082 2978 1142 3057 oet
1157 2975 1371 3088 spirituali

189 3139 410 3195 annocum.
438 3116 498 3196 3.⁰
520 3113 721 3213 Pretium,
746 3113 855 3220 quod
878 3111 1065 3192 consistit
1087 3111 1128 3190 iu
1151 3137 1194 3191 re
1211 3117 1369 3216 tempo-

189 3247 280 3346 rali,
295 3273 370 3328 eeu
387 3247 546 3328 eruitur
562 3275 611 3327 ex
625 3245 707 3326 illis
719 3245 962 3326 verbismox
974 3244 1110 3325 citatis
1121 3241 1369 3324 -Emendi

190 3389 226 3462 et
244 3381 455 3463 uendendi.
475 3380 536 3460 De
551 3380 665 3461 hisce
677 3379 803 3487 igitur
819 3379 1016 3461 extremis
1035 3377 1254 3458 simoniam
1272 3403 1369 3457 oon-

188 3515 470 3612 stituentibuS,
494 3514 587 3593 licet
612 3514 699 3620 jam
731 3512 884 3619 aliquid
917 3511 1130 3592 innuimus
1161 3509 1203 3588 in
1236 3509 1368 3617 expli·

191 3645 350 3746 candis,
375 3655 498 3754 atque
528 3645 792 3728 enucleandis
824 3645 961 3726 verbis
984 3643 1249 3745 definitionis,
1275 3644 1368 3726 inu-

191 3781 259 3861 tile
276 3790 430 3879 tamen,
449 3786 489 3860 et
505 3806 860 3888 supervacaneum
878 3780 989 3862 haud
1007 3787 1205 3888 putamus
1218 3777 1366 3858 iterum

194 3913 396 3996 distinctis
427 3913 698 4022 paragraphis
726 3913 943 4016 disserere,
968 3921 1015 3996 ut
1037 3911 1200 4013 melius,
1226 3919 1264 3992 et
1285 3910 1368 3992 cla-

192 4047 281 4128 rius
321 4048 494 4150 indoles,
529 4057 568 4130 et
610 4055 758 4129 natura
798 4047 985 4130 oriminis
1016 4044 1218 4128 simoniae
1248 4047 1369 4124 inne-

189 4191 333 4285 tescat,
368 4193 408 4266 et
429 4185 591 4266 lacilius
613 4184 790 4266 discerni
812 4183 978 4291 valeant
1000 4207 1173 4282 erroreS,
1199 4177 1241 4259 in
1263 4205 1367 4288 quos

190 4320 373 4401 nonnulli
405 4318 584 4428 prolapsi
619 4320 798 4401 luerunt.
825 4319 887 4400 Sit
909 4317 1047 4426 itaque
