3136 5138
352 368 415 432 156
637 379 930 432 rnauuuorrosss
953 379 1047 430 rums
1071 375 1237 428 cruorum

354 507 613 592 necessarius
644 508 697 588 ad
726 507 1000 590 substantiam
1040 513 1286 589 contractus
1325 505 1503 586 Diximus
1548 535 1549 610 ξ

351 672 428 756 per
446 671 503 742 se;
527 667 623 722 nam
649 641 684 719 si
707 641 1002 722 demonstratio
1024 641 1088 721 vel
1118 666 1243 722 causa
1274 639 1435 720 additur
1463 639 1505 718 ad

356 778 525 859 modum
555 774 816 875 conditionis,
851 775 917 854 oui
950 774 1141 882 alligatur
1171 800 1413 872 eonsensum
1444 781 1504 852 aut

356 910 461 990 falsa
491 935 618 990 causa
647 907 712 987 vel
743 907 1035 988 demonstratio
1066 907 1292 988 includeret
1322 929 1501 1002 errorem,

352 1042 425 1150 qui
456 1040 686 1122 refunditur
706 1040 748 1120 in
770 1066 1002 1147 personam3
1025 1050 1125 1122 tuno
1151 1042 1193 1121 in
1214 1049 1389 1148 utroque
1417 1065 1504 1118 nasu

355 1177 460 1258 falsa
480 1173 773 1256 demonstratio
794 1174 857 1254 vel
873 1199 1000 1255 oausa
1014 1174 1175 1256 vitiaret
1190 1172 1501 1270 matrimonium,
1548 1151 1549 1246 l

356 1315 478 1418 prout
517 1307 595 1390 hoo
624 1306 791 1388 vitiatur
831 1335 883 1388 ex
913 1333 995 1388 non
1025 1308 1231 1388 verificata
1268 1305 1500 1400 conditione,

352 1444 423 1524 oui
445 1441 638 1549 alligatur
668 1467 909 1542 consensus,
933 1441 1021 1522 sive
1042 1467 1093 1522 ex
1114 1467 1263 1542 errore,
1288 1440 1358 1549 qui
1380 1437 1503 1519 relun-
1548 1405 1549 1440 Ν

353 1576 478 1656 datur
499 1575 541 1654 in
562 1599 797 1682 personam;
820 1575 941 1655 sicuti
971 1574 1152 1682 loquitur
1181 1601 1278 1656 oum
1309 1569 1501 1655 communi

352 1709 541 1790 Sanohez
572 1709 622 1789 de
650 1711 911 1790 tnatrimonio
944 1710 1012 1789 lib.
1049 1713 1073 1789 5
1104 1709 1209 1820 disp.
1245 1713 1297 1790 19
1328 1733 1433 1788 nam.
1464 1707 1498 1800 2,

357 1841 528 1950 Pirhing
545 1841 586 1920 h.
613 1850 642 1923 t.
667 1870 777 1923 narn.
803 1845 873 1943 29,
899 1841 1061 1950 aliique.
1087 1842 1238 1923 Modus
1259 1839 1410 1950 pariter
1426 1839 1500 1917 sivo

357 1975 554 2056 honestus
576 1974 640 2055 vel
660 1974 793 2082 turpis
822 1975 1131 2056 matrimonium
1162 2000 1244 2056 non
1264 1973 1395 2074 vitiat,
1418 1969 1501 2078 quia

356 2134 438 2189 non
469 2107 573 2189 tollit
603 2106 666 2188 vel
697 2108 911 2216 suspendit
941 2107 1192 2190 voluntatem
1232 2100 1496 2189 contrahendi.

296 2301 297 2304 κ
356 2244 414 2322 At
443 2241 479 2322 si
500 2249 562 2322 est
592 2242 821 2322 contrarius
852 2243 1107 2324 substantiae
1138 2249 1209 2324 aut
1238 2242 1359 2324 bonis
1378 2234 1501 2320 matri-

359 2375 502 2474 monii,
522 2383 621 2455 tuno
642 2375 826 2456 annullat
846 2375 1153 2457 matrimonium
1174 2402 1224 2456 ex
1243 2403 1336 2488 cap.
1357 2376 1381 2454 7
1401 2371 1437 2449 b.
1457 2375 1496 2460 ts·

355 2507 457 2614 quia
486 2509 649 2616 quando
679 2506 923 2589 contrahens
944 2509 1031 2589 vult
1060 2508 1233 2590 alterum
1264 2502 1432 2614 obligari
1457 2497 1499 2576 ad

358 2642 651 2747 praestandum
683 2640 836 2748 aliquid
871 2668 1104 2750 repugnans
1144 2642 1222 2754 ipsi
1262 2631 1498 2722 substantiae

355 2783 609 2875 oontraotuS,
643 2775 745 2855 satis
774 2758 979 2882 signifieat
1007 2801 1052 2855 se
1082 2795 1164 2856 non
1198 2775 1351 2856 habere
1380 2787 1500 2849 veram

356 2935 407 2988 ao
436 2907 587 2988 seriam
612 2908 863 2990 voluntatem
895 2908 1061 2990 ineundi
1092 2909 1215 2990 talem
1246 2911 1498 2990 contractum

356 3049 527 3122 atvero
557 3040 646 3120 sine
677 3067 880 3122 consensu
911 3049 1144 3122 contractus
1174 3068 1256 3123 non
1277 3032 1502 3124 subsistit.-

358 3174 512 3257 Ultimo
543 3175 753 3282 quaeritur
783 3201 908 3284 quam
927 3175 1011 3255 vim
1032 3175 1209 3256 habeant
1228 3169 1432 3284 sponsalia
1449 3157 1501 3240 vel

359 3309 667 3390 matrimonium
697 3316 952 3390 contractum
981 3307 1025 3387 in
1055 3309 1163 3390 diam
1193 3317 1351 3391 eertum
1372 3301 1428 3384 vel
1450 3297 1503 3375 in·

354 3449 542 3526 eertum?
574 3443 626 3524 Et
654 3443 843 3525 convenit
872 3442 976 3524 inter
995 3443 1192 3525 Doctores
1221 3435 1500 3552 dispiciendum

356 3601 449 3654 esse
471 3601 523 3655 an
544 3576 632 3656 dias
652 3575 706 3657 sit
727 3579 919 3658 terminus
935 3604 962 3656 a
979 3603 1056 3685 qao
1079 3575 1246 3684 inoipiat
1266 3573 1497 3658 contractus,

357 3706 423 3786 vel
464 3709 658 3789 terminus
699 3708 899 3817 adquam
938 3717 1171 3792 oontraotus
1211 3709 1390 3791 finiatur.
1426 3695 1501 3778 HOC

355 3847 496 3921 autem
528 3841 660 3949 posito
691 3843 908 3925 dioendum
930 3852 991 3925 est
1020 3845 1152 3951 primo
1178 3844 1300 3925 modo
1321 3843 1425 3925 diem
1443 3825 1503 3908 ad·

350 3973 510 4081 jeotum
540 3974 689 4058 habere
720 3979 800 4058 aim
830 3976 1070 4059 conditionis
1098 3979 1366 4088 suspensione,
1392 3977 1429 4053 et
1453 3961 1502 4041 sa-

356 4101 528 4188 cerant
557 4117 652 4190 ante
689 4110 796 4192 diem
835 4111 1044 4219 signatum
1074 4111 1269 4220 obligatio
1309 4102 1501 4192 matrimo-

359 4237 481 4321 nialis
496 4249 568 4323 aut
585 4243 826 4352 sponsalitia
839 4271 921 4326 non
937 4251 1167 4328 enascatur:
1183 4245 1363 4326 seeundo
1379 4240 1498 4321 autem
