3356 5118
549 539 650 586 arasa
673 541 704 584 v.
730 555 772 568 ·—
796 539 935 586 mrunus
958 539 1070 584 xxnx.
1328 520 1393 586 363

215 667 475 774 delinquente
488 665 643 773 absque
662 666 744 746 ullo
756 663 984 745 ministerio
996 664 1163 771 judicis
1181 666 1385 764 Secunda,

209 800 306 883 lieet
336 826 362 880 a
387 799 480 906 jure
512 807 667 880 statute
697 799 765 899 sit,
782 825 872 878 -non
900 805 1039 878 temen
1071 797 1186 905 prins
1217 798 1391 880 incurri-

208 943 292 1036 tur,
327 933 407 1015 nisi
430 961 502 1042 per
522 934 769 1015 sententiam
801 931 1178 1014 condemnatoriam
1211 957 1236 1011 a
1252 931 1389 1038 judice

205 1069 426 1176 prolatam.
461 1069 527 1148 Ita
558 1069 707 1149 Deaoti
737 1075 833 1149 toni.
869 1063 938 1147 lV
965 1067 1028 1146 nt.
1058 1065 1199 1166 XVII,
1225 1070 1250 1168 ἕ
1282 1070 1328 1149 8.

110 1194 111 1198 Ν
267 1203 331 1282 Ex
349 1201 552 1299 lromuliS,
570 1225 676 1308 quae
694 1201 734 1281 in
752 1199 961 1282 Ecclesiae
983 1200 1146 1307 legibus
1164 1210 1384 1308 usurpant,

208 1335 328 1418 facile
359 1336 617 1443 intelligitur,
643 1361 750 1442 quae
782 1335 989 1436 ferendae,
1021 1360 1126 1442 quae
1157 1334 1264 1416 latae
1294 1361 1388 1416 sen·
1436 1445 1439 1450 Ι
1527 1355 1531 1363 ’

205 1469 357 1550 tentiae
387 1469 455 1552 sit.
491 1467 763 1550 Reiffenstuel
795 1467 836 1549 a.
873 1476 901 1548 t.
931 1471 955 1569 5
989 1471 1034 1558 3,
1064 1495 1108 1547 a.
1135 1471 1211 1567 78,
1234 1475 1273 1546 et
1301 1494 1381 1576 seq.

207 1602 399 1684 Masehat
440 1603 482 1684 h.
518 1611 547 1684 t.
584 1609 609 1706 ἓ
642 1605 682 1704 1,
727 1632 767 1684 n.
803 1606 848 1684 3.
892 1602 936 1681 ln
973 1601 1099 1682 dubio
1141 1609 1293 1700 autem,
1333 1627 1384 1682 aa

204 1761 382 1817 censura
411 1737 465 1818 sit
505 1736 627 1837 letae,
674 1736 738 1817 vel
781 1736 973 1818 ferendae
1014 1735 1258 1834 sententiae,
1292 1763 1387 1818 cen-

205 1869 287 1950 seri
309 1870 429 1952 debet
444 1893 664 1969 censuram
683 1897 775 1952 esse
797 1871 990 1952 terendae
1020 1870 1263 1971 sententiae,
1288 1872 1385 1978 quia

208 2002 427 2106 indubiis,
452 2011 491 2086 et
512 2008 753 2114 praesertim
773 2005 817 2086 in
839 2005 983 2114 poenis
1009 2005 1227 2112 benignior
1253 2006 1381 2087 inter-

202 2138 375 2243 pretatio
393 2139 581 2220 facienda
598 2147 660 2219 est
670 2140 794 2245 juxta
810 2139 1000 2246 regulam
1019 2140 1120 2236 155,
1143 2144 1168 2240 ἕ
1179 2140 1330 2245 finff.
1345 2153 1383 2219 et

203 2297 290 2380 req.
326 2275 386 2353 49
407 2273 524 2380 jaris
557 2276 598 2355 in
621 2279 665 2354 6..
700 2272 1072 2379 Schmalzgrueber
1102 2271 1144 2352 h.
1170 2283 1199 2352 t.
1225 2301 1266 2352 n.
1303 2275 1375 2355 11.

259 2405 539 2487 Censurarum
557 2417 640 2488 tres
655 2416 754 2488 sunt
771 2406 946 2516 speciae,
970 2407 1125 2488 scilieet
1147 2399 1380 2488 cacommass

197 2541 369 2642 aientia,
399 2545 626 2652 suspensio,
667 2540 943 2642 interdictam,
976 2541 1035 2621 uti
1078 2548 1217 2647 aperte
1257 2541 1374 2640 docet

197 2673 460 2756 Innocentius
490 2677 539 2755 lll
571 2680 612 2757 in
648 2677 751 2784 Cap.
785 2679 864 2768 20,
898 2674 948 2756 de
978 2675 1086 2756 oerb.
1120 2675 1268 2784 sipnif.
1306 2675 1375 2754 ubi

199 2805 349 2911 legitur
373 2849 418 2864 -
444 2807 666 2896 Qaaerenti
696 2808 797 2915 qaid
821 2835 899 2917 per
930 2835 1143 2890 censuram
1164 2809 1375 2891 Ecclesia·

196 2940 344 3019 sticam
374 2938 514 3019 debeat
547 2939 735 3048 intelligia
769 2967 860 3020 eam
891 2941 1125 3048 hujusmodi
1146 2943 1376 3024 clausulam

199 3073 243 3151 in
273 3074 424 3153 nostris
465 3071 596 3153 literis
637 3077 881 3184 apponimus
895 3105 907 3174 3
942 3073 1227 3184 respondemus
1267 3077 1376 3180 qaod

189 3231 271 3313 per
300 3231 391 3285 eam
421 3231 504 3286 noa
523 3205 652 3286 solam
676 3205 899 3307 interdicti,
922 3205 993 3286 sed
1021 3208 1308 3317 suspensionis,
1335 3217 1372 3288 et

196 3339 631 3420 canomannicationis
661 3344 864 3422 sententia
895 3341 1001 3422 ualet
1033 3341 1220 3450 intelliqi.

256 3473 619 3581 Supervaceneum
664 3473 730 3554 hic
770 3500 860 3555 esse
901 3481 1099 3582 putamus
1141 3473 1371 3582 inquirere,

196 3613 337 3688 utrum
368 3607 577 3689 Ecclesiae
614 3616 821 3716 competat
863 3615 1047 3716 potestas
1088 3607 1244 3690 ferendi
1281 3633 1375 3688 een-

191 3765 331 3843 suraS,
366 3767 462 3824 cum
495 3741 608 3822 nulla
629 3749 847 3851 suppetere
869 3743 999 3851 possit
1021 3745 1128 3824 ratio
1159 3743 1371 3825 dubitandi

193 3873 298 3954 inter
329 3873 567 3976 catholicos,
603 3875 717 3956 illam
749 3875 825 3956 soli
858 3877 1050 3984 potestati
1082 3875 1309 3976 Ecclesiae,
1330 3889 1373 3956 et

190 4005 358 4113 quidem
371 4007 465 4114 jure
481 4008 622 4090 divino
638 4017 872 4118 competere
884 4009 1006 4118 juxta
1025 4009 1125 4091 illud
1142 4007 1280 4090 Muta.
1297 4009 1367 4090 16.

191 4187 251 4210 -
270 4143 553 4254 Qaaecamqae
582 4145 858 4255 altipaaeritis
887 4171 1010 4257 saper
1040 4154 1211 4244 terram,
1256 4152 1371 4224 erant

134 4357 135 4360 t
188 4278 367 4388 alliqata
381 4285 420 4358 ct
439 4281 479 4360 in
496 4277 621 4360 caelis
642 4291 720 4361 etc.
743 4289 780 4360 et
801 4283 876 4361 18.
898 4323 958 4342 -
978 4280 1027 4362 Si
1041 4279 1272 4360 Ecclesiam
1291 4305 1371 4359 non

189 4413 387 4506 audierit,
422 4416 476 4494 sa
498 4413 575 4496 tibi
596 4416 703 4495 sicat
724 4415 922 4508 ethnicas,
946 4422 984 4496 et
1008 4415 1269 4526 pablicanas,
1294 4413 1371 4494 hoc

190 4553 254 4627 est
285 4573 309 4628 a
339 4547 523 4630 fidelium
544 4550 839 4632 communione
860 4555 1119 4657 segregatus.
1150 4548 1257 4630 Hine
1282 4549 1368 4656 jam
