3136 5138
403 381 510 432 cinna
533 381 578 434 iv.
604 400 623 414 -
648 381 790 432 dirutus
814 381 860 430 v1.
1158 368 1220 431 163

95 509 331 591 »Bonifaoius
353 510 442 590 Vlll
463 511 701 620 disciplinae
732 511 880 592 vetoris
911 510 1129 618 puritatem
1151 538 1215 592 re-

94 644 238 745 »stituit
261 653 383 752 atque
414 653 572 728 retenta
597 674 705 728 nova
735 647 805 727 illa
826 645 1099 748 distinctione,
1124 654 1216 728 tan-

92 803 217 884 ›quam
245 779 286 858 in
316 778 468 860 scholis
499 782 682 888 vulgata,
717 788 756 862 et
787 807 890 889 pene
926 780 1036 880 trita,
1070 788 1211 862 votum

93 911 271 992 »solemne
292 912 408 1012 dixit,
432 913 519 992 sive
540 915 649 1021 quod
671 914 712 992 in
734 911 995 1020 susceptione
1021 914 1216 994 sacrior-

93 1042 216 1139 ›dinis,
246 1044 334 1125 sive
364 1046 472 1153 quod
493 1046 535 1124 in
556 1045 810 1154 professione
840 1045 1050 1152 religionis
1081 1047 1211 1148 fieret,

92 1183 225 1257 »utera
253 1203 344 1258 esse
384 1177 588 1284 simplicia
627 1177 850 1258 declaravit
880 1205 915 1258 c.
941 1207 1009 1258 un.
1045 1178 1094 1258 dc
1125 1189 1215 1260 coto

93 1309 150 1386 ›in
172 1312 206 1410 6,
238 1309 345 1416 quod
376 1309 484 1391 idem
515 1319 602 1391 erat
632 1337 681 1391 ac
711 1311 893 1408 definire,
927 1319 1016 1390 tum
1047 1310 1214 1390 demum

93 1443 283 1552 »conjugia
314 1453 406 1552 post
434 1451 577 1526 votum
609 1444 724 1526 irrita
755 1445 951 1549 habenda¹
978 1471 1082 1545 esse,
1119 1473 1213 1526 cum

93 1577 253 1684 »legibus
285 1579 559 1680 irritarentum
593 1576 763 1660 noverat
802 1580 911 1660 enim
948 1581 1213 1688 jurisperitus

94 1710 297 1813 »Pontifox,
330 1737 412 1793 non
443 1711 546 1792 alias
577 1711 813 1792 voventium
844 1714 1010 1820 nuptias
1041 1713 1215 1796 decretis

95 1843 348 1927 »irritantibus
378 1873 403 1926 a
432 1845 594 1952 legibus
625 1845 753 1926 fuisse
784 1845 1052 1953 improbatas
1087 1873 1211 1954 quam

93 2003 182 2078 mas,
212 2006 315 2086 quae
347 1979 409 2060 vel
439 1989 531 2086 post
562 1979 865 2087 susceptionem
906 1979 1011 2062 sacri
1041 1979 1212 2080 ordinis,

92 2112 164 2190 »vel
197 2121 287 2220 post
326 2113 598 2194 monasticam
643 2113 939 2219 professionem
985 2120 1216 2196 contractae

92 2243 282 2326 »luissent
317 2247 476 2327 Exinde
512 2247 634 2328 etiam
671 2247 890 2354 colligitur,
925 2275 1021 2328 eum
1058 2247 1127 2354 qui
1168 2273 1219 2326 ea

91 2389 228 2462 >mente
249 2382 300 2462 ad
321 2407 482 2462 sacram
504 2381 801 2462 ordinationem
823 2383 1055 2478 accesserit,
1081 2390 1125 2462 ut
1146 2409 1218 2460 vo·

90 2537 189 2594 »vere
209 2515 459 2596 nullomodo
476 2515 611 2614 vellet,
631 2516 712 2594 imo
730 2522 769 2595 et
785 2524 921 2623 aperto
937 2517 1212 2623 profiteretur,

89 2671 149 2725 »se
160 2648 261 2729 nolle
277 2648 551 2729 continentiae
568 2649 656 2754 lege
678 2649 821 2748 teneri,
840 2647 1107 2729 nibilominus
1124 2655 1217 2728 utut

87 2781 251 2864 »nullum
282 2783 337 2863 sit
365 2791 523 2884 votum,
567 2783 655 2888 lege
685 2782 959 2863 continentiae
995 2782 1214 2888 obstringi,

88 2923 143 2994 »ot
163 2924 389 2997 contractas
420 2924 563 3024 postea
592 2916 758 3023 nuptias
789 2917 830 2996 in
862 2917 1022 2997 irritum
1054 2918 1215 3018 cadere,

89 3051 443 3154 »quemadmodum
464 3059 503 3130 et
519 3049 736 3131 dicendum
759 3058 821 3130 est
841 3051 890 3130 de
906 3076 969 3152 eo,
990 3049 1058 3158 qui
1075 3057 1217 3131 votum

88 3181 182 3262 »fieri
213 3184 482 3266 ordinationis
511 3191 694 3291 tompore
716 3183 863 3264 debere
893 3183 1157 3290 ignoraverit.
1181 3184 1218 3262 E

86 3344 295 3400 vconverso
316 3317 446 3426 siquis
468 3317 681 3399 ordinatur
696 3319 768 3417 ita,
790 3325 835 3398 ut
855 3317 1057 3399 ordinatio
1074 3316 1221 3398 deinde

85 3449 211 3533 ›inita
231 3453 512 3559 dignoscatur,
537 3459 650 3559 puta,
678 3452 774 3558 quia
794 3450 1004 3532 ordinator
1024 3477 1106 3531 non
1127 3459 1214 3531 orat

85 3584 344 3694 »Episcopus
367 3585 460 3667 licet
491 3585 762 3668 continentiae
784 3592 926 3666 votum
954 3584 1148 3686 emiserit,
1173 3611 1224 3665 eo

84 3745 178 3800 »non
198 3720 479 3827 obstringetur
498 3720 616 3820 adeo,
637 3725 683 3799 ut
703 3719 872 3826 nuptiae
893 3726 1036 3826 postea
1054 3725 1223 3799 secutae

84 3852 233 3935 »irritae
275 3853 520 3934 habeantur.
553 3853 736 3960 ldipsum
777 3852 995 3934 dicendum
1037 3859 1151 3959 puto,
1185 3849 1220 3929 si

83 3997 207 4070 »metu
239 3987 356 4096 gravi
388 3987 606 4096 quisquam
648 3988 699 4068 ad
731 3987 1028 4068 ordinationem
1059 4009 1220 4065 sacram

84 4122 332 4222 ›accesseril3
356 4121 406 4201 ad
432 4119 539 4200 hanc
569 4120 676 4200 enim
708 4120 886 4228 speciem
917 4119 1117 4227 pertinere
1138 4143 1220 4198 non

84 4255 289 4358 »videntur
318 4253 507 4361 publicae
537 4254 663 4360 legeS,
688 4279 793 4361 quae
813 4279 1023 4333 sacrorum
1047 4249 1223 4332 admini-

84 4395 276 4470 »strorum
311 4388 475 4496 nuptias
502 4388 851 4496 improbaverunt,
875 4386 953 4467 nisi
975 4393 1111 4467 tamen
1133 4408 1220 4463 ces·
