3264 5146
539 419 647 470 amun
669 419 715 468 ιν.
741 435 762 452 -
783 417 923 470 rrrunus
944 419 967 471 1.
1323 408 1342 470 7

167 554 319 628 estex
350 547 502 630 talibus
541 548 805 655 sponsalibus
835 549 932 631 etsi'
952 556 1064 632 metu
1098 551 1210 633 initis
1240 551 1337 633 oriri

169 681 513 790 impedimentum
543 681 731 790 publicae
762 681 1001 784 honestatis
1025 685 1216 791 quodiis
1236 712 1339 794 quo·

168 839 254 922 que
284 815 476 897 resolutis
506 841 578 924 per
607 815 816 924 querelam
846 817 973 924 partis
1004 845 1151 926 passae
1182 827 1339 902 metum

172 957 330 1050 manet,
374 957 497 1057 prout
536 943 785 1032 natura'est
824 949 949 1058 hujus
990 951 1289 1060 impedimenti;
1322 999 1338 1016 -

174 1083 240 1190 (d)
256 1092 441 1164 mutuom
456 1083 602 1166 deinde
622 1083 728 1164 hano
748 1085 1063 1192 promissionem
1083 1114 1174 1169 esse
1196 1088 1342 1169 debere

171 1219 327 1298 suadet
347 1226 497 1298 natura
517 1217 638 1299 istius
653 1226 903 1319 eontraotuS,
923 1245 1018 1300 oum
1034 1220 1245 1328 sponsalia
1261 1221 1341 1302 sint

179 1353 290 1432 ultro
307 1352 487 1460 nitroque
501 1351 766 1460 obligatorim
785 1351 953 1459 proinde
975 1379 1056 1433 non
1078 1354 1229 1435 suffieit
1249 1379 1343 1462 pro·

176 1484 392 1566 missionis
432 1484 669 1593 aoeeptatio,
706 1485 778 1566 sed
815 1483 1035 1592 requiritur
1065 1489 1339 1598 repromissio.

177 1618 383 1725 Equidem
424 1616 643 1725 promissio
683 1625 892 1726 acceptata
926 1619 975 1699 de
1008 1619 1156 1700 futuris
1191 1620 1345 1730 nuptiis

178 1752 335 1860 obligat
370 1751 690 1860 promittentem,
725 1758 764 1832 et
794 1751 974 1858 graviter
1012 1761 1084 1834 aut
1124 1753 1268 1835 leviter
1302 1752 1345 1832 in

179 1883 447 1986 conscientia,
466 1894 587 1993 prout
606 1884 708 1966 haeo
724 1885 941 1993 promissio
958 1885 1011 1966 sit
1026 1885 1341 1968 adminiculato.

178 2021 238 2099 nt
262 2017 392 2125 judex
423 2016 726 2099 ecclesiasticus
755 2043 881 2125 super
900 2015 978 2098 hae
998 2044 1042 2099 re
1064 2019 1166 2100 adiri
1188 2021 1343 2127 nequit,

180 2176 315 2259 neque
336 2147 580 2230 sententiam
602 2149 768 2257 profert,
792 2174 917 2257 quam
947 2152 1234 2232 tantummodo
1265 2151 1348 2232 edit

182 2287 227 2366 in
247 2309 377 2368 eausa
396 2288 559 2361 mutuae
581 2282 881 2392 promissionis.
908 2281 1016 2363 Hine
1036 2289 1113 2383 est,
1138 2284 1247 2390 quod
1267 2283 1347 2364 Do·

183 2425 319 2498 otores
355 2415 461 2495 hano
501 2413 728 2522 simplicem
768 2413 1083 2522 promissionem
1123 2415 1197 2496 etsi
1236 2441 1351 2496 acee-

182 2558 343 2659 ptatam
383 2549 583 2629 retineant
624 2546 703 2628 sub
743 2547 820 2628 levi
852 2547 1049 2656 obligare,
1083 2548 1147 2628 vel
1178 2575 1269 2629 esse
1300 2549 1349 2629 de

184 2709 230 2764 se
261 2681 578 2781 retractabilem,
624 2688 762 2788 utpoto
802 2681 1108 2789 incompletam3
1142 2689 1181 2762 et
1220 2681 1350 2762 multo

184 2815 323 2923 magis
354 2842 405 2896 ex
436 2841 485 2896 ea
510 2815 763 2922 praedictum
795 2814 1133 2923 impedimentum
1163 2814 1351 2924 publioae

185 2948 415 3030 honestatis
446 2946 542 3026 oriri
570 2949 784 3054 denegent.
803 2993 824 3007 -
840 2946 900 3054 (e)
922 2947 1100 3028 Demum
1119 2949 1234 3057 signo
1264 2974 1352 3027 sen-

185 3082 301 3162 sibili
330 3107 565 3192 eaepressam
595 3079 910 3188 promissionem
946 3079 1072 3186 exigi.
1108 3078 1351 3162 Contractus

185 3214 300 3294 enim
331 3213 437 3294 inter
465 3213 652 3294 homines
672 3211 759 3292 sine
781 3211 1110 3292 manifestatione
1131 3211 1352 3292 voluntatis

185 3373 280 3428 esse
312 3355 535 3452 nequeunt,
559 3371 691 3452 neque
722 3343 891 3452 proinde
922 3343 1118 3448 obligatio
1139 3343 1252 3424 oriri.
1277 3343 1353 3423 Jus
1404 3450 1406 3454 Ι

186 3486 329 3560 autem
370 3504 452 3559 non
491 3475 734 3558 determinat
771 3503 844 3556 nee
874 3475 1000 3556 verba
1041 3502 1114 3556 nee
1144 3475 1279 3583 signa,
1313 3485 1355 3558 at

183 3639 237 3691 ea
257 3609 537 3718 requiruntur,
564 3635 668 3716 quae
689 3635 936 3689 eonsensum
963 3609 1168 3690 internum
1194 3617 1356 3692 eontra-

185 3745 376 3826 bantium
406 3743 655 3825 sufficienter
680 3742 931 3851 exprimunt,
955 3743 1017 3823 vel
1040 3769 1090 3822 ex
1114 3743 1278 3852 propria
1298 3744 1356 3824 si·-

182 3877 450 3986 gnifioatione
472 3887 554 3992 ¹aut
583 3885 745 3977 natura,
770 3877 834 3958 vel
859 3903 911 3957 ex
933 3877 1228 3958 consuetudine
1258 3877 1352 3976 looi,

182 4019 312 4122 prout
351 4009 525 4092 edicitur
565 4009 607 4090 in
639 4036 729 4120 eap.
767 4009 791 4088 7
824 4007 865 4088 b.
901 4016 929 4088 t.
966 4007 1085 4100 Quod
1115 4009 1150 4088 si
1181 4008 1356 4090 dubium

181 4148 241 4228 sit
271 4147 323 4227 de
354 4143 580 4254 prolatione
611 4144 846 4243 verborum,
880 4149 952 4222 aut
992 4142 1205 4248 signorum
1247 4143 1358 4251 posi-

183 4281 313 4378 tione,
349 4285 447 4360 tuno
472 4277 601 4386 judex
632 4278 816 4359 absolvet
852 4284 1084 4384 negantem,
1119 4304 1214 4359 oum
1245 4278 1353 4358 faeta

184 4439 270 4495 non
302 4423 619 4520 praesumantur
648 4411 720 4492 sed
742 4409 982 4519 probantum
1007 4409 1356 4517 quemadmodum
