3356 5118
492 365 591 410 mnne
614 365 645 410 v.
673 382 713 394 -
738 367 1009 413 r1runusxxxv1.
1281 345 1350 412 339

253 489 408 596 injuria
438 490 519 570 alia
550 501 613 570 est
634 493 824 590 verbulo,
849 493 931 571 alia
952 493 1092 572 realis.
1117 493 1259 572 Prima
1279 521 1348 573 ve-

148 622 365 722 rificatur,
400 625 564 729 quando
596 651 668 730 per
699 626 826 704 verba
856 625 1157 706 contumeliosa
1187 626 1349 707 alienus

147 755 295 836 honor
335 757 561 863 impetitur,
603 784 651 838 ao
691 757 881 838 laeditur.
918 759 983 838 Ad
1024 757 1131 838 hano
1171 758 1346 863 injuriae

150 891 342 997 speeiem
374 891 586 970 reducitur
616 892 740 972 etiam
773 893 948 992 libellus,
983 919 1058 972 seu
1091 919 1255 972 eormen
1267 895 1347 1002 su-

153 1053 334 1106 mosum.
357 1026 718 1128 Seeundaautem,
738 1055 811 1106 seu
827 1028 947 1106 realis
971 1027 1161 1128 habetur,
1182 1029 1348 1134 quando

154 1159 258 1268 quis
289 1185 379 1240 eam
413 1159 536 1239 infert
568 1161 705 1268 aliquo
739 1161 860 1260 facto,
895 1162 1063 1259 seilicet,
1100 1161 1163 1240 vei
1195 1161 1343 1267 atapiS,

153 1294 228 1372 vel
260 1293 516 1392 verberibus,
552 1295 614 1372 vet
646 1295 847 1375 violenter
877 1296 1052 1376 alienam
1082 1297 1251 1376 domum
1284 1297 1347 1374 in-

157 1429 407 1533 grediendo,
426 1428 489 1507 vei
508 1427 662 1534 aliquid
681 1430 792 1508 aliud
811 1431 970 1535 agendo
987 1431 1029 1508 in
1045 1437 1344 1538 contemptum,

157 1561 359 1658 dedecus,
390 1571 429 1640 et
461 1561 753 1642 contumetiam
777 1563 962 1644 alterius,
1054 1575 1057 1580 ’

248 1697 384 1800 Ipsam
418 1693 565 1775 inferre
598 1705 773 1802 possunt
757 1697 970 1796 tsoli‚t
930 1705 970 1776 et
1005 1722 1151 1776 omnes
1174 1696 1255 1776 doh
1278 1722 1348 1776 oa

157 1854 286 1934 paces
318 1829 394 1936 lep.
430 1833 476 1929 3,
511 1830 669 1931 §Sane
689 1832 747 1938 ff.
783 1831 876 1914 lut
883 1830 1014 1913 ,Neo
1045 1859 1086 1910 re
1092 1831 1183 1930 er
1210 1859 1261 1911 an
1284 1857 1346 1908 in

158 1961 370 2041 seriort
316 1975 385 2062 sit,
420 1963 483 2042 vel
514 1965 718 2070 superior,
752 1967 822 2073 qui
856 1965 1111 2046 eamintert:
1074 1965 1344 2072 tsiquidem

159 2097 285 2175 etiarn
314 2096 460 2202 judex,
494 2108 534 2175 et
573 2098 844 2202 magistratus
881 2099 921 2176 id
953 2105 1086 2204 potest
1117 2098 1168 2175 ad
1200 2096 1343 2176 trami-

159 2237 244 2311 tem
289 2231 365 2339 teg.
411 2235 489 2330 32,
513 2230 573 2336 ff.
609 2230 698 2310 eod.
735 2233 799 2312 tit.
844 2231 955 2322 Quin
988 2231 1088 2328 im0‚
1122 2238 1162 2309 et
1193 2229 1344 2308 Orator

159 2363 492 2463 Ecclesiasticus,
537 2365 613 2444 etsi
655 2365 690 2443 ei
734 2364 984 2471 permissum
1025 2364 1079 2444 sit
1120 2365 1162 2442 in
1194 2390 1344 2469 genere

160 2525 376 2604 perversos
407 2498 625 2578 hominum
657 2525 795 2577 mores
827 2499 1118 2604 perstringere.

250 2630 339 2710 Pati
372 2642 512 2710 eutem
548 2632 742 2738 injuriam
777 2641 951 2737 possunt
987 2658 1133 2710 omnes
1155 2629 1345 2711 homines

162 2765 460 2872 cujuscumque
478 2767 660 2871 generis,
681 2773 721 2845 et
741 2766 1005 2865 corrutionis,
1026 2767 1151 2846 etiam
1173 2765 1347 2845 rationis

162 2928 242 2979 usu
265 2900 465 3000 destituti,
492 2903 562 2981 eit.
592 2901 720 3006 iep.3
752 2903 777 3000 ἓ
804 2899 930 2997 Sane,
951 2900 1033 2978 imo
1051 2901 1173 2980 etiam
1192 2899 1344 2980 mortui

165 3033 447 3112 admonitum
480 3035 556 3141 lep.
596 3039 639 3130 1,
673 3038 699 3134 ἓ
731 3033 827 3112 Etsi
846 3035 970 3140 sorte
993 3034 1050 3138 ff.
1088 3033 1128 3111 h.
1164 3041 1194 3111 t.
1221 3032 1346 3112 Ratio

118 3271 120 3276 ι
165 3172 238 3265 est,
263 3167 359 3272 quia
375 3167 445 3271 jus
474 3169 526 3273 ad
552 3166 720 3266 famam,
745 3175 785 3245 et
806 3166 1002 3244 honorem
1025 3165 1091 3245 isti
1115 3165 1223 3245 haud
1253 3193 1346 3272 per-

167 3299 279 3379 dunt.
293 3299 436 3406 Neque
449 3301 632 3400 interest,
647 3309 785 3380 utrum
800 3301 891 3407 quis
904 3299 1095 3406 iujuriam
1111 3299 1343 3404 patiaturin

167 3459 340 3540 persona
381 3433 560 3540 propria,
595 3433 659 3512 vel
701 3434 743 3512 iu
785 3459 963 3539 persona
995 3431 1073 3510 sibi
1106 3431 1342 3538 conjuncta,

167 3569 260 3673 quia
291 3567 447 3646 ratione
480 3569 669 3666 affectus,
707 3575 746 3647 et
776 3565 1078 3674 conjunctionis
1100 3565 1251 3672 injuria
1273 3565 1345 3645 uni

167 3700 282 3801 saeta,
318 3701 426 3782 faeta
456 3704 579 3782 etiam
613 3711 808 3782 censetur
844 3701 975 3782 alteri.
1011 3699 1196 3807 Pirhing.
1234 3698 1274 3780 h.
1310 3709 1341 3780 t.

166 3865 202 3918 n.
235 3841 281 3935 8,
316 3838 483 3944 aliique.

245 3971 351 4051 Cum
384 4000 480 4052 vero
520 3973 673 4080 injuria
714 3973 804 4052 sine
845 3971 1033 4082 doiopet
1068 3968 1205 4050 animo
1238 3967 1346 4074 inju-

167 4106 288 4186 riandi
323 4133 403 4187 non
427 4109 724 4206 committatur,
752 4135 826 4188 eeu
850 4109 969 4186 docet
992 4106 1062 4184 leat
1081 4106 1131 4185 Si
1151 4130 1229 4183 non
1252 4131 1347 4183 con-

168 4245 309 4325 nitii5
344 4244 446 4324 Cod.
483 4243 524 4324 h.
561 4253 623 4342 t.,·
658 4243 754 4323 hine
795 4241 965 4321 animus
1009 4241 1086 4320 iste
1122 4237 1345 4346 injuriandi

169 4402 321 4484 semper
360 4379 657 4485 praesumitur,
694 4379 729 4458 si
776 4377 917 4478 verba,
953 4383 1026 4455 aut
1062 4375 1169 4455 saeta
1198 4381 1346 4481 suapte
