3136 5138
322 415 386 478 126
609 427 900 480 rnrnnncrrouns
923 429 1015 479 runis
1039 427 1207 479 canonici

326 585 418 669 cap.
454 559 561 640 unic.
597 557 647 637 dc
674 583 824 668 spons⁸¹
843 557 883 636 in
905 557 976 658 Vl,
1000 583 1146 664 nempe
1175 556 1272 638 oriri
1303 556 1379 640 hoc
1406 559 1477 640 im-

325 689 604 798 pedimentum
626 715 676 769 ex
698 715 957 798 quocumque
974 689 1235 772 matrimonio
1250 697 1338 772 rato
1359 690 1473 772 etiam

324 821 518 922 invalide,
552 821 776 902 dummodo
807 850 887 903 non
919 833 1028 904 esset
1057 822 1282 904 invalidum
1301 849 1353 902 ac
1372 823 1477 934 dose-

324 961 389 1035 otu-
406 981 630 1053 consensus,
650 963 690 1035 et
705 953 870 1062 quidem
888 981 1018 1062 usque
1034 955 1090 1036 nd
1106 964 1296 1063 quartum
1310 956 1477 1065 pradum

323 1078 530 1168 inclusioc.
564 1087 690 1194 Atqui
713 1086 815 1167 Pius
838 1087 877 1165 V
898 1085 938 1165 in
964 1087 1134 1168 Constit.
1158 1088 1228 1168 Ad
1253 1090 1476 1170 Romanum

321 1221 405 1302 diei
439 1225 455 1300 l
490 1221 598 1302 Julii
632 1222 739 1301 1568
771 1219 1002 1302 authentice
1043 1221 1264 1303 declaravit
1303 1247 1351 1302 ac
1380 1221 1472 1302 deli·

321 1353 424 1434 nivit
453 1355 661 1435 decretum
692 1349 861 1435 Concilii
892 1354 1118 1436 Tridentini
1140 1381 1236 1436 scas.
1261 1357 1319 1436 24
1339 1383 1425 1466 cup.
1451 1359 1475 1436 3

318 1489 369 1570 de
399 1490 570 1598 reform.
606 1489 792 1568 matrim.
818 1513 908 1568 esse
930 1487 1239 1595 intelligendum
1267 1499 1313 1569 ut
1341 1515 1475 1597 proce-

320 1623 390 1704 dat
420 1623 462 1702 in
493 1621 756 1730 sponsalibus
772 1621 821 1702 do
843 1621 982 1702 futuro
1004 1622 1219 1703 dumtaxat
1240 1648 1323 1702 non
1344 1631 1472 1703 autem

319 1759 361 1838 in
382 1755 653 1837 ¹matrimonio
685 1756 734 1836 do
755 1756 957 1862 praesenti
979 1781 1061 1835 non
1082 1763 1384 1856 consummato,
1406 1755 1473 1836 sed

319 1895 360 1973 in
390 1918 439 1972 eo
476 1891 624 1971 durare
665 1889 800 1970 adhuc
841 1889 1176 1998 impedimentum
1219 1891 1260 1969 in
1301 1889 1475 1970 omnibus

318 2027 402 2106 iltis
433 2027 591 2106 ausibus
622 2033 659 2104 ct
687 2025 897 2132 praelibas,
941 2025 1092 2132 quibus
1131 2025 1181 2104 de
1216 2024 1311 2130 jure
1354 2022 1471 2106 veteri

316 2167 410 2240 ante
456 2155 711 2264 praedictum
742 2157 950 2237 decretum
990 2155 1159 2236 Consilii
1201 2156 1472 2238 introductum

314 2301 417 2372 erat.
452 2291 562 2397 Ergo
593 2289 715 2370 etiarn
737 2301 830 2397 post
850 2289 950 2370 illud
971 2289 1197 2370 Tridentini
1219 2289 1388 2371 Consilii
1408 2289 1472 2369 de·

313 2432 470 2504 cretum
502 2422 612 2503 istud
643 2421 980 2529 impedimentum
1001 2421 1244 2528 proveniens
1264 2448 1318 2502 ex
1339 2419 1474 2502 matri-

314 2557 452 2638 monio
483 2565 572 2637 rato
602 2556 756 2636 dirimit
786 2582 917 2662 usquo
958 2557 1009 2636 ad
1050 2563 1243 2663 quartum
1283 2557 1470 2663 gradum,

311 2691 389 2771 etsi
421 2689 729 2771 matrimonium
759 2688 813 2769 sit
844 2689 1086 2790 invalidum,
1128 2689 1353 2770 dummodo
1394 2687 1471 2769 tale

311 2849 391 2904 non
423 2825 549 2904 silex
570 2824 730 2904 delectu
752 2849 993 2922 consensus
1018 2850 1093 2904 seu
1115 2821 1157 2902 in
1178 2823 1258 2903 illis
1279 2822 1472 2903 omnibus

308 2955 492 3056 casibus
529 2955 569 3034 in
602 2955 754 3062 quibus
784 2955 948 3061 vigebat
978 2963 1072 3036 ante
1108 2954 1276 3037 Concilii
1319 2955 1471 3038 dictum

309 3087 533 3170 decretum.
560 3089 616 3170 Ut
633 3115 726 3168 vero
744 3088 958 3169 videamus
975 3089 1140 3197 quinam
1159 3089 1242 3170 sint
1258 3087 1314 3168 illi
1333 3115 1468 3187 casua,

272 3219 570 3318 ‚determinari
608 3221 727 3301 debet
767 3221 863 3328 quid
904 3221 1041 3302 veniat
1079 3221 1158 3302 sub
1199 3220 1280 3302 illis
1322 3219 1468 3303 verbis:

312 3387 331 3428 «
353 3355 576 3435 dummodo
599 3353 908 3436 matrimonium
928 3380 1010 3434 non
1033 3353 1155 3435 fuerit
1176 3352 1402 3436 invalidum
1421 3375 1471 3432 ex

307 3488 467 3586 defectu
499 3516 783 3572 consensus.»
817 3490 874 3569 At
904 3487 1005 3568 haec
1034 3487 1212 3594 phrasiS,
1246 3497 1352 3596 quae
1394 3485 1468 3567 luit

306 3620 491 3701 adhibita
520 3628 614 3702 anto
646 3621 875 3702 Concilium
906 3622 1193 3703 Tridentinum
1223 3647 1305 3703 non
1341 3619 1471 3730 potuit

308 3753 510 3861 respicere
532 3781 741 3836 consensus
765 3756 1073 3864 lepitimitatcm,
1093 3744 1164 3837 sed
1185 3754 1327 3836 debuit
1343 3752 1469 3861 respi-

304 3911 397 3967 cere
428 3913 567 3968 ccrum
597 3915 807 3968 consensus
838 3889 1053 3998 defectum,
1087 3889 1156 3997 qui
1178 3889 1362 3970 delectus
1399 3885 1471 3966 ha-

308 4021 430 4101 bebat
460 4021 595 4103 locum
629 4023 671 4102 in
703 4023 962 4105 matrimonio
984 4023 1097 4106 irrito
1118 4029 1283 4131 propter
1296 4027 1468 4120 metum,

307 4165 380 4234 aut
395 4163 559 4262 propter
574 4181 754 4236 errorem
770 4154 812 4236 in
832 4181 1020 4265 persona,
1047 4153 1219 4263 aliisque
1241 4153 1408 4234 casibus
1429 4150 1469 4229 in

307 4286 460 4396 quibus
484 4287 545 4368 vel
577 4288 743 4372 omnino
774 4288 1003 4390 deficiebat,
1028 4288 1092 4370 vel
1113 4315 1194 4369 non
1224 4298 1312 4371 erat
1331 4287 1469 4396 plena-

308 4423 399 4504 rius
428 4448 673 4527 consensum
696 4423 865 4534 proinde
886 4425 1010 4506 etiam
1031 4422 1151 4506 hodie
1170 4422 1387 4506 dicendum
1407 4424 1471 4502 est
