3356 5118
309 480 378 550 364
607 499 879 548 rsnuuucrroras
901 501 993 548 sums
1015 500 1172 548 cruorum
1641 496 1656 603 p

312 630 406 712 inda
437 656 462 709 a
492 636 674 737 tempore
702 629 1009 737 Apostolorum
1040 629 1117 710 hac
1148 635 1347 738 potestate
1376 655 1482 709 con·
1638 639 1654 738 ἶ,

312 771 468 846 stanter
499 789 578 845 usa
609 772 670 846 est
699 762 901 863 Ecclesia,
937 773 980 845 ut
1010 763 1149 846 fideles
1181 789 1206 844 a
1231 761 1481 862 contumaci,

312 907 351 981 et
382 898 522 980 rebelli
564 897 840 980 inobedientia
879 899 1093 998 reducens
1129 910 1168 979 et
1204 905 1391 980 avertens
1430 896 1484 977 ad

314 1033 589 1116 obediendum
620 1032 876 1116 salutaribus
905 1033 995 1115 suis
1015 1033 1231 1142 preceptis,
1261 1039 1301 1113 et
1330 1032 1485 1112 sanctis

313 1168 476 1274 legibus
508 1167 643 1275 magis
673 1174 886 1276 promptos
916 1167 1107 1250 efficeret.
1133 1167 1242 1248 Sane
1264 1165 1340 1248 hac
1371 1173 1487 1275 potc-

318 1310 424 1386 state
455 1330 558 1385 usus
579 1303 657 1384 fuit
677 1303 721 1384 S.
747 1303 896 1386 Petrus
928 1301 1319 1386 excommunicando
1351 1302 1485 1383 Simo·

313 1463 407 1518 nem
439 1440 611 1546 Magum
642 1440 785 1520 Actor.
811 1442 855 1532 8,
882 1467 917 1520 o.
948 1443 1021 1540 12,
1056 1437 1100 1520 S.
1136 1435 1294 1518 Paulus
1325 1462 1485 1518 excom-

315 1571 565 1654 municando
597 1571 879 1653 incestuosum
911 1569 1151 1653 Corinthum
1182 1578 1259 1652 etc.

371 1705 489 1787 Haec
515 1712 651 1788 autem
674 1713 856 1815 potestas
877 1713 1010 1815 potest
1031 1732 1136 1806 esse,
1161 1704 1224 1784 vel
1246 1703 1478 1800 ordinaria,

316 1837 380 1922 vel
412 1838 613 1947 delegata.
650 1838 868 1920 Ordinaria
899 1847 1079 1946 potestas
1111 1837 1263 1919 ferendi
1295 1862 1485 1919 censuras

207 1994 210 2001 '
318 1975 359 2054 in
402 1972 546 2082 primis
586 1972 805 2082 praecipue
845 1972 1046 2054 incumbit
1083 1973 1257 2053 Summo
1297 1970 1484 2053 Pontifici

318 2115 507 2216 respectu
539 2107 665 2189 totius
705 2105 931 2210 Ecclesiae,
974 2107 1321 2216 ArchiepiscopiS,
1366 2115 1486 2214 atque

317 2241 532 2350 Episcopis
555 2242 595 2322 in
617 2267 696 2322 sua
717 2241 948 2344 Provincia,
973 2249 1013 2324 et
1032 2239 1218 2334 Diceoesi
1241 2239 1484 2350 quoadsibi

318 2373 522 2456 subditos,
558 2377 663 2486 Cap.
688 2378 728 2470 1,
753 2384 790 2456 et
811 2404 901 2487 cop.
932 2377 1207 2484 Conquerente
1239 2379 1297 2455 16
1328 2373 1378 2455 de
1411 2375 1487 2483 Os·

312 2509 390 2618 fic.
427 2508 618 2591 ordiner.
642 2511 790 2619 juncto
825 2511 1008 2592 Concilio
1043 2509 1280 2593 Tridentino
1310 2533 1400 2588 sess.
1434 2512 1480 2599 ὅ,

318 2671 408 2755 cup.
435 2649 482 2744 3,
505 2652 542 2725 et
572 2669 668 2726 sess.
694 2644 766 2735 14,
791 2669 882 2754 enp.
912 2645 953 2736 4,
978 2641 1028 2724 de
1047 2644 1282 2754 Reformat.
1308 2645 1364 2724 2:
1380 2639 1486 2721 Eam

319 2777 472 2858 habent
511 2803 670 2877 omnes
704 2785 744 2858 et
782 2777 858 2858 soli
901 2778 973 2880 illi,
1013 2779 1081 2887 qui
1114 2779 1155 2859 in
1198 2777 1284 2860 loro
1324 2783 1488 2858 externo

322 2909 504 3018 gaudent
528 2909 814 3017 jurisdictione
853 2911 1143 2994 Ecclesiastica
1172 2911 1395 3011 ordinaria,
1430 2907 1488 2990 uti

321 3052 418 3124 sunt
449 3042 687 3125 Car-dinales
718 3045 759 3124 in
781 3045 871 3126 suis
893 3045 1037 3146 titulis,
1061 3046 1206 3152 Legati
1229 3045 1347 3126 Sedis
1378 3045 1491 3152 Apo·

161 3221 165 3226 ·
319 3175 489 3258 stolicaa
520 3178 560 3256 in
582 3178 794 3286 provincia
814 3205 915 3259 suae
937 3177 1167 3286 legationis.
1194 3176 1372 3258 Praelati
1404 3185 1490 3258 tam

316 3311 568 3406 saeculares,
593 3339 718 3422 quam
741 3314 970 3421 Regulares
987 3313 1315 3420 jurisdictionem
1338 3314 1377 3394 in
1403 3313 1491 3393 loro

317 3452 482 3526 externo
508 3445 804 3528 contentiosam
836 3445 1034 3528 habentes
1066 3446 1123 3529 ita
1158 3473 1207 3528 ex
1237 3453 1308 3528 tot.
1343 3447 1406 3526 tit.
1442 3445 1492 3526 de

323 3579 442 3688 Offic.
482 3579 619 3661 ordin.

374 3709 574 3818 Delegata
605 3713 799 3822 competit
838 3713 1047 3816 omnibus
1081 3715 1151 3823 qui
1183 3715 1293 3796 illam
1335 3713 1491 3794 habuc-

315 3852 413 3925 runt
443 3845 494 3926 ab
537 3847 621 3946 ais,
656 3849 725 3956 qui
768 3855 969 3957 potestate
1011 3849 1221 3930 ordinaria
1260 3849 1488 3959 potiuntur.

317 3979 379 4062 Ex
406 3981 666 4090 ,delegatione
698 3991 836 4065 autem
858 3984 1028 4092 quilibet
1049 3982 1224 4066 clericus
1254 3985 1379 4067 ctiam
1411 3984 1494 4091 pri-

317 4141 410 4196 mae
436 4122 631 4199 tonsurae
652 4123 898 4225 potestatem
920 4118 1165 4199 censurandi
1187 4119 1399 4228 acquirere
1420 4141 1495 4224 pc-

316 4255 409 4340 test,
430 4275 525 4330 cum
549 4250 629 4332 ista
651 4259 832 4358 potestas
853 4250 907 4333 sit
923 4251 1178 4359 delegabilis.
1198 4255 1255 4335 At
1270 4278 1352 4334 non
1369 4249 1493 4330 modo

318 4405 369 4462 ex
401 4381 671 4492 delegatione,
694 4386 766 4467 sed
789 4393 828 4467 et
859 4385 1159 4486 consuetudine,
1191 4395 1230 4469 et
1253 4383 1494 4499 praescrip·

315 4521 424 4600 tione
464 4517 666 4626 legitima,
710 4521 832 4602 modo
874 4521 1156 4630 praescribens
1196 4521 1249 4604 sit
1290 4521 1492 4617 clericus,
