3356 5118
353 431 420 498 354
655 445 927 492 mammonas
952 445 1046 491 Juars
1066 442 1223 489 onuomm

354 573 522 656 Ordinis
552 571 819 679 suscipiendi.
852 570 1069 652 Secundus
1100 577 1162 652 est
1193 567 1368 678 privatio
1412 597 1564 673 usuS,

352 733 428 808 seu
459 704 638 786 exercitii
683 703 849 784 Ordinis
876 703 963 810 jam
1005 702 1187 811 suseepti
1229 701 1423 809 alicujus,
1478 706 1560 786 vel

353 842 387 921 si
418 839 556 921 totalis
587 847 665 940 est,
709 837 1024 946 cujuscumque.
1060 837 1227 918 Tertius
1257 837 1435 944 denique
1472 839 1557 920 ef-

351 975 484 1056 feetus
514 980 577 1056 est
607 972 782 1080 privatio
812 971 1109 1052 beneficiorum
1138 971 1481 1070 obtinendorum,
1507 975 1550 1054 si

352 1107 641 1217 irregularitas
673 1105 814 1187 totalis
839 1111 916 1186 est.
954 1103 1081 1186 Ratio
1100 1112 1179 1206 est,
1203 1103 1301 1213 quia
1329 1103 1408 1186 hoe
1440 1106 1550 1213 ipso

352 1242 462 1350 qnod
493 1239 737 1321 beneficium
759 1239 879 1320 detur
899 1245 1063 1346 propter
1084 1237 1283 1338 officinm,
1316 1238 1422 1348 Cap.
1441 1241 1539 1347 fin.

352 1375 402 1457 de
430 1374 657 1484 Rescriptis
689 1374 731 1454 in
761 1379 803 1468 6,
838 1381 879 1452 et
908 1373 1148 1480 irregularis
1189 1397 1321 1480 capax
1361 1399 1445 1454 non
1480 1375 1544 1456 sit

353 1507 477 1591 offleii
509 1507 653 1608 divini,
686 1515 833 1614 sponte
863 1505 989 1586 veluti
1020 1531 1101 1587 sua
1129 1505 1332 1614 sequitur,
1356 1507 1408 1587 ab
1441 1507 1544 1615 ipso

353 1645 477 1725 etiem
508 1640 754 1722 beneficium
786 1639 961 1720 obtineri
992 1664 1075 1719 non
1105 1666 1241 1748 posse.

257 1821 259 1826 .
411 1777 589 1856 Possent
628 1773 695 1854 hie
726 1783 766 1854 et
797 1775 880 1856 alia
920 1773 1040 1882 plura
1070 1773 1112 1854 in
1141 1773 1325 1855 medinm
1358 1772 1537 1882 proferri

352 1909 426 1991 sed
441 1907 616 1989 instituti
640 1906 766 1987 nostri
789 1915 855 1988 sat
874 1905 1167 2014 impedimento
1188 1906 1280 2008 luit,
1303 1893 1541 2015 quominus

353 2042 488 2125 oratio
518 2040 693 2123 ulterius
722 2040 1046 2150 protraheretur.
1255 2024 1259 2032 ’

686 2441 924 2523 TITULUS
954 2439 1190 2523 XXXVIII.

552 2711 620 2790 De'
640 2707 904 2818 poenitentiis
936 2715 973 2789 et
1004 2709 1324 2792 remissionibus.

436 2975 589 3058 Actum
620 2983 684 3058 est
713 2975 832 3058 titulo
863 2978 1120 3085 praecedenti
1152 2978 1203 3060 de
1232 2978 1395 3086 poenis
1422 3003 1531 3086 qnae

348 3110 390 3192 in
420 3110 510 3192 loro
541 3119 728 3211 externo,
751 3137 828 3192 seu
854 3111 1039 3221 judiciali
1072 3111 1345 3220 infliguntur3
1378 3112 1458 3195 hae
1478 3113 1528 3195 de

299 3283 302 3288 ·
348 3271 394 3326 ra
413 3245 464 3328 B.
489 3245 766 3354 Raymundus
787 3247 839 3328 ad
861 3247 1036 3328 istarum
1064 3272 1291 3354 poenarum
1312 3248 1526 3328 materiam

347 3379 510 3489 plenius
540 3381 802 3488 explendam,
832 3405 942 3461 nune
971 3380 1194 3462 transitum
1226 3379 1325 3462 iaoit
1356 3381 1407 3462 ad
1425 3405 1527 3489 pne·

347 3538 440 3612 naS,
473 3540 549 3594 seu
580 3513 870 3621 poenitentias
909 3513 1089 3622 quaein
1121 3513 1417 3612 semisismo,
1449 3539 1526 3594 sau

347 3647 626 3754 poenitentiali
658 3648 945 3755 imponuntur.
977 3647 1082 3729 Cum
1114 3675 1213 3729 vero
1243 3647 1321 3729 hae
1353 3672 1525 3756 poenae,

347 3805 423 3860 seu
444 3780 718 3889 poenitentiae
738 3807 863 3890 saepe
884 3807 959 3891 per
979 3781 1245 3864 remissiones
1270 3781 1520 3880 relaxentur,

345 3913 438 3996 ideo
468 3915 519 3996 de
549 3914 600 3996 iis
630 3941 794 4025 quoque
834 3914 1086 4024 Compilator
1114 3915 1394 3996 Deeretalium
1442 3911 1526 4020 agit

345 4057 604 4157 praesentem
634 4049 860 4156 subjiaiens
891 4049 1074 4132 titulum.

433 4182 691 4265 Poenitentia
720 4193 889 4297 sumpta
918 4207 993 4292 pro
1024 4181 1304 4265 satisfactione
1325 4207 1403 4291 pro
1424 4205 1521 4291 pee·

346 4317 449 4396 eatis
479 4319 686 4426 imposita,
721 4327 760 4400 et
790 4318 972 4400 exhibita
1000 4317 1160 4400 definiri
1191 4317 1375 4400 solet-
1393 4315 1523 4400 Satis-

343 4453 480 4560 factio
506 4453 708 4563 condique
732 4481 814 4565 pro
838 4457 1020 4567 pereatis
1050 4455 1255 4566 imposita,
1280 4481 1355 4536 seu
1378 4451 1524 4534 melius
