3380 5132
349 412 416 476 310
639 419 931 472 ranucacrroaas
954 419 1048 470 rums
1072 411 1241 470 canorum

364 565 456 655 set,
480 553 660 661 qualibet
680 551 894 632 sanctitate
915 577 1011 631 cum
1031 549 1242 657 religionis
1263 560 1351 630 tum
1374 551 1521 632 Sacra·
1549 549 1552 556 ’
1664 611 1665 640 l

361 687 525 768 »menti
558 685 804 793 posthabita,
840 684 1049 790 diffingere
1087 711 1135 764 ac
1165 685 1392 764 deformare
1423 712 1521 766 con·

362 857 380 896 »
397 822 515 930 jugia
545 819 707 926 turpius
737 819 839 898 velle
869 819 1074 918 videntur,
1108 844 1233 925 quam
1269 817 1360 926 ipsa
1390 817 1522 898 ethni-

363 981 545 1036 »cornm
572 953 761 1032 instituta
780 952 1104 1032 consuevissent.
1128 951 1303 1057 Ideoque
1325 951 1404 1030 nisi
1424 977 1522 1030 con-

294 1165 297 1174 ,
362 1087 496 1169 »silla
525 1095 751 1186 mutentur,
785 1096 980 1193 perpetuo
1010 1085 1089 1164 sibi
1122 1098 1302 1166 metuere
1343 1085 1521 1164 familiae

363 1257 382 1295 s
402 1232 442 1302 et
462 1209 839 1302 societas'humana
860 1221 1080 1319 debebunt,
1106 1245 1156 1300 ne
1178 1219 1405 1299 miserrime
1426 1245 1523 1299 con-

363 1389 382 1428 »
398 1355 593 1461 jiciantur
613 1353 655 1432 in
677 1352 776 1467 illud
800 1379 936 1432 rerum
962 1351 1146 1432 omnium
1174 1361 1379 1432 certamen
1401 1361 1522 1458 atque

364 1523 382 1563 s
403 1487 637 1586 discrimen,
662 1487 770 1593 quod
800 1496 862 1566 est
892 1485 1203 1566 Socialistarum
1223 1493 1263 1566 et
1283 1484 1522 1566 Communi-

366 1655 382 1694 »
403 1630 562 1702 starum
581 1619 798 1724 flagitiosis
820 1619 1014 1724 gregibus
1041 1619 1200 1725 jamdiu
1222 1618 1522 1725 propositum.-

365 1793 383 1830 »
404 1757 522 1839 Unde
542 1756 670 1863 liquet
689 1780 813 1862 quam
840 1755 1042 1833 absonum
1064 1760 1104 1832 et
1125 1752 1351 1832 absurdum
1372 1751 1426 1832 sit
1446 1779 1522 1858 pu-

364 1891 552 1970 »blicam
583 1887 759 1968 salutem
791 1911 816 1962 a
839 1885 1028 1982 divortiis
1059 1893 1289 1992 expectare,
1314 1911 1419 1991 quae
1450 1911 1523 1991 po-

364 2057 383 2098 »
405 2022 487 2102 tius
503 2022 544 2100 in
560 2029 713 2100 cartam
729 2018 935 2098 societatis
951 2017 1170 2125 perniciem
1188 2026 1284 2096 sunt
1300 2041 1488 2096 evasura.
1503 2062 1523 2075 -

366 2187 385 2230 ‚,
403 2156 532 2261 lgitur
552 2153 827 2233 confitendum
849 2160 926 2251 est,
950 2152 999 2232 de
1021 2149 1228 2231 communi
1245 2149 1431 2229 omnium
1451 2175 1525 2256 po·

365 2323 384 2362 »
407 2288 597 2394 pulcrum
634 2287 740 2365 bono
775 2285 976 2364 meruisse
1011 2283 1162 2390 optime
1195 2281 1420 2362 Ecclesiam
1455 2307 1524 2361 ca-

368 2421 613 2519 atholicam,
642 2418 846 2498 sanctitati
879 2426 918 2496 et
948 2415 1206 2523 perpetuitati
1237 2415 1522 2522 conjugiorum

366 2588 385 2630 s
405 2555 580 2633 tuendae
601 2579 762 2660 semper
781 2552 977 2630 intentam
985 2581 995 2650 3
1019 2577 1093 2630 nec
1110 2550 1304 2655 'exiguam
1330 2547 1408 2655 ipsi
1431 2573 1524 2654 gra-

368 2689 506 2767 »tiam
537 2687 690 2785 deberi,
725 2685 832 2792 quod
873 2684 1035 2791 legibus
1065 2684 1206 2764 civicis
1236 2692 1400 2764 centum
1436 2683 1522 2789 jam

367 2847 536 2902 »armos
567 2821 607 2900 in
637 2818 715 2900 hoc
744 2845 890 2926 genere
921 2820 1052 2899 multa
1090 2820 1354 2926 peccantibus
1386 2817 1520 2925 palam

247 2935 251 2944 ’
367 2953 702 3051 »reclamaveril3
727 2955 835 3059 quod
865 2952 1067 3034 haeresim
1098 2953 1359 3033 deterrimam
1382 2953 1523 3032 Prote-

368 3121 385 3164 »
406 3088 604 3174 stantium
622 3088 670 3166 de
687 3087 870 3167 divortiis
892 3095 931 3166 et
951 3087 1133 3194 repudiis
1154 3087 1411 3170 anathemate
1432 3111 1524 3194 pen-

367 3221 564 3320 »culerit3
584 3221 691 3329 quod
713 3221 908 3301 usitatam
930 3222 1086 3327 graecis
1108 3222 1417 3328 diremptionem
1436 3245 1524 3299 ma·

368 3353 690 3432 »trimoniorum
712 3353 852 3434 multis
883 3354 1015 3434 modis
1046 3355 1315 3454 damnaverit;
1340 3353 1447 3460 quod
1468 3353 1524 3430 ir·

366 3522 384 3561 a
404 3489 504 3568 ritas
526 3515 615 3568 csse
637 3488 801 3594 nuptias
821 3489 1043 3570 decreverit
1063 3515 1113 3568 ea
1126 3489 1356 3570 conditione
1379 3488 1516 3585 initaS,

366 3631 452 3702 »ut
482 3623 699 3729 aliquando
740 3623 1031 3723 dissolvantur3
1065 3624 1173 3730 quod
1210 3623 1376 3704 demum
1407 3619 1469 3698 vel
1500 3646 1525 3698 a

368 3789 385 3830 »
406 3757 538 3861 prima
558 3765 688 3836 aetate
710 3757 821 3863 leges
853 3757 1134 3864 imperatorias
1156 3757 1395 3864 repudiarit,
1419 3779 1524 3862 quae

367 3921 385 3962 >
407 3889 591 3968 divortiis
622 3898 662 3970 et
693 3890 873 3996 repudiis
905 3891 1129 3997 perniciose
1152 3890 1360 3970 lavissent.
1380 3887 1524 3966 -Pon-

361 4017 534 4134 >pineas
566 4049 661 4102 vcro
695 4023 864 4102 maximi
905 4025 1064 4131 quoties
1103 4025 1339 4104 restiterunt
1374 4019 1524 4128 princi-

367 4155 528 4262 »pibus
558 4156 868 4261 potentissimis
894 4157 1067 4238 divortia
1096 4181 1122 4234 a
1150 4183 1195 4236 se
1229 4156 1336 4236 facta
1365 4165 1410 4234 ut
1436 4161 1525 4234 rata

367 4286 612 4367 »Ecclesiae
634 4304 770 4370 essent
792 4289 1003 4370 minaciter
1023 4289 1271 4395 petentibus
1297 4289 1415 4369 toties
1435 4287 1524 4366 exi-

367 4419 597 4503 »stimandi
629 4433 725 4504 sunt
755 4450 836 4504 non
868 4424 987 4504 modo
1018 4450 1091 4530 pro
1123 4423 1401 4505 incolumitate
1431 4421 1524 4502 reli-
