3356 5118
337 393 408 458 320
638 409 908 456 ransnccrromrs
930 409 1024 456 sums
1047 410 1204 456 cartorum

339 539 469 620 hibita
491 565 572 619 non
596 537 672 618 luit
693 537 772 617 sub
790 564 922 644 poena
943 537 1398 638 excommunicationis
1419 551 1523 619 tunc

341 673 591 782 Episcopum
623 699 719 752 curn
740 671 801 751 sic
822 672 1007 752 ordinato
1030 671 1269 778 dispensare
1292 699 1413 779 posse
1434 681 1522 753 tra-

340 807 443 888 dunt
477 806 580 916 Cap.
617 807 704 886 let
734 809 766 887 2
796 803 837 884 h.
865 813 914 896 t.,
940 802 1128 916 Pirhing3
1155 803 1197 886 h.
1224 811 1272 897 t,
1291 807 1446 885 n.5et
1470 811 1517 906 7,

340 940 609 1022 Reiffenstuel
645 939 741 1022 eod.
787 941 851 1023 tit.
896 967 936 1018 u.
973 940 1043 1020 12.
1090 938 1132 1018 Si
1176 963 1271 1020 vero
1313 939 1522 1047 prohibita

341 1077 418 1157 fuit
449 1101 544 1158 cum
576 1073 1018 1172 excommunicatione,
1052 1079 1139 1153 tum
1183 1074 1332 1154 iterum
1373 1073 1521 1154 distin-

341 1211 549 1318 guendum
581 1217 663 1291 est:
695 1209 758 1288 vel
789 1209 849 1288 sic
880 1207 1091 1288 ordinatus
1123 1207 1246 1288 intrat
1276 1207 1317 1287 in
1353 1207 1521 1314 religio-

341 1370 451 1444 nem,
486 1344 547 1426 vel
581 1351 720 1424 manet
751 1343 792 1422 in
823 1339 1015 1441 saeculo;
1048 1337 1253 1447 siintrat,
1288 1347 1329 1420 et
1349 1339 1403 1420 ibi
1427 1339 1519 1420 lau-

341 1477 529 1559 dabiliter
561 1475 799 1583 aliquandiu
833 1473 957 1572 vivat,
992 1481 1091 1554 tunc
1122 1471 1359 1580 dispensare
1386 1481 1521 1581 potest
1657 1567 1658 1572 Ν

340 1610 587 1717 EpiscopuS,
621 1609 685 1690 vel
708 1610 853 1689 Abbas
875 1609 1006 1690 illius:
1029 1609 1063 1687 si
1088 1635 1184 1689 vero
1206 1617 1346 1690 menet
1363 1609 1403 1688 iu
1426 1635 1519 1690 sae-

341 1743 449 1842 cule,
483 1752 583 1826 tunc
612 1744 687 1823 soli
721 1743 911 1823 Romano
945 1741 1131 1822 Pontifici
1170 1742 1517 1851 dispensationem

342 1885 571 1984 competere
602 1875 890 1983 superallegati
923 1883 1061 1956 textus
1089 1877 1269 1977 tradunt,
1294 1877 1519 1960 dummodo

342 2009 535 2092 delictum
566 2035 647 2090 non
680 2008 803 2090 luerit
833 2009 1048 2092 occultum.
1085 2010 1176 2090 Hoc
1205 1989 1313 2091 enim
1346 2011 1386 2092 in
1417 2039 1520 2094 casu

341 2143 590 2253 Episcopum
613 2143 861 2252 vdispensare
894 2169 1014 2251 posse
1059 2143 1288 2226 luculenter
1333 2145 1520 2254 perbibet

343 2278 569 2360 Concilium
604 2279 891 2360 Tridentinum
924 2303 1021 2360 sess.
1057 2280 1135 2372 24,
1172 2306 1262 2390 cap.
1298 2287 1341 2361 6.

719 2667 956 2748 TITULUS
988 2665 1148 2747 XXXI.

409 2939 474 3018 Dc
504 2937 731 3018 excessibus
764 2937 1074 3028 Praelotorum,
1109 2945 1143 3014 et
1174 2935 1443 3015 subditorum.

401 3205 506 3287 Cum
537 3207 586 3288 B.
623 3208 901 3318 Raymundus
932 3208 981 3289 de
1012 3207 1138 3286 variis
1165 3203 1405 3287 excessibus
1437 3209 1521 3283 tam

343 3337 647 3440 Praelatorum,
683 3369 806 3450 quam
829 3341 1089 3422 subditorum
1112 3339 1357 3448 generaliter
1382 3337 1520 3417 hacte-

284 3455 287 3460 Δ
342 3499 421 3552 nus
452 3475 594 3580 egerit,
616 3476 886 3583 expediebat,
922 3483 966 3556 ut
996 3473 1227 3583 specialiter
1252 3479 1450 3553 tractaret
1471 3470 1522 3550 dc

342 3593 589 3688 excessibus
628 3611 913 3692 Praelatorum
945 3609 985 3689 in
1016 3608 1219 3708 subditos
1254 3616 1292 3688 et
1332 3605 1523 3686 subdito-

342 3763 433 3816 rum
476 3739 516 3818 in
562 3741 788 3825 Praelatos
822 3743 913 3824 Hac
948 3742 997 3823 de
1028 3768 1071 3823 re
1112 3768 1221 3822 nunc
1261 3745 1521 3849 praesentem

341 3871 508 3980 subjicit
537 3875 719 3958 titulum.

399 4007 557 4089 Verum
590 4011 626 4091 si
658 4013 708 4093 de
738 4011 913 4110 cunctiS,
947 4037 1052 4118 quae
1083 4011 1133 4090 ad
1166 4011 1270 4092 hanc
1310 4009 1520 4091 rubricam

341 4142 478 4222 reduci
513 4156 695 4251 possent,
721 4173 841 4254 agere
873 4146 1132 4246 deberemus,
1157 4145 1302 4227 titulus
1333 4144 1400 4226 hic
1431 4169 1522 4222 am·
1659 4189 1660 4212 2

341 4271 553 4378 plissimus
576 4279 695 4382 foret,
719 4308 766 4362 eo
789 4280 896 4388 quod
918 4278 1088 4386 quaevis
1119 4279 1393 4387 transgressio
1415 4274 1522 4384 legis

341 4429 367 4483 a
397 4403 603 4512 Praelato,
638 4415 700 4495 vel
741 4415 905 4496 subdito
946 4411 1055 4492 facta
1095 4437 1280 4495 excessus
1321 4409 1518 4508 Praelati,
