3388 5136
299 367 365 432 100
596 385 864 434 ruueauomonae
889 385 1163 435 Jua1scnnomcr

298 515 457 612 debeat,
494 521 534 594 et
564 516 643 594 sub
676 514 766 594 istis
802 514 939 593 verbis
981 513 1168 620 intelligi,
1212 522 1251 595 et
1292 542 1479 624 compre-

298 647 419 728 hendi
451 647 675 755 quemlibet
704 654 962 728 contractum
1006 673 1088 728 non
1129 649 1371 754 gratuitum,
1406 649 1479 730 sed

297 807 533 883 onerosum,
568 782 655 862 sive
693 779 1195 888 emptionis-venditionis
1240 783 1328 863 sive
1369 784 1477 864 loca-

296 917 743 1015 tionis-conductionis
777 915 863 996 sive
895 915 1230 1023 permutationis
1249 917 1337 996 sive
1369 925 1481 998 tran-

295 1049 507 1149 sactioniS,
532 1058 605 1130 aut
625 1056 883 1130 contractum
908 1049 1214 1129 innominatum
1239 1049 1306 1149 do,
1331 1057 1373 1129 ut
1389 1050 1475 1149 des3

175 1218 177 1225 ·
297 1181 364 1284 alo,
398 1191 442 1264 ut
462 1185 625 1292 facias,
661 1189 700 1262 et
730 1207 1036 1289 quamcumque
1079 1181 1206 1262 aliam
1248 1181 1478 1288 pactionem

298 1343 555 1426 expressam,
580 1316 643 1396 vel
664 1315 848 1415 tacitam,
874 1323 913 1395 et
935 1314 1160 1422 quamlibet
1181 1313 1474 1420 obligationem

298 1452 420 1533 dandi
451 1451 666 1559 spirituale
697 1477 771 1559 pro
803 1449 1035 1559 temporali,
1081 1458 1119 1530 et
1162 1450 1384 1532 viceversa.
1418 1453 1477 1531 lta

298 1594 436 1666 autem
469 1585 598 1693 accipi
631 1586 779 1667 debere
810 1584 1063 1668 vocabulum
1095 1585 1477 1691 emptionis-vendi·

297 1721 422 1802 tionis
452 1747 534 1800 non
565 1721 688 1801 modo
720 1719 847 1826 exigit
887 1719 990 1800 ratio
1022 1719 1231 1826 subjectae
1262 1721 1474 1817 materiae,

297 1854 525 1936 sedetiam
557 1855 651 1935 talis
683 1853 864 1960 acceptio
901 1853 941 1934 in
978 1851 1071 1960 jure
1113 1852 1321 1934 fundatur.
1366 1854 1476 1960 Lege

298 1991 408 2070 enim
440 1991 495 2070 29
527 1989 637 2070 flde
669 1996 780 2069 statu
822 1987 961 2068 liberis
1003 1987 1059 2066 ita
1099 1986 1271 2068 habetur
1302 2027 1352 2038 —
1382 1987 1476 2066 Lea

298 2123 510 2205 duodecim
540 2123 777 2204 tabularum
807 2123 1019 2234 emptionis
1052 2121 1169 2202 carbo
1196 2147 1350 2201 amnem
1371 2119 1475 2199 alia-

298 2261 503 2340 aatiauem
534 2259 744 2369 complecti
774 2257 948 2338 uidetur.
984 2256 1144 2336 Dicitur
1166 2263 1375 2362 praeterea
1394 2255 1476 2334 ali-

298 2391 398 2499 quid
426 2391 643 2500 spirituale
675 2391 726 2470 ad
757 2390 1037 2470 denotandum
1069 2416 1141 2496 per
1180 2388 1258 2468 hoc
1300 2386 1471 2468 verbum

298 2525 530 2634 spirituale,
556 2550 730 2631 proquo
762 2533 975 2630 tamquam
1007 2521 1192 2622 materia,
1233 2524 1306 2604 s'eu
1342 2547 1474 2602 merce

299 2661 420 2740 datur
449 2657 674 2766 temporale
706 2657 745 2736 vi
768 2656 982 2756 simoniae,
1009 2683 1089 2738 non
1113 2655 1283 2763 intelligi
1306 2681 1393 2736 rem
1415 2653 1477 2734 in-

298 2818 554 2899 corpoream,
588 2789 713 2871 veluti
746 2789 945 2896 Angelos
980 2791 1045 2871 vel
1077 2789 1259 2870 animam
1296 2789 1475 2868 rationa-

298 2924 395 3026 lem,
429 2927 500 3006 sed
532 2951 668 3026 omne,
703 2933 743 3005 et
762 2919 899 3005 solum
921 2923 1038 3024 illud,
1063 2924 1172 3031 quod
1193 2923 1328 3028 aliquo
1351 2923 1474 3001 modo

299 3059 612 3168 supernaturale
644 3067 719 3159 est,
753 3087 827 3140 seu
860 3059 911 3140 ad
953 3058 1156 3138 bonorum
1196 3055 1473 3164 spiritualium

299 3194 482 3275 ordinem
514 3193 703 3303 pertinet,
738 3201 777 3274 et
807 3194 858 3274 ad
890 3192 1147 3300 spiritualem
1180 3190 1342 3272 animae
1363 3191 1476 3272 salu·

298 3337 380 3410 tem
412 3356 465 3410 ex
496 3327 751 3410 institutione
782 3327 934 3425 divina,
972 3327 1035 3406 vel
1066 3326 1254 3407 humana
1285 3333 1346 3406 est
1368 3325 1478 3405 ordi-

299 3471 457 3546 natum.
493 3466 595 3570 Arg.
635 3465 739 3573 Cap.
774 3465 939 3572 gratiae
975 3467 997 3542 t
1032 3486 1122 3570 cap.
1158 3462 1230 3568 qui
1252 3458 1384 3540 studet
1418 3462 1476 3538 11

300 3623 410 3677 caus.
449 3601 491 3678 1.
526 3605 681 3703 quaest.
717 3599 762 3679 5.
799 3598 956 3677 Verum
979 3596 1029 3676 de
1050 3595 1128 3676 hoc
1149 3594 1321 3674 interius
1343 3617 1478 3674 sermo

300 3729 465 3812 redibit.

387 3865 565 3946 Additur
595 3871 734 3945 autem
765 3864 829 3944 vel
859 3863 1075 3976 spirituali
1104 3861 1314 3942 adneoeum
1345 3860 1396 3941 ad
1418 3859 1480 3938 in·

299 4003 512 4084 nuendum
543 4027 615 4108 per
645 3975 725 4080 ista
756 3999 881 4080 verba
912 3997 1097 4105 intelligi,
1128 4005 1167 4078 et
1187 3993 1477 4102 comprehendi

300 4161 363 4235 ea,
398 4161 520 4243 quac,
554 4134 647 4216 licet
677 4133 718 4213 in
748 4160 809 4233 se,
844 4143 884 4214 et
913 4131 1134 4214 intrinsece
1166 4156 1249 4212 non
1280 4129 1364 4209 sint
1393 4127 1478 4236 spi-

300 4265 480 4364 ritualia,
515 4269 567 4348 ad
600 4267 689 4373 ipsa
720 4277 857 4347 tamen
888 4267 1146 4368 ordinantur,
1181 4270 1474 4362 annectuntur,

301 4400 537 4500 adhaerent,
573 4407 693 4508 atque
726 4402 777 4482 ab
810 4401 890 4482 illis
921 4403 1164 4511 dependent.
1190 4378 1315 4508 ldque
1346 4394 1478 4504 tripli-
