3264 5146
289 425 333 488 22
578 435 871 488 raannucrrouss
893 435 987 486 runis
1011 434 1180 487 canorum

295 565 432 674 quoad
453 591 543 677 cop.
569 568 587 644 l
611 591 708 646 sesa
734 569 790 645 24
810 565 859 644 ole
881 565 1052 674 reform.
1077 566 1259 646 matrim.
1285 573 1347 646 est
1367 592 1466 673 pro·

296 699 545 806 mulgetum,
569 699 703 806 prima
721 698 931 806 sponsalia
961 697 1094 779 adbuc
1111 698 1273 804 'integra
1292 699 1461 780 dissolvi

297 860 370 942 per
400 833 528 915 altera
546 834 771 943 sponsalia,
796 835 831 914 si
854 833 1002 941 copula
1027 833 1203 914 carnalis
1225 834 1266 912 in
1288 833 1378 914 istis
1398 834 1464 912 in·

296 967 544 1068 tarcesserit;
577 993 676 1048 nam
706 981 804 1048 tunc
834 993 885 1047 ex
925 967 1202 1073 subsequente
1241 967 1390 1075 copula
1419 967 1461 1047 in

299 1097 386 1180 foro
403 1109 571 1182 externo
593 1101 902 1183 matrimonium
919 1109 1111 1180 censetur
1130 1101 1220 1208 ipso
1242 1100 1348 1186 facto
1363 1127 1462 1182 con-

299 1241 478 1314 tractum
509 1260 558 1314 ac
587 1235 725 1314 animo
751 1233 991 1341 perfectum,
1015 1233 1050 1314 si
1073 1233 1281 1341 sponsalia
1311 1233 1461 1314 fuerint

299 1366 449 1467 valida,
484 1370 593 1475 quod
624 1368 666 1448 in
697 1395 797 1448 casu
827 1394 910 1448 non
941 1367 1185 1448 verificatur.
1218 1412 1230 1426 ·
1269 1375 1316 1468 (γ)
1347 1367 1461 1448 Haec

300 1507 439 1581 autem
470 1501 749 1609 praesumptio
770 1501 846 1583 elsi
866 1501 1044 1609 sitjoris
1065 1509 1102 1580 61
1123 1499 1296 1607 dejure,
1319 1508 1360 1582 61
1379 1527 1460 1582 non

302 1634 490 1716 admittat
519 1635 780 1742 probationes
810 1635 853 1714 in
882 1635 1150 1733 contrarium,
1175 1631 1368 1742 applicari
1391 1659 1463 1715 ne-

298 1751 504 1872 quit‘foro
534 1767 823 1869 conscientiae;
846 1767 1029 1874 adeoque
1058 1764 1213 1846 homini
1241 1766 1282 1845 in
1302 1765 1462 1846 confes·

298 1899 414 1980 sione
444 1900 657 1999 asserenti,
684 1927 729 1982 se
749 1909 843 2009 post
861 1891 1070 2008 sponsalia
1089 1899 1139 1979 da
1167 1902 1304 1982 futuro
1325 1899 1461 1979 valida

296 2033 488 2141 copulam
519 2061 614 2115 cum
644 2061 798 2142 sponsa
827 2034 1021 2115 habuisse
1051 2033 1188 2114 animo
1225 2032 1456 2131 fornicario,

296 2191 379 2245 non
410 2175 520 2247 esset
549 2167 790 2274 deneganda
827 2165 1000 2248 facultas
1030 2167 1081 2247 ad
1112 2167 1194 2246 alia
1224 2173 1319 2247 vota
1348 2173 1459 2247 tran·

292 2298 460 2400 seundi;
484 2299 608 2380 unda·
619 2299 840 2407 aliquando
860 2297 958 2378 oriri
979 2306 1113 2406 potest
1133 2297 1334 2407 oppositio
1355 2297 1460 2378 inter

299 2431 547 2514 decisionem
579 2433 666 2514 lori.
686 2432 858 2530 externi,
885 2439 925 2512 61
947 2431 1021 2512 fori
1042 2432 1314 2513 conscientiae
1335 2431 1458 2512 relata

296 2564 351 2643 ad
381 2565 483 2646 haec
513 2567 706 2674 conjugia
735 2567 778 2646 in
808 2564 924 2666 lociS,
950 2565 1020 2646 ubi
1051 2591 1102 2644 ex
1133 2591 1214 2646 non
1245 2566 1352 2646 facta
1382 2592 1460 2672 pu·

300 2698 517 2780 blicalione
533 2701 573 2781 d.
589 2699 745 2809 Capitis
761 2699 929 2780 Concilii
945 2698 1171 2779 Tridentini
1188 2698 1322 2780 adhuc
1336 2698 1460 2780 habet

299 2833 435 2912 locum
451 2833 760 2915 matrimonium
775 2842 1102 2941 praesumptum.
1122 2835 1207 2914 lmo
1222 2859 1298 2914 nec
1313 2833 1356 2912 in
1373 2832 1460 2914 foro

300 2971 470 3046 externo
502 2967 609 3048 valet
629 2967 751 3074 juxta
772 2966 991 3047 nonnullos
1013 2975 1202 3048 auctores
1221 2964 1323 3047 hacc
1343 2989 1461 3072 prac-

299 3100 496 3207 sumptio,
520 3101 556 3180 si
577 3101 827 3182 contrarium
850 3099 1052 3180 ccidentcr
1071 3107 1243 3200 constet,
1266 3125 1363 3180 cum
1378 3124 1460 3179 non
1595 3133 1598 3140 ⁴

298 3243 545 3317 censeantur
570 3231 854 3343 comprehensi
876 3233 933 3313 illi
956 3261 1094 3334 casuS,
1118 3235 1168 3314 de
1189 3234 1340 3341 quibus
1361 3259 1459 3314 con-

300 3367 473 3448 trarium
503 3368 712 3448 evidenter
741 3375 913 3466 constat,
942 3375 1063 3474 prout
1087 3375 1225 3448 censet
1250 3363 1460 3446 Schmalz-

296 3501 475 3606 grueber
505 3502 555 3582 de
574 3501 801 3612 desponsat.
838 3501 986 3612 improb.
1021 3500 1146 3581 num⁰.
1176 3503 1242 3582 12.
1266 3500 1332 3579 Ad
1352 3497 1460 3604 quod

295 3641 406 3717 recte
435 3633 760 3740 intelligendum,
784 3635 999 3715 referimus
1020 3633 1085 3714 hic
1116 3659 1167 3714 ex
1193 3630 1461 3714 Instructione

299 3765 366 3848 die
392 3767 442 3847 17
463 3765 646 3846 lanuarii
671 3768 775 3847 1821
797 3767 881 3848 aS.
902 3765 1227 3874 congregatione
1242 3764 1292 3845 de
1307 3763 1463 3870 Propa-

297 3901 436 4007 ganda
450 3893 550 3980 Fida
567 3902 664 3982 data
678 3901 893 4008 Episcopis
909 3908 948 3982 61
963 3901 1140 3982 Vicariis
1155 3884 1404 4006 Apostolicis
1420 3896 1462 3976 in

297 4033 473 4140 Imperio
495 4034 690 4115 Sinarum
721 4033 1029 4141 responsionem
1060 4033 1111 4113 ad
1138 4033 1219 4113 duo
1240 4031 1378 4112 Dubia
1397 4055 1464 4110 se·

294 4166 464 4272 quantis
484 4165 652 4247 tenoris.
681 4166 761 4246 «S.
781 4165 1052 4272 Congregatio
1073 4163 1281 4274 respondit
1299 4163 1356 4244 od
1368 4163 1464 4273 pri·

306 4325 467 4380 »mum
501 4299 547 4379 Si
578 4300 620 4379 in
650 4298 845 4408 praelatis
879 4297 1128 4405 regionibus,
1175 4297 1245 4378 ubi
1276 4296 1462 4406 publica·

308 4443 436 4514 >tum
467 4457 550 4512 non
581 4431 658 4512 fuit
688 4433 896 4514 decretum
927 4431 971 4512 S.
1007 4429 1176 4512 Concilii
1215 4428 1459 4530 Tridentini,
