3178 5134
322 391 391 458 218
614 399 906 454 rmnnucrrouns
928 404 1022 454 mnis
1046 399 1215 453 canorum

333 534 499 646 ptantis,
519 538 641 640 atque
656 531 762 612 inter
782 533 1044 640 adoptantem
1065 537 1105 612 et
1121 554 1291 612 uxorem
1312 532 1479 650 adoptati

333 669 484 779 pariter
512 671 724 775 perpetuo,
759 664 875 758 Quae
909 663 1102 771 conjugia
1141 662 1368 772 improbata
1395 677 1483 746 sunt

334 815 498 912 propter
528 798 726 907 pudorem
757 805 797 879 et
826 797 1033 906 publicam
1066 796 1337 898 honestatem,
1362 807 1406 879 ut
1433 799 1486 878 lo-

329 936 474 1044 quitur
488 932 747 1014 Modestinus
763 933 806 1012 in
823 933 898 1041 lep.
915 935 965 1012 12
982 930 1125 1041 dipest.
1145 931 1194 1012 de
1211 934 1294 1012 ritu
1310 935 1481 1043 nuptior.

332 1070 451 1149 Hanc
465 1074 575 1148 recte
590 1068 856 1148 constitutam
877 1065 1135 1173 disciplinam
1155 1065 1308 1173 optime
1329 1093 1486 1175 respon-

329 1202 495 1284 dentem
526 1199 729 1282 honestati
761 1201 1011 1283 familiarum
1032 1206 1072 1280 et
1092 1199 1268 1307 publicis
1288 1201 1486 1283 societatis

332 1336 519 1418 moribus
548 1335 733 1416 Ecclesia
761 1334 988 1443 pervadens
1014 1333 1233 1441 Imperium
1260 1335 1484 1415 Romanum

332 1495 414 1550 non
446 1463 663 1568 destruxit,
688 1467 791 1548 bane
812 1493 908 1548 vero
938 1468 1118 1549 servavit
1138 1473 1177 1546 et
1198 1466 1239 1546 in
1269 1473 1401 1549 totum
1429 1493 1486 1547 re-

330 1602 542 1684 tinendam
584 1601 756 1682 curavit.
791 1601 966 1708 Exque
1007 1599 1192 1706 contigit,
1227 1609 1272 1682 ut
1307 1602 1486 1708 cognatio

333 1735 478 1844 legalis
507 1734 698 1815 evaderet
727 1733 971 1815 canonicum
993 1733 1346 1841 impedimentum.
1370 1737 1412 1814 ln
1433 1759 1488 1813 re·

331 1869 511 1951 tinendis
540 1875 679 1949 autem
709 1866 787 1949 hac
816 1894 941 2080 super
971 1893 1014 1948 re
1045 1867 1148 1974 legis
1169 1867 1300 1948 civilis
1327 1867 1489 1976 disposi-

333 2001 518 2084 tionibus
548 2001 649 2082 adeo
669 2027 714 2080 se
735 1999 918 2108 praestiti
908 1998 1233 2106 't'obsequeus
1218 2029 1289 2108 Jus
1311 2001 1491 2082 ecclesia-

331 2137 552 2236 sticum,u
526 2133 834 2216 utNicolausl
866 2133 947 2244 Ep.
983 2133 1039 2214 ud
1069 2135 1207 2216 consul
1208 2145 1251 2214 ta
1272 2135 1487 2244 Balpcror.

334 2297 427 2379 cop.
448 2267 877 2349 2rcluaaGra1ano
894 2293 1043 2348 incon
1064 2269 1213 2348 leons.
1232 2272 1285 2350 30
1302 2270 1491 2376 quacst3
1561 2291 1562 2400 3

337 2401 587 2482 cononandus
608 2425 801 2479 romanas
832 2399 943 2506 leges
972 2427 1055 2512 easx
1075 2401 1350 2484 nominaverit
1374 2409 1412 2482 et
1431 2401 1492 2480 ob·

331 2531 572 2613 seruandus.
598 2531 718 2624 Quod
734 2531 805 2636 jus
835 2531 961 2612 semel
991 2532 1033 2612 in
1064 2533 1287 2616 christiana
1306 2535 1490 2618 societate

339 2665 617 2747 introductum
633 2662 768 2743 nullas
785 2662 1089 2746 vicissitudines
1105 2693 1276 2774 passum
1296 2677 1374 2750 est.
1394 2667 1493 2747 Tan-

336 2798 552 2880 tummodo
574 2797 677 2878 inter
696 2798 898 2876 Auctores
924 2801 1212 2904 quaerebatur:
1238 2829 1291 2882 an
1311 2799 1491 2909 cognatio

338 2930 485 3040 legalis
506 2937 744 3012 nasceretur
764 2945 848 3009 tam
870 2957 920 3011 ex
943 2933 1160 3040 adoptione
1181 2935 1357 3044 simplici
1379 2957 1492 3042 quam

337 3093 392 3146 cx
424 3063 703 3171 adrogatione.
737 3061 782 3141 ln
823 3089 905 3171 qua
944 3066 1181 3172 quaestione
1212 3095 1288 3175 ego
1319 3076 1495 3175 putarem
1560 3107 1561 3188 3

341 3206 399 3278 a
428 3195 717 3278 rationabilius
748 3221 839 3275 esse
869 3203 961 3277 sent
945 3196 1128 3278 tiendum
1133 3201 1324 3306 ,tquod
1308 3209 1410 3283 teste
1434 3197 1497 3278 Gi-

341 3331 442 3413 raldi
474 3340 713 3478 opctpur.
740 3331 807 3410 cit.
831 3329 1036 3410 sectll3
1063 3341 1337 3414 communior
1367 3361 1392 3414 a
1419 3333 1493 3411 Do·

338 3462 769 3562 otoribustretinetur,
794 3487 939 3569 nempe
960 3463 1058 3542 oriri
1079 3463 1417 3572 impedimentum
1436 3488 1496 3544 co·

340 3596 548 3702 gnationis
578 3595 723 3700 legalis
753 3603 838 3676 tam
859 3622 911 3674 ex
932 3596 1110 3702 perlecta
1140 3625 1263 3706 quam
1286 3627 1337 3680 ex
1359 3601 1496 3706 imper·

343 3729 448 3808 lecta
487 3727 718 3835 adoptione,
762 3754 857 3808 cum
897 3755 1075 3810 canones
1116 3758 1208 3812 eam
1248 3733 1496 3815 admittentes

343 3861 575 3943 indistincte
606 3861 840 3968 loquantur,
865 3873 904 3944 et
924 3864 1134 3947 vinculum
1167 3867 1420 3972 cognationis
1447 3864 1498 3942 le-

342 3992 488 4099 galis
473 4019 560 4100 Jam
590 3993 813 4100 legibuset
798 3995 1019 4077 mtoribus
1048 3998 1231 4078 romanis
1264 3997 1386 4105 longe
1415 4001 1497 4076 ante

339 4125 447 4207 Just
421 4126 623 4208 rtnianum
654 4127 795 4208 induet
780 4135 866 4209 tum
889 4155 938 4208 ex
965 4157 991 4208 u
995 4137 1138 4239 rtaque
1169 4132 1384 4240 adoptione
1414 4152 1560 4238 pro·
1559 4139 1560 4150 ‘

340 4258 492 4339 cedens
522 4286 569 4339 eo
605 4261 726 4342 modo
766 4265 1086 4370 perseveraverit
1126 4267 1248 4346 etiam
1290 4293 1365 4375 pos
1366 4274 1495 4372 tquam

344 4393 432 4499 ipse
463 4394 537 4504 lep.
565 4394 722 4504 penult.
693 4395 900 4478 tCodr'c.
936 4397 985 4478 de
1013 4398 1299 4510 adoptioneet
1329 4397 1498 4502 §eln-
