3136 5138
321 423 385 486 174
610 435 901 486 raannncnonns
924 436 1017 486 scats
1040 436 1208 488 canonici

327 565 465 645 lavore
497 563 730 644 Sacerdotis
761 563 879 644 Pauli
902 563 1017 673 Papp
1044 564 1252 646 Dioecesis
1273 563 1475 646 Rumenee

329 699 472 804 Magni
494 697 692 778 Varadini
714 697 867 780 directa
887 699 937 779 ad
959 699 1296 805 legitimationem
1322 700 1476 781 secundi

329 829 577 912 matrimonii
610 831 661 910 ab
692 831 781 939 ipso
812 832 996 912 attentati
1036 857 1131 912 cum
1168 832 1338 913 muliere
1367 832 1478 913 vidua

326 964 496 1044 alterius
517 964 766 1064 Sacerdotis
790 965 945 1044 editum
966 972 1028 1045 est
1044 991 1288 1071 responsum
1311 992 1336 1045 a
1355 965 1398 1045 S.
1418 965 1480 1044 Ot-

328 1098 444 1178 ficio:
480 1099 610 1178 Feriu
640 1099 708 1178 IV
733 1097 799 1176 dic
828 1100 884 1177 22
924 1099 1157 1178 Decembris
1194 1100 1327 1180 1875:
1374 1099 1480 1178 ‹At-

325 1231 449 1314 tentis
480 1231 757 1339 peculiaribus
796 1231 890 1312 facti
932 1232 1136 1340 adjunctis
1176 1232 1480 1342 supplicandum

327 1345 597 1446 Sanctissimo
629 1389 701 1472 pro
732 1365 865 1471 gratia
905 1364 1224 1472 dispensationis
1262 1391 1387 1473 super
1415 1365 1482 1444 im-

328 1499 559 1606 pedimento
591 1499 747 1580 ordinis
777 1525 825 1579 ac
856 1499 1051 1605 bigamia,
1089 1508 1134 1580 ut
1165 1499 1317 1580 Orator
1336 1497 1481 1578 Paulus

329 1632 459 1740 Papp,
492 1633 659 1740 praevia
688 1633 923 1723 reductione
945 1632 1034 1738 ejus
1055 1633 1107 1712 ad
1129 1641 1286 1714 statum
1308 1631 1481 1713 laicalem

328 1765 370 1845 in
401 1775 659 1874 perpetuum,
694 1775 733 1847 et
762 1767 958 1873 gravibus
989 1793 1036 1847 ac
1066 1766 1323 1846 salutaribus
1365 1765 1482 1870 impo-

325 1899 417 1980 sitis
449 1898 707 2006 poenitentiis
728 1900 1037 1980 matrimonium
1053 1899 1232 2006 legitime
1253 1885 1481 1980 contrahere

330 2033 462 2113 valeat
483 2065 519 2115 s,
555 2033 606 2114 Et
637 2034 678 2112 in
708 2033 931 2114 Audientia
962 2031 1222 2134 Sanctissimi
1253 2033 1399 2113 eodem
1425 2025 1481 2108 die

326 2165 468 2246 habita
501 2165 837 2247 ‹Sanctissimus
869 2167 1043 2272 benigne
1074 2166 1219 2246 annuit
1250 2191 1326 2272 pro
1359 2160 1482 2271 'gratia

333 2331 352 2373 >
372 2299 690 2406 dispensationis
716 2299 837 2407 juxta
865 2299 1062 2382 Emorum
1082 2299 1255 2380 Petrum
1275 2295 1479 2407 suffragia,

332 2467 350 2504 »
371 2459 476 2540 quae
507 2433 733 2515 confirmat.
758 2466 777 2509 ›

443 2566 505 2647 4⁰
535 2567 599 2646 Ex
631 2593 712 2676 quo
742 2567 812 2648 vix
844 2577 906 2650 est
936 2568 1043 2676 quod
1075 2567 1195 2648 hodie
1216 2568 1349 2675 possit
1369 2561 1483 2645 susti-

328 2701 414 2780 neri
455 2701 657 2782 sententia
696 2702 860 2784 illorum
900 2702 1140 2802 Doctorum,
1183 2700 1253 2809 qui
1301 2701 1483 2782 tenebant

328 2833 590 2915 matrimonia
611 2861 854 2941 graecorum
876 2835 976 2916 inita
997 2843 1157 2942 recepto
1183 2833 1327 2915 ordine
1348 2828 1480 2938 majori

327 2968 456 3048 fuisse
477 2970 642 3077 quidem
663 2971 803 3052 illicita
822 2979 862 3051 et
882 2971 1111 3076 reprobata,
1139 2995 1244 3076 quae
1265 2995 1342 3077 pro
1363 2988 1483 3076 poena

225 3204 232 3219 Ι
327 3101 525 3184 haberent
554 3103 820 3210 dejectionem
851 3103 986 3184 clerici
1007 3104 1176 3211 majoris
1198 3129 1223 3182 a
1243 3102 1435 3183 clericatu
1451 3104 1483 3176 et

327 3235 587 3342 rejectionem
617 3235 658 3314 in
689 3236 1020 3318 communionem
1051 3235 1216 3335 laicam,
1251 3235 1326 3314 sed
1357 3237 1484 3314 tamen

255 3448 257 3458 ,
326 3394 410 3447 non
431 3367 558 3449 luisse
580 3368 774 3470 invalida,
794 3372 976 3477 exceptis
992 3367 1266 3450 matrimoniis
1284 3362 1484 3449 attentatis

326 3527 351 3579 a
381 3502 648 3583 subdiaconis
677 3503 972 3611 italo-graecis,
1007 3503 1056 3584 de
1096 3503 1266 3610 quibus·
1290 3501 1483 3581 habemus

326 3634 660 3716 constitutionem
699 3637 919 3745 specialem
959 3637 1170 3720 Benedicti
1211 3637 1326 3718 XIV:
1367 3630 1483 3714 «Etsi

327 3769 592 3849 pastoralis>
627 3776 652 3872 ἓ
689 3773 773 3853 VII
798 3801 907 3854 num.
932 3773 988 3856 27
1010 3771 1093 3852 utet
1113 3773 1167 3851 26
1189 3772 1302 3879 Muji
1326 3769 1447 3851 1742.
1469 3809 1486 3824 ·

324 3903 369 3982 In
400 3901 492 3982 aliis
522 3903 652 3985 titulis
683 3906 780 3986 libri
809 3909 835 3986 I
860 3915 896 3988 et
927 3907 996 3987 III
1006 3906 1094 4014 jam
1115 3905 1228 3985 visae
1249 3911 1349 3985 sunt
1370 3925 1487 4012 quae·

327 4033 484 4117 stiones
501 4064 554 4118 an
575 4039 627 4118 ad
647 4039 895 4122 coelibatum
915 4041 1166 4122 servandum
1188 4046 1405 4120 teneantur
1424 4032 1484 4140 qui

326 4169 491 4249 ordines
521 4169 697 4278 majores
728 4181 999 4281 susceperunt
1041 4172 1083 4250 in
1124 4171 1300 4253 infantili
1341 4177 1482 4264 aetate,

328 4301 392 4383 vel
422 4304 492 4411 qui
523 4305 707 4386 ordinem
738 4307 936 4414 majorem
958 4315 1199 4413 receperunt
1218 4309 1291 4387 aut
1311 4303 1351 4382 vi
1372 4303 1487 4384 abso·

326 4435 427 4538 luta,
461 4449 533 4522 aut
563 4467 614 4520 ex
646 4448 757 4522 metu
788 4440 904 4548 gravi
936 4441 1086 4549 injuste
1117 4440 1300 4522 incusso.
1329 4435 1485 4517 -Sicut
