3178 5134
455 403 564 454 claun
586 402 631 452 ιν.
657 420 676 436 -
699 403 838 455 rinctus
861 404 919 455 xu.
1213 392 1283 456 219

118 529 235 608 stitut.
270 527 319 607 dc
348 527 564 639 adoptione
589 530 759 636 jusserit
780 531 822 610 in
844 531 1061 638 adoptione
1091 531 1270 613 filiorum

119 659 282 743 familias
304 663 412 743 lacta
431 690 457 743 a
477 674 592 771 patre
621 664 798 745 naturali
830 675 1048 745 extraneae
1070 691 1275 772 personae

112 797 194 900 jura
223 797 351 904 patris
388 797 588 878 naturalis
622 799 791 879 minime
830 799 1013 898 dissolvi,
1047 826 1123 881 nec
1152 800 1270 908 quid-

116 957 227 1038 quam
257 933 308 1012 ad
339 941 497 1039 patrem
528 933 766 1041 adoptivum
797 933 986 1033 transire,
1019 959 1094 1014 nec
1123 933 1164 1013 in
1195 961 1273 1041 po·

115 1071 291 1166 testatem
322 1066 412 1172 ejus
441 1067 547 1148 filios
578 1094 683 1148 esse.
720 1067 909 1175 Namque
939 1067 1014 1148 etsi
1046 1067 1267 1149 discrimen

115 1197 200 1279 illud
221 1201 451 1282 maximum
469 1203 730 1309 apposuisset
745 1201 1003 1282 lastinianus
1020 1201 1124 1280 inter
1145 1201 1265 1280 adro-

114 1331 306 1435 gationem
347 1343 387 1414 et
427 1335 565 1415 minus
604 1334 767 1442 plenam
808 1333 1084 1441 adoptionem3
1126 1357 1269 1414 mores

113 1481 235 1547 tamen
274 1468 415 1574 populi
455 1468 633 1580 romani
656 1467 779 1547 iidem
819 1475 1073 1567 manserunt,
1107 1475 1147 1547 et
1180 1494 1265 1551 non

113 1599 234 1680 minus
274 1601 498 1707 adrogatus
538 1601 603 1680 sui
639 1600 760 1707 juria,
794 1626 918 1708 quam
961 1599 1042 1700 ille,
1076 1601 1265 1708 quierat

112 1732 213 1814 alieni
236 1733 345 1840 juris
367 1761 392 1812 a
412 1743 526 1842 patre
547 1733 723 1815 naturali
746 1734 868 1814 datus
888 1741 1079 1813 extraneo
1101 1733 1141 1813 in
1164 1735 1263 1816 ado·

112 1866 271 1970 ptionem
290 1867 518 1976 simplicem
534 1867 841 1974 ingrediebatur
856 1867 898 1946 in
916 1866 1112 1948 familiam
1130 1865 1265 1974 patris

110 1999 288 2108 adoptivi3
323 2001 388 2082 illa
419 2002 583 2110 quidem
602 2003 703 2109 jure
733 2011 773 2082 et
793 2003 931 2112 facto,
956 2000 1022 2082 hic
1052 2009 1191 2081 autem
1221 2001 1255 2080 si

110 2157 175 2210 non
202 2134 305 2239 jure
333 2133 479 2215 saltem
510 2136 559 2215 de
588 2136 710 2244 facto
743 2132 1049 2240 ingrediebatur
1087 2134 1260 2214 domum

108 2267 216 2369 patris
247 2268 445 2376 adoptivi,
479 2267 615 2375 ibique
646 2295 759 2349 more
788 2267 966 2348 filiorum
999 2265 1175 2346 familias
1196 2265 1262 2344 vi-

108 2401 222 2484 vebat.
248 2403 369 2485 Unde
400 2405 598 2510 estquod
629 2403 671 2483 in
702 2409 876 2509 utroque
907 2429 1005 2482 casu
1026 2400 1263 2482 habebatur

25 2523 26 2530 ‘
106 2535 193 2616 ratio
220 2537 413 2646 publicae
442 2537 684 2637 honestatis,
708 2536 883 2617 tuendae
915 2535 1127 2615 familiaris
1158 2561 1256 2615 conu

104 2667 279 2750 tinentiae
312 2680 432 2777 atque
462 2669 734 2751 eliminandae
765 2667 1060 2768 fornicationis
1094 2676 1253 2747 utnon

104 2799 222 2883 minus
252 2805 451 2910 adrogato
481 2831 605 2913 quam
635 2802 874 2911 simpliciter
905 2802 1097 2907 adoptato
1128 2801 1255 2881 inter·

104 2933 314 3019 dicerentur
343 2938 549 3018 connubia
579 2938 620 3017 in
643 2937 813 3036 lamilia,
838 2935 880 3015 in
901 2961 983 3041 qua
1003 2941 1049 3014 ut
1069 2933 1140 3013 filii
1164 2935 1258 3016 lue--

105 3076 180 3150 rant
196 3071 363 3178 recepti.
384 3071 437 3151 Et
456 3069 550 3152 hinc
571 3070 826 3177 explicamus
848 3067 1052 3177 quomodo
1074 3091 1256 3146 canones

104 3228 209 3309 supra
237 3203 454 3284 memorati
486 3230 567 3285 non
599 3205 855 3311 distinguant
885 3203 989 3283 inter
1018 3199 1251 3307 adrogatio·

104 3359 179 3416 uem
206 3348 246 3420 et
276 3338 416 3418 minus
446 3338 609 3446 plenam
640 3323 900 3445 adoptionem
932 3335 1066 3442 quoad
1097 3359 1250 3440 cogna-

104 3469 234 3553 tionem
266 3473 455 3580 legalem.

196 3611 255 3689 2.⁰
286 3607 444 3688 Verum
475 3606 712 3714 supradicta
742 3603 900 3711 questio
931 3601 1051 3681 hodie
1082 3609 1246 3681 nonest

98 3741 270 3843 practica3
304 3766 400 3821 nam
432 3741 593 3821 diversa
628 3740 773 3846 Regna
813 3747 852 3818 et
892 3735 1091 3815 Nationes
1131 3759 1243 3814 rece·

99 3866 218 3951 dentes
248 3873 392 3980 ajuro
422 3873 629 3953 communi
670 3869 953 3951 Romanorum
991 3893 1072 3946 non
1115 3891 1250 3971 agno--

97 4017 196 4086 scunt
226 4006 335 4087 hanc
356 4006 559 4114 duplicem
579 4005 603 4084 J
607 4003 862 4085 ustinianeae
884 3999 1240 4107 Jurisprudentiae

97 4133 349 4244 adoptionem,
382 4139 454 4218 sed
495 4145 566 4219 aut
605 4162 775 4243 prorsus
816 4134 858 4212 in
898 4133 987 4212 suis
1027 4129 1239 4211 codicibus

96 4265 332 4376 adoptionem
372 4271 642 4369 sustulerunt,
684 4267 748 4347 vel
789 4266 825 4346 si
868 4265 1128 4373 adoptionem
1169 4262 1249 4342 ad·

98 4399 243 4486 mittunt
273 4431 364 4486 eam
396 4405 558 4485 unicam
590 4409 630 4483 et
659 4427 920 4482 communem
951 4403 1115 4480 servant
1150 4403 1238 4475 tum
