3380 5132
338 438 388 504 20
644 452 914 500 ranmaomomrs
937 451 1030 498 sums
1052 449 1210 498 caucium

269 591 271 598 ⁴
344 581 535 664 falsitatis
565 578 853 660 convincendi:
887 603 1055 676 annam,
1079 586 1119 657 et
1139 599 1315 656 mensem
1336 575 1388 656 ob
1411 601 1516 658 eam·

345 716 438 796 dem
468 713 668 795 rationem
699 738 796 793 mox
819 710 1051 818 expositam
1073 709 1209 818 quoad
1231 709 1384 791 locum.
1406 711 1522 806 Quae

346 847 488 930 omnia
517 843 915 956 praeterquamquod
947 842 1035 950 lega
1066 842 1242 924 naturali
1274 844 1517 946 suadentur,

347 989 537 1064 constant
566 980 689 1062 etiam
706 1004 900 1088 expresse
916 1003 966 1059 ex
990 977 1074 1088 lepe
1088 977 1340 1058 Libelloranc
1356 983 1386 1058 3
1392 979 1451 1084 ff.
1473 979 1524 1059 dc

344 1125 524 1198 accusat.
546 1115 589 1196 in
613 1115 698 1196 foro
719 1113 1008 1196 Ecclesiastico
1040 1118 1216 1220 recepta.
1237 1110 1357 1204 Quod
1378 1112 1412 1192 si
1437 1139 1523 1192 una

342 1275 396 1330 ex
437 1249 676 1332 memoralis
721 1247 1043 1330 circumstantiis
1088 1245 1317 1346 omittatur,
1356 1246 1521 1328 libellus

342 1409 422 1463 non
454 1391 517 1464 est
546 1382 622 1464 rite
653 1382 871 1483 formatuS,
905 1381 1077 1490 ideoque
1098 1388 1311 1488 tamquam
1344 1381 1518 1462 vitiosus

341 1543 393 1596 ex
424 1515 559 1597 officio
591 1516 701 1623 rejici
733 1517 851 1598 debet
882 1517 932 1596 ad
965 1515 1114 1598 tradita
1144 1540 1217 1622 per
1247 1513 1520 1598 Reiffenstucl

341 1650 384 1730 n.
420 1657 449 1730 t.
484 1677 524 1730 n.
562 1653 607 1731 8.

429 1782 580 1878 Quaeri
627 1781 694 1864 hic
739 1781 849 1865 haud
896 1783 1147 1890 ineleganter
1192 1789 1346 1891 potest,
1380 1789 1519 1865 utrum

341 1926 504 2024 praeter
533 1916 663 1998 dictas
693 1917 1025 1999 circumstantias
1055 1918 1204 2025 apponi
1246 1917 1370 1998 etiam
1402 1917 1443 1996 in
1473 1917 1522 1998 li-

342 2049 449 2131 bello
480 2057 666 2157 oporteat
695 2049 803 2130 diem
829 2051 993 2161 patrati
1022 2047 1177 2150 delicti,
1202 2075 1277 2130 nec
1307 2075 1388 2130 non
1410 2047 1520 2130 diem

328 2186 483 2292 factae
512 2183 799 2284 accusationis,
834 2193 872 2266 et
902 2185 1200 2268 determinatae
1227 2209 1380 2294 poenae
1410 2183 1521 2293 peti-

338 2320 521 2398 tionem?
553 2317 663 2398 Huic
693 2316 1003 2426 interrogationi
1036 2317 1256 2425 respondet
1295 2316 1422 2398 citata
1451 2315 1519 2397 lex

341 2450 572 2533 libellorum
603 2460 632 2536 3
654 2457 713 2563 ff.
759 2451 809 2532 cle
848 2460 1029 2534 accusat.
1065 2451 1350 2561 praescribens
1391 2451 1515 2553 diem,

342 2583 546 2666 ethoram
576 2588 724 2696 patrati
748 2585 932 2668 criminis
954 2585 1186 2668 necessario
1208 2584 1518 2694 exprimendam

342 2746 423 2802 non
454 2747 561 2822 esse,
594 2723 666 2804 scd
698 2719 951 2804 accusatoris
982 2719 1151 2802 arbitrio
1191 2719 1516 2828 relinquendam,

339 2861 384 2933 at
414 2854 522 2935 diem
555 2853 687 2939 sactae
708 2853 986 2938 accusationis
1020 2854 1264 2954 necessario,
1291 2864 1331 2936 et
1351 2856 1519 2938 omnino

342 2985 666 3095 exprimendam.
703 2991 854 3073 Utrum
902 2997 1041 3070 autem
1089 2987 1316 3070 formalitas
1357 2989 1437 3072 ista
1466 2990 1521 3071 sit

342 3122 392 3202 de
423 3121 659 3206 substantia
688 3122 965 3206 accusationis
985 3151 1069 3205 non
1091 3123 1339 3204 concordant
1369 3123 1520 3206 Docto-

344 3283 425 3336 res.
459 3255 519 3338 lta
554 3256 984 3365 Schmalzgrueberh.
1006 3265 1034 3340 t.
1055 3286 1096 3340 n.
1121 3263 1199 3342 29.
1234 3257 1379 3351 Quoad
1422 3283 1519 3340 vero

337 3391 633 3474 determinatae
648 3418 803 3501 poenae
824 3391 1075 3500 petitionem,
1092 3419 1167 3473 seu
1191 3391 1515 3495 conclusionem,

337 3524 490 3605 citatus
521 3533 666 3608 auctor
694 3527 763 3606 cit.
799 3525 874 3606 loc.
901 3553 941 3605 n.
967 3527 1043 3606 35:
1064 3524 1121 3606 ait
1150 3551 1232 3606 non
1263 3551 1353 3606 esse
1374 3549 1519 3608 neces-

339 3653 450 3735 sario
480 3658 781 3762 apponendam.

428 3786 616 3869 Secunda
646 3788 839 3872 conditio.
863 3791 907 3870 ln
929 3791 1065 3872 libello
1096 3790 1246 3900 apponi
1278 3792 1399 3875 debet
1424 3793 1518 3874 sab-

338 3921 524 4032 scripti0,
558 3947 641 4029 qua
671 3947 716 4003 se
747 3933 963 4006 accusator
985 3926 1036 4006 ad
1058 3924 1320 4007 subeundam
1351 3925 1517 4008 talionis

346 4079 520 4164 poenam
551 4055 719 4164 obliget,
743 4057 898 4140 scilicet
927 4065 1089 4140 tenetur
1109 4068 1327 4141 accusator
1347 4058 1399 4139 ad
1420 4085 1518 4168 poe-

343 4213 439 4270 nam
469 4190 634 4273 talionis
663 4219 709 4273 sa
739 4193 1000 4275 subscribere
1030 4191 1252 4300 obligando
1282 4219 1327 4274 se
1359 4194 1410 4275 ad
1437 4193 1518 4274 cri·

333 4349 438 4404 men
484 4323 687 4432 objectum
734 4327 1009 4436 probandum,
1045 4327 1122 4426 vel,
1157 4325 1192 4407 si
1235 4327 1277 4408 in
1308 4328 1517 4435 probatio·

344 4485 394 4541 ne
439 4458 651 4562 deficeret,
696 4462 746 4544 ad
787 4464 972 4544 eamdem
1014 4487 1189 4570 poenam
1229 4461 1512 4564 subeundam,
