3136 5138
326 373 387 436 130
608 381 899 434 rnnnuncrrouus
922 383 1013 436 Juurs
1038 385 1207 436 cnuomcr

336 543 354 585 >
375 507 576 618 praesenti
594 496 847 610 contrahere,
867 507 1203 616 impedimentum
1216 507 1391 617 justitiae
1405 537 1473 617 pu-

336 677 354 720 »
375 643 503 724 blicae
520 641 745 723 honestatis
761 668 842 722 non
857 644 1095 750 producere.
1115 643 1250 751 Atque
1267 643 1321 724 ita
1337 649 1406 723 etc.
1425 677 1440 714 »
1457 691 1473 701 -

332 780 382 858 Et
404 777 480 858 luit
495 777 710 884 probatum
728 775 769 855 in
784 776 1006 858 Audientia
1022 778 1105 857 diet
1121 779 1145 858 7
1163 778 1321 888 Aprilis
1341 778 1472 856 1879.-

330 914 440 992 Dum
470 937 533 1011 ea,
567 937 648 1018 qua
677 936 751 1017 par
781 921 857 1011 est,
901 911 1178 992 submissione
1218 919 1257 992 et
1291 911 1470 1017 obsequio

330 1046 537 1127 laudatam
558 1045 816 1124 Decisionem
837 1045 1071 1153 recipimus,
1095 1055 1185 1126 tum
1201 1072 1253 1125 ex
1274 1069 1471 1153 supremae

328 1175 665 1284 Congregationis
687 1176 896 1283 dignitate,
918 1187 1005 1258 tum
1023 1178 1240 1286 praecipue
1257 1204 1307 1258 ex
1325 1177 1470 1257 Summi

328 1308 537 1421 Pontificis
567 1307 705 1388 addita
733 1308 1005 1409 Auctoritate,
1049 1309 1186 1390 licebit
1226 1299 1344 1389 nobis
1381 1333 1472 1388 non·

328 1441 441 1523 nulla
468 1442 517 1522 de
538 1467 664 1521 sensu
686 1449 724 1522 et
746 1442 983 1523 extensione
1004 1441 1163 1524 Decreti
1186 1443 1381 1524 disserere
1396 1441 1475 1548 qui·

327 1576 503 1656 busdam
519 1573 757 1683 praemissis
774 1576 822 1656 de
838 1583 948 1656 statu
964 1575 1215 1683 quaestionis
1233 1575 1470 1683 respiciendo

327 1711 378 1790 ad
395 1736 457 1810 ea,
477 1735 581 1817 quae
599 1709 707 1816 apud
725 1710 769 1789 S.
785 1709 1152 1816 Congregationem
1170 1709 1212 1789 in
1229 1718 1473 1791 antecessum

329 1843 492 1924 fuerunt
521 1842 744 1949 disputata.
778 1841 1087 1924 Matrimonium
1108 1842 1169 1923 sic
1190 1841 1345 1923 dictum
1366 1839 1471 1922 civile

326 1975 510 2058 Ecclesia
539 2001 564 2054 a
593 1975 726 2083 prima
755 1975 1010 2057 institutione
1031 1977 1214 2084 ejusdem
1235 2001 1394 2084 semper
1412 1974 1473 2054 de·

324 2117 471 2191 testata
501 2115 577 2208 est,
612 2120 700 2190 turn
731 2110 828 2216 quia
857 2111 1100 2218 procedebat
1130 2138 1180 2190 ex
1219 2109 1472 2219 usurpatione

324 2247 465 2325 Status
482 2245 551 2352 qui
572 2244 614 2323 in
639 2243 941 2350 dispensatione
967 2251 1320 2325 sacramentorum
1341 2267 1473 2352 quam-

322 2377 384 2456 vis
414 2377 492 2458 sub
522 2377 602 2458 alio
642 2385 828 2484 respectu
870 2378 1046 2458 inserere
1086 2405 1130 2458 se
1170 2377 1349 2479 volebat,
1393 2383 1471 2456 tum

321 2509 417 2617 quia
447 2509 672 2591 Ecclesiam
703 2511 754 2591 ab
786 2510 862 2591 hoc
893 2511 1119 2592 ministerio
1135 2511 1354 2592 excludere
1374 2519 1474 2590 sata·

321 2644 455 2748 gebat,
492 2669 586 2724 cum
617 2643 704 2750 ipse
735 2669 816 2722 nou
847 2653 1155 2752 recognosceret
1191 2644 1303 2726 aliud
1344 2639 1474 2724 matri-

320 2776 505 2856 monium
535 2775 718 2857 validum
748 2775 827 2854 nisi
858 2775 957 2858 illud
989 2778 1097 2885 quod
1118 2777 1196 2858 sub
1219 2776 1351 2858 forma
1370 2773 1469 2856 civili

319 2909 466 2990 initum
497 2921 619 3009 esset,
652 2917 692 2990 et
723 2936 794 3016 pro
816 2908 1052 2990 christianis
1073 2936 1154 2990 non
1176 2917 1239 2990 est
1258 2909 1371 2990 aliud
1392 2933 1472 2988 ma-

317 3042 555 3124 trimonium
586 3041 783 3144 validum,
817 3043 896 3123 nisi
927 3043 1052 3124 simul
1083 3043 1136 3124 sit
1176 3051 1411 3125 contractus
1439 3055 1473 3119 et

315 3187 635 3259 sacramentum.
661 3177 750 3258 Hoc
770 3203 868 3284 ergo
889 3177 1200 3282 matrimonium
1222 3177 1340 3257 civile
1362 3200 1471 3284 prae-

316 3312 506 3393 scindens
537 3312 589 3391 ab
621 3311 921 3419 impedimentis
952 3311 1004 3391 ab
1035 3311 1220 3394 Ecclesia
1260 3308 1474 3418 propositis

317 3453 356 3526 et
387 3472 411 3525 a
442 3446 574 3526 forma
604 3445 773 3526 Concilii
803 3443 1045 3546 Tridentini,
1071 3455 1111 3526 ct
1131 3445 1327 3528 insistens
1343 3445 1384 3526 in
1407 3445 1477 3525 im-

315 3579 557 3687 pedimentis
589 3579 651 3659 vel
681 3579 902 3687 recognitis
933 3607 957 3660 a
987 3581 1108 3661 Statu
1130 3580 1193 3661 vel
1214 3580 1266 3661 ab
1289 3607 1338 3662 eo
1360 3580 1475 3660 indu-

312 3712 388 3794 ctis
418 3721 457 3794 et
487 3712 527 3792 in
559 3713 690 3793 forma
719 3713 771 3792 ab
790 3717 945 3796 eodem
967 3715 1086 3796 Statu
1105 3709 1378 3797 'determinata
1399 3714 1472 3796 fuit

314 3847 356 3925 in
384 3871 426 3924 se
456 3851 493 3924 et
523 3845 658 3953 quood
690 3847 945 3927 intentionem
976 3846 1240 3956 proponentis
1281 3845 1473 3960 Gubernii

314 3975 519 4068 illicitum.
553 3976 661 4058 Hinc
691 3985 751 4058 est
782 3981 889 4086 quod
916 3979 1100 4060 Ecclesia
1120 3979 1346 4087 plurimum
1368 3979 1478 4061 adla-

315 4112 476 4194 boravit
506 4138 557 4192 ne
588 4111 628 4192 in
660 4111 832 4194 diversis
853 4099 1040 4195 Statibus
1060 4115 1336 4216 induceretur,
1357 4123 1474 4223 prout

312 4245 471 4327 ultimis
501 4245 652 4327 nostris
682 4248 937 4354 temporibus
968 4247 1195 4349 intervenit,
1220 4275 1316 4330 cum
1332 4247 1478 4330 Matri-

311 4379 499 4461 monium
523 4379 649 4460 Civile
671 4380 747 4462 fuit
774 4381 987 4463 inductum
1018 4383 1060 4464 in
1091 4381 1369 4489 Legislatione
1398 4383 1477 4463 lta-
