3178 5134
299 423 365 486 234
587 434 881 486 emunucuouns
904 434 997 486 ,rums
1021 434 1190 486 cruorum

306 568 584 674 sanguinitate
616 567 884 648 attendendae
914 573 1012 644 sunt
1052 565 1183 643 lineae
1221 571 1260 644 et
1299 562 1455 671 gradus.

308 701 438 782 Linea
453 710 514 781 est
533 701 723 781 ordinata
743 699 871 780 series
892 724 1160 806 personarum
1183 699 1234 778 ab
1257 725 1338 779 uno
1358 723 1461 778 com-

308 833 423 915 muni
454 833 592 941 stipite
624 833 955 913 descendentium
984 855 1061 939 ¹per
1087 831 1223 911 varias
1244 830 1462 938 generatio-

308 995 382 1048 nes
412 966 550 1047 varios
580 967 622 1045 in
652 993 696 1046 se
726 965 940 1047 continens
971 965 1139 1071 gradus.
1174 965 1226 1044 Et
1257 965 1364 1044 linea
1396 963 1465 1043 du-

310 1101 404 1208 plex
435 1109 511 1201 est,
546 1127 699 1209 nempe
724 1108 835 1180 reeta
865 1113 905 1180 et
935 1100 1099 1206 obliqua
1129 1126 1204 1178 seu
1231 1095 1466 1180 collateralis

310 1235 373 1316 vel
404 1242 653 1316 transversa.
689 1234 818 1314 Linea
854 1243 964 1315 recta
994 1233 1063 1314 illa
1102 1234 1266 1333 dicitur,
1312 1233 1354 1312 in
1393 1255 1468 1337 qua

309 1368 560 1450 collocantur
589 1368 682 1448 illae
713 1394 927 1476 personae,
953 1387 1129 1474 quarum
1150 1393 1235 1446 una
1254 1375 1317 1448 est
1338 1363 1467 1472 genita

309 1502 361 1580 ab
393 1501 535 1602 altera,
570 1509 616 1582 ut
645 1510 746 1609 puta
776 1511 904 1608 pater,
938 1502 1061 1600 filine,
1099 1529 1225 1609 nepos
1255 1507 1353 1600 etc,
1378 1495 1466 1579 etsi

309 1636 554 1716 ascendatur
584 1662 656 1742 per
686 1637 840 1741 gradus
871 1635 1046 1716 directos
1086 1637 1137 1716 ad
1175 1635 1463 1742 progenitores

311 1776 483 1874 patrem,
516 1779 705 1867 matrem,
739 1795 879 1868 avum,
913 1769 1047 1848 aviam
1080 1777 1175 1868 etc,
1200 1767 1350 1848 dicitur
1370 1766 1470 1844 linea

311 1913 421 1982 recta
450 1901 793 2000 adscendentium,
827 1902 862 1980 si
903 1910 1043 1982 autern
1084 1929 1109 1981 a
1144 1899 1469 2008 progenitoribus

316 2035 587 2115 descendatur
616 2043 723 2115 recte
755 2037 804 2116 ad
837 2035 1088 2142 progenitos,
1112 2043 1212 2142 puta
1234 2061 1259 2112 a
1280 2042 1393 2141 patre
1415 2031 1472 2110 vel

315 2177 445 2249 matre
476 2169 527 2249 ad
557 2169 688 2249 filium
720 2169 786 2249 vel
814 2169 956 2270 filiam,
991 2171 1042 2250 ad
1073 2177 1263 2277 nepotem
1304 2169 1369 2249 vel
1408 2193 1473 2248 ne·

316 2313 424 2408 ptem
456 2303 684 2410 appellatur
712 2302 821 2383 linea
851 2311 962 2384 recta
988 2303 1322 2384 descendentium.
1350 2301 1473 2382 Linea

316 2461 409 2515 vero
430 2435 597 2542 obliqua
617 2463 689 2516 seu
712 2437 954 2518 collateralis
976 2437 1046 2517 illa
1065 2439 1316 2536 nominatur,
1336 2438 1381 2516 in
1397 2459 1473 2542 qua

313 2577 522 2675 ponuntur
553 2569 645 2650 illae
675 2596 887 2677 personae,
922 2597 1097 2678 quarum
1129 2597 1213 2651 una
1241 2597 1324 2652 non
1357 2567 1474 2652 trahit

315 2702 514 2810 originem
535 2705 586 2784 ab
609 2704 750 2803 altera,
774 2705 964 2811 quamvis
984 2707 1170 2787 eamdem
1191 2705 1373 2786 radicem
1395 2727 1475 2784 me·

316 2836 469 2918 diatam
500 2838 562 2917 vel
594 2838 872 2918 immediatam
896 2837 1088 2939 habeant,
1110 2847 1154 2919 ut
1175 2847 1273 2918 sunt
1293 2839 1379 2918 duo
1401 2837 1476 2916 fra-

315 2979 413 3069 treS,
446 2969 652 3077 patrueles
682 2978 778 3070 etc,
811 2971 909 3079 quia
939 2999 1048 3052 unus
1081 2972 1205 3052 frater
1225 2999 1306 3051 non
1327 2980 1393 3052 est
1413 2996 1478 3077 ge-

318 3103 429 3184 nitus
460 3103 511 3182 ab
543 3103 684 3204 altero,
719 3105 791 3185 sed
822 3105 943 3185 ambo
983 3103 1216 3184 immediate
1257 3105 1480 3212 procedunt

318 3239 369 3317 ab
400 3237 543 3318 eodem
575 3219 689 3345 patre
719 3245 931 3346 tamquam
956 3238 1093 3345 stipite
1114 3238 1339 3318 communi.
1368 3239 1481 3332 Quae

318 3372 425 3453 linea
454 3371 621 3477 obliqua
650 3379 722 3452 aut
751 3369 996 3452 collateralis
1026 3379 1089 3484 est
1128 3371 1278 3450 iterum
1308 3371 1474 3480 duplex:

317 3507 500 3612 aequalis
531 3513 571 3585 et
603 3504 844 3612 inaequalis.
880 3505 1076 3611 Aequalis
1107 3513 1183 3604 est,
1218 3532 1314 3585 cum
1340 3531 1481 3614 perso-

318 3665 393 3719 nae
413 3639 455 3718 in
475 3639 583 3719 linea
602 3639 823 3720 collaterali
845 3639 1065 3721 collocatae
1087 3641 1312 3748 aequaliter
1327 3641 1478 3722 distant

317 3799 341 3851 a
371 3749 581 3852 communi
611 3770 765 3880 stipite,
799 3781 845 3852 ut
876 3772 1000 3852 frater
1030 3782 1069 3854 et
1089 3800 1220 3854 soror.
1246 3773 1482 3881 [coequalis

316 3904 480 4011 quando
512 3903 778 4012 inaequaliter
807 3903 960 3985 distant
990 3905 1048 3987 ita
1078 3913 1124 3987 ut
1154 3933 1239 3986 una
1276 3907 1332 3987 sit
1371 3931 1487 3989 com·

316 4037 432 4119 muni
463 4037 592 4146 stipiti
623 4037 849 4146 proximior
879 4065 1004 4147 quam
1036 4041 1179 4141 altera,
1214 4051 1260 4122 ut
1291 4041 1417 4122 frater
1447 4049 1485 4122 et

323 4171 475 4252 sororis
495 4171 593 4253 filia.
614 4173 778 4253 Gradus
793 4183 933 4254 autem
948 4183 1011 4254 est
1025 4183 1136 4256 certa
1151 4175 1344 4257 distantia
1361 4177 1487 4258 unius

324 4331 523 4412 personae
555 4306 606 4386 ab
638 4305 766 4387 altera
796 4305 837 4386 in
867 4307 1010 4387 eadem
1046 4307 1155 4388 linea
1194 4309 1489 4416 consanguini-

325 4437 436 4539 tatis,
468 4463 574 4546 quae
604 4437 799 4520 distantia
828 4439 959 4548 major
988 4435 1051 4522 est
1078 4441 1142 4522 vel
1173 4441 1321 4542 minor,
1363 4457 1488 4550 prout
