3356 5118
331 411 397 478 378
629 422 900 478 rnnnnncmonns
923 431 1015 478 Jultls
1038 429 1197 476 onnonrm

330 585 442 650 nem,
478 557 639 666 expedit
670 557 947 666 postulatione
978 555 1122 636 humili
1155 556 1441 639 demonstrare
1468 587 1531 642 se

329 699 560 773 correctum
590 699 697 772 esse.
733 692 1032 778 Verumtamen
1064 690 1302 798 hujusmodi
1330 693 1529 776 conditio

328 852 410 906 non
437 825 674 908 necessario
706 826 944 934 requiritur,
979 826 1051 906 sed
1083 831 1242 907 tantum
1275 835 1321 906 ut
1351 852 1521 909 conve·

327 957 486 1040 nienter
516 958 765 1040 concedatur
795 958 1020 1039 absolutio:
1054 957 1131 1040 hac
1162 959 1212 1040 de
1234 985 1277 1039 re
1301 959 1426 1041 etiam
1449 962 1521 1042 in·

327 1089 411 1172 vito
443 1092 607 1173 concedi
640 1098 788 1199 potest,
822 1091 916 1174 licet
946 1091 1057 1173 haud
1090 1092 1297 1200 expediat.
1332 1096 1396 1175 2:
1426 1093 1515 1177 Re·

327 1225 519 1333 quiritur,
554 1233 600 1307 ut
630 1226 745 1334 prius
776 1226 880 1334 parti
912 1227 1049 1307 laesae
1080 1227 1348 1328 satisfecerit,
1388 1229 1519 1312 dum·

325 1361 449 1441 modo
476 1359 715 1468 impotentia
746 1386 828 1440 non
859 1369 1054 1461 excuset3
1077 1359 1156 1442 hoc
1186 1362 1299 1442 enim
1331 1362 1374 1442 in
1404 1389 1509 1446 casu

327 1494 525 1604 praestita
550 1494 756 1594 cautione,
790 1493 877 1575 sive
907 1493 1185 1602 pignoratitia,
1220 1495 1310 1577 sive
1339 1497 1517 1606 fidejus-
1664 1595 1665 1614 Ν

325 1629 451 1728 soria,
486 1628 574 1710 sive
607 1627 729 1709 etiam
758 1629 962 1736 juratoria
983 1629 1142 1709 absolvi
1174 1638 1323 1738 potest.

414 1763 495 1842 Sed
516 1771 680 1869 tempus
701 1769 778 1860 est,
805 1771 851 1842 ut
872 1769 1109 1868 quaeratur,
1144 1769 1243 1869 quot
1272 1763 1410 1844 modis
1434 1767 1517 1847 ab·

206 1943 208 1946 ·
325 1895 476 1976 solutio
492 1895 579 1976 fieri
598 1895 751 2003 possitt
770 1884 1074 2003 Respondetur:
1090 1896 1278 1998 Primus,
1293 1904 1335 1978 et
1347 1899 1509 2006 praeci·

323 2057 434 2138 puus
465 2030 615 2112 modus
650 2029 889 2110 absolvendi
932 2053 958 2108 a
996 2055 1172 2110 censura
1210 2041 1273 2113 est
1313 2032 1512 2141 simplex,

324 2174 363 2246 et
394 2165 624 2266 absolutus,
659 2189 806 2273 nempe
836 2191 933 2245 cum
964 2163 1168 2266 absolute,
1203 2185 1243 2244 et
1263 2165 1515 2276 simpliciter

321 2324 392 2380 reo
423 2299 655 2400 emendate,
689 2306 729 2379 et
758 2324 783 2378 a
814 2297 1075 2380 contumacia
1106 2299 1311 2380 recedenti
1349 2327 1510 2383 conce·

322 2431 432 2512 ditur
462 2431 683 2514 absolutio.
718 2432 927 2514 Secundus
959 2432 1109 2512 modus
1145 2444 1208 2514 est
1248 2433 1504 2515 conditiona-

320 2573 405 2668 ωε,
439 2593 532 2648 cum
565 2564 769 2647 absolutio
801 2565 881 2645 sub
913 2565 1146 2647 conditione
1176 2566 1316 2676 aliqua
1353 2567 1504 2667 datur,

318 2699 378 2780 ita
410 2708 455 2780 ut
486 2725 535 2779 ea
565 2697 798 2780 conditione
828 2697 1054 2798 deliciante,
1086 2709 1253 2783 corruat
1274 2700 1497 2783 absolutio.

324 2833 485 2914 Tertiru
516 2831 666 2912 modus
698 2831 936 2913 absolvendi
969 2857 994 2913 a
1023 2859 1201 2915 censura
1231 2842 1404 2917 vocatur
1442 2835 1509 2916 ad

321 2965 537 3066 cautelam,
573 2972 618 3046 ut
648 2965 848 3073 contingit
890 2965 931 3046 in
974 2965 1330 3050 administratione
1359 2995 1506 3051 sacra·

319 3099 445 3182 menti
477 3099 764 3208 poenitentiae,
810 3105 851 3181 et
895 3099 1106 3208 rescriptis
1152 3102 1404 3210 Apostolicis
1450 3103 1506 3183 ad

319 3233 510 3315 effectum
541 3233 787 3320 obtinendae
818 3233 990 3341 gratiae.
1031 3233 1213 3326 Quartus
1254 3235 1399 3318 modus
1429 3237 1509 3317 ab·

317 3367 518 3466 solvendi,
553 3376 592 3449 et
622 3368 724 3449 satis
745 3367 953 3476 frequens
990 3375 1052 3448 est
1082 3367 1140 3448 ad
1170 3369 1502 3472 reincidcntt'um,

318 3529 366 3585 eo
397 3505 506 3613 quod
536 3503 754 3586 absolutus
786 3504 828 3584 in
852 3529 947 3585 eam
970 3503 1120 3584 iterum
1143 3504 1312 3608 incidet,
1336 3507 1372 3588 si
1394 3533 1508 3616 opus

316 3639 396 3718 sub
428 3663 604 3720 censura
634 3645 901 3746 praeceptum
934 3664 1017 3718 non
1049 3637 1283 3747 exequitur.

403 3771 506 3852 Heio
536 3771 703 3852 tandem
734 3770 877 3879 quaeri
910 3777 1060 3880 potest,
1098 3797 1149 3852 an
1172 3797 1349 3856 censura
1368 3774 1499 3856 semel

317 3909 485 3988 incursa
515 3905 599 3987 tolli
632 3905 763 4014 possit
789 3905 871 3986 alia
891 3906 959 3986 via
980 3913 1142 4014 praeter
1165 3907 1503 3990 absolutionem?

316 4039 426 4123 Huic
456 4039 583 4122 dubio
615 4040 804 4148 negative
834 4043 1085 4149 respondent
1120 4039 1212 4122 DD.
1250 4049 1290 4123 et
1320 4041 1500 4124 Canoni-

316 4183 420 4275 stae,
469 4183 509 4256 et
549 4173 792 4282 praesertim
834 4173 1007 4282 Pirhing
1048 4173 1091 4256 b.
1126 4183 1156 4256 t.
1191 4203 1233 4257 n.
1268 4177 1356 4257 179
1390 4201 1501 4258 cers.

316 4305 428 4387 Hinc
458 4307 679 4420 collipitur.
714 4303 990 4389 Reiffenstuel
1023 4307 1066 4391 b.
1102 4316 1131 4390 t.
1156 4339 1198 4390 n.
1225 4291 1336 4404 240,
1362 4317 1403 4392 et
1423 4335 1494 4390 ra-

314 4439 372 4523 tio
403 4447 480 4543 est,
514 4441 612 4550 quia
642 4467 819 4525 censura
851 4441 1003 4523 auferri
1035 4443 1193 4551 nequit,
1228 4443 1307 4526 nisi
1338 4453 1505 4554 apote-
