3136 5138
406 426 515 478 utana
536 428 581 476 n.
606 445 627 459 -
648 425 788 479 sirenus
810 429 857 478 111.
1157 415 1218 478 105

79 553 231 634 maxime
261 555 313 634 ad
343 555 498 634 bonum
519 579 737 634 commune
757 553 1005 654 conferebat,
1029 553 1097 634 isti
1119 579 1214 634 cen-

78 696 218 768 seantur
246 687 430 769 obstricti
461 687 539 769 hac
567 687 657 793 lege
688 688 730 766 in
759 687 875 788 lociS,
899 688 971 768 ubi
992 687 1210 769 Decretum

77 821 354 928 promulgatum
383 829 461 920 est;
494 829 534 902 et
564 821 613 901 de
644 849 727 902 uuo
758 829 915 902 tuntum
944 848 1045 902 casu
1066 822 1207 929 quaeri

77 963 196 1058 potest,
229 965 270 1036 et
299 954 493 1055 dubitari,
517 954 671 1035 scilicet
692 955 855 1062 quando
886 953 1106 1036 Decretum
1121 955 1214 1034 Tri-

78 1087 203 1168 dentini
225 1097 288 1169 est
308 1087 562 1196 publicatum
583 1089 625 1168 in
648 1089 829 1195 regione,
854 1114 958 1195 quae
980 1087 1125 1170 deinde
1144 1113 1214 1168 oc-

76 1231 223 1326 cupatur
252 1221 305 1301 ab
337 1219 568 1321 haereticis,
602 1229 674 1302 aut
704 1221 745 1300 in
766 1246 849 1329 qua
868 1220 1060 1302 haeretici
1082 1221 1210 1303 socie·

76 1361 176 1432 tatem
200 1352 435 1460 religiosam
456 1353 617 1462 proprie
636 1354 787 1434 dictam
809 1355 1024 1434 efformant
1045 1352 1213 1434 omnino

77 1485 289 1568 esocietate
305 1485 599 1567 catholicorum
615 1485 865 1568 distinctam.
885 1488 993 1568 Hinc
1008 1495 1085 1590 est,
1105 1487 1213 1596 quod

77 1617 162 1698 circa
188 1617 415 1701 haereticos
435 1627 635 1728 vagantes
656 1622 760 1703 inter
779 1621 1001 1702 catholicos
1023 1629 1095 1702 aut
1116 1621 1212 1701 alibi

76 1753 320 1835 consistentes
349 1756 421 1836 sed
452 1757 636 1836 nondum
666 1756 930 1837 efformantes
950 1755 1056 1838 hanc
1072 1753 1217 1837 distin·

76 1893 160 1966 ctam
187 1889 425 1969 societatem
455 1887 669 1970 Romanae
700 1889 1049 1998 Congregationes
1079 1889 1216 1998 requi-

76 2017 156 2101 sitae
184 2023 232 2102 de
265 2022 403 2103 valore
433 2024 789 2105 matrimoniorum
820 2024 872 2102 ab
912 2022 1013 2130 ipsis
1054 2031 1226 2104 contra-¹

76 2163 208 2235 storum
230 2165 375 2238 contra
395 2157 570 2238 formam
590 2157 833 2258 Tridentini,
857 2155 892 2236 si
915 2157 955 2236 in
977 2157 1065 2238 loco
1083 2156 1215 2237 luerat

76 2285 260 2370 decretum
292 2291 611 2398 promulgatum,
647 2299 881 2372 constanter
919 2291 1215 2399 responderunt

76 2445 299 2523 procorum
332 2423 596 2506 invaliditate.
632 2423 832 2517 Quamvis
863 2431 1002 2505 autem
1024 2424 1125 2507 istae
1146 2425 1217 2506 de-

75 2552 227 2637 cisiones
257 2557 471 2640 videantnr
500 2558 610 2666 loqui
641 2559 690 2639 de
720 2557 914 2639 omnibus
943 2558 1215 2640 matrimoniis

77 2683 352 2774 baereticorum
382 2692 660 2792 clandestinis,
686 2692 954 2772 nihilominus
975 2699 1134 2772 certum
1154 2701 1215 2772 est

75 2845 130 2901 eas
155 2851 234 2905 non
267 2851 358 2907 esse
398 2829 620 2908 sumendas
660 2828 883 2936 generatim
923 2833 959 2940 et
999 2825 1217 2905 universim

74 2956 129 3034 sed
148 2960 375 3041 secundum
395 2959 723 3041 circumstantias
745 2959 954 3066 temporiS,
979 2958 1073 3059 loci,
1097 2967 1218 3066 atque

75 3087 227 3174 aliorum
260 3093 548 3200 adjunctorum
579 3093 876 3200 cujuscumque
898 3119 1036 3191 casus,
1055 3101 1102 3172 ut
1122 3117 1219 3172 con-

75 3231 139 3306 stat
166 3253 217 3308 ex
247 3227 451 3308 Decretali
482 3227 691 3308 Benedicti
724 3227 823 3305 XIV
857 3259 875 3300 ‹
901 3227 1176 3306 Matrimonia
1197 3259 1214 3294 »

76 3357 141 3438 dict
168 3366 194 3440 4
223 3359 464 3441 Novembris
490 3361 614 3460 1741,
639 3369 749 3442 etex
771 3359 1060 3440 constitutione
1086 3359 1220 3438 ‹Sin-

75 3493 230 3596 gulari›
266 3494 349 3575 diet
379 3499 404 3575 9
435 3495 659 3576 Februarii
693 3496 802 3575 1749
834 3499 859 3596 ἕ
905 3493 970 3574 17.
1005 3539 1025 3554 -
1056 3491 1117 3600 (d)
1158 3491 1218 3572 De

76 3621 135 3706 boo
162 3655 263 3710 casu
294 3655 376 3709 non
407 3629 680 3738 contemplato
710 3627 752 3708 in
793 3625 1012 3734 praedictis
1047 3625 1221 3708 decisio·

77 3757 179 3841 nibus
209 3763 295 3868 agit
323 3761 571 3843 Benedictus
602 3761 701 3841 XIV
731 3760 773 3841 in
794 3759 918 3841 citata
937 3758 1154 3860 Decretali,
1178 3757 1219 3837 in

76 3917 141 3996 qua
167 3903 358 3977 manente
387 3921 462 4003 pro
492 3894 702 3976 catholicis
723 3893 972 4001 obligatione
994 3919 1020 3972 a
1040 3891 1220 3973 Concilio

76 4021 294 4108 Tridentino
325 4028 518 4136 imposita
548 4027 589 4106 in
620 4028 709 4108 suis
740 4026 1013 4107 matrimoniis
1028 4025 1219 4106 servandi

8 4171 10 4184 '
77 4155 230 4242 formam
245 4161 559 4244 substantialem
574 4162 653 4242 sub
669 4185 803 4268 poena
818 4157 1018 4240 nullitatis
1035 4167 1152 4240 actus
1167 4158 1221 4238 ob

9 4343 10 4346 κ
78 4283 206 4373 tecam
227 4293 546 4402 publicationem
568 4294 732 4390 decreti,
751 4293 930 4375 declarat
944 4337 964 4354 -
981 4295 1019 4372 1⁰
1044 4289 1223 4371 ‹Matri-

80 4423 240 4510 ›monia
269 4427 312 4508 in
342 4427 581 4510 Foederatis
611 4426 742 4533 Belgii
759 4425 979 4535 provinciis
1000 4425 1106 4506 inter
1124 4421 1223 4503 hae-
