3388 5136
480 373 483 380 ’
554 395 654 444 omna
676 397 710 443 v.
736 415 777 426 —
800 399 941 446 'rrruuos
964 399 1001 444 11.
1322 385 1369 454 93

188 526 268 607 stio
308 525 450 605 literae
482 523 510 603 k
541 521 583 602 in
622 522 752 604 fronte
793 549 844 604 ex
886 524 974 630 lege
1016 523 1207 627 Remnia,
1241 554 1366 636 quam

188 665 330 768 postea
369 656 567 738 substulit
606 655 905 738 Constantinus
946 659 1022 766 lap.
1078 663 1130 738 17
1178 661 1278 744 Cod.
1319 664 1369 746 de

180 792 341 903 poenis,
360 791 457 870 item
479 813 612 897 poena
634 789 818 890 talionis,
837 814 886 871 ea
900 789 1057 872 scilicet
1073 816 1222 898 poena,
1241 820 1366 901 quarn

187 922 423 1004 merebatur
452 929 690 1022 accusatus
712 922 748 1000 si
775 922 985 1022 delictum,
1011 925 1163 1031 dequo
1196 952 1369 1007 accusa-

188 1057 321 1156 batur,
353 1055 643 1137 commisisset.
678 1057 775 1165 Lep.
797 1056 872 1150 ult.
897 1056 998 1137 Cod.
1020 1058 1069 1138 ae
1100 1059 1363 1141 Accusatioa.

187 1198 225 1271 et
256 1191 330 1299 lep.
352 1190 426 1271 ult.
451 1187 552 1270 Cod.
579 1189 629 1268 de
664 1189 1056 1272 Calumniatoribus.
1083 1192 1165 1272 Sed
1197 1202 1237 1274 et
1267 1193 1367 1276 haec

186 1349 319 1432 poena
350 1323 477 1405 etiam
507 1323 706 1428 abrogata
739 1323 829 1404 luit.

272 1455 493 1538 Hodiernis
524 1455 711 1537 moribus
755 1455 926 1538 infamia
964 1457 1072 1564 juris
1112 1469 1364 1564 perseverat,

186 1591 308 1672 modo
339 1599 554 1672 accusator
584 1616 655 1697 per
690 1591 935 1671 sententiam
975 1593 1274 1672 condemnatus
1312 1596 1367 1676 sit

189 1724 239 1804 de
270 1722 480 1804 calumnia
510 1724 586 1832 lep.
623 1727 664 1822 4,
697 1729 722 1827 ξ
756 1727 797 1818 4,
824 1723 874 1804 da
904 1723 981 1820 uis,
1004 1726 1076 1832 qui
1105 1733 1188 1806 not.
1211 1727 1362 1835 tufam.

190 1859 267 1967 lep.
306 1863 345 1954 1,
378 1861 402 1959 ξ
437 1861 477 1956 4,
498 1858 556 1964 ff.
602 1856 658 1938 ad
697 1859 742 1938 S.
782 1859 831 1939 C.
879 1858 1056 1968 lurpt'll.
1097 1860 1201 1939 Can.
1241 1865 1283 1941 1.
1318 1862 1367 1942 Si

184 1993 275 2100 quis
305 1996 348 2085 2,
380 1998 537 2099 quaest.
572 1995 615 2086 3,
646 1998 685 2071 et
717 2003 1013 2099 consequenter
1057 2002 1270 2101 tamquam
1303 1993 1365 2072 in·

187 2125 309 2204 lamis
340 2124 389 2204 fit
417 2121 610 2204 inhabilis
641 2124 693 2203 ad
723 2123 954 2228 dignitates
985 2131 1024 2203 et
1055 2125 1192 2205 officia
1222 2129 1362 2206 omnia

184 2255 487 2358 Ecclesiastioa,
529 2255 713 2362 aliosque
758 2266 945 2352 actosa
984 2257 1138 2362 quibus
1184 2257 1361 2338 infames

186 2398 390 2472 arcentur.
424 2391 598 2494 Insuper
638 2385 822 2466 Clericus
861 2385 1135 2468 calumniator
1174 2389 1362 2496 privatur
1444 2367 1447 2374 ⁵

185 2522 332 2626 officio,
363 2531 401 2604 et
435 2519 631 2602 beneficio
661 2518 966 2602 Ecclesiastico.
992 2520 1178 2602 Tandem
1205 2522 1256 2601 ad
1289 2550 1362 2602 ex·
1458 2523 1459 2526 ‘

184 2683 335 2764 pensas
376 2653 715 2736 condemnandus
754 2659 817 2733 est
856 2652 1140 2758 calumniator,
1172 2657 1279 2761 quod
1325 2665 1367 2737 et

184 2790 296 2891 fisco,
329 2794 369 2868 et
391 2787 522 2894 judici
554 2787 736 2868 accidere
768 2793 914 2893 potest,
945 2787 981 2867 si
1014 2787 1090 2868 iste
1127 2814 1200 2896 per
1230 2787 1362 2895 illegi-

184 2924 329 3005 timam
361 2920 680 3029 inquisitionem,
711 2927 751 3000 et
781 2919 847 3000 ille
877 2947 950 3027 per
979 2930 1269 3028 procuratores
1305 2931 1365 3004 te-

187 3084 297 3139 mere
328 3083 445 3139 reum
477 3055 728 3138 vexaverint.

273 3192 339 3271 Ad
369 3190 495 3298 hujus
526 3187 632 3270 tituli
664 3187 880 3268 materiam
913 3186 1125 3268 referenda
1156 3195 1218 3268 est
1253 3187 1362 3268 Con·

185 3326 270 3408 stit.
306 3324 461 3405 Bened.
486 3321 586 3402 XIV
617 3323 930 3403 Sacramentum
961 3321 1246 3402 Paenitentiae
1266 3323 1362 3402 data

185 3461 250 3541 die
285 3461 322 3538 l.
356 3455 469 3538 Junii
507 3458 612 3537 1841
650 3461 675 3559 ἓ
710 3457 749 3556 3,
784 3456 856 3536 ubi
889 3455 1039 3562 legitur
1064 3453 1363 3535 ‹Calumniose

190 3590 525 3672 »denunciantes
556 3589 620 3670 vel
644 3615 715 3697 per
735 3615 796 3689 se,
821 3590 884 3670 vel
906 3616 979 3698 per
1000 3589 1104 3669 alios
1127 3587 1364 3670 innocentes

188 3723 502 3806 »confessarios
525 3723 575 3803 de
597 3721 884 3804 sollicitatione
905 3724 956 3824 ad
979 3723 1130 3830 turpia,
1147 3727 1363 3830 privantur

188 3883 301 3967 »spe
332 3855 607 3938 absolutionis
637 3855 962 3954 sacramentalis,
994 3880 1118 3962 quam
1150 3853 1358 3954 Pontifex,

189 3999 395 4097 »excepto
427 3989 573 4072 mortis
604 3987 794 4088 articulo,
819 3996 1001 4070 reservat
1022 3987 1118 4066 Sedi
1149 3987 1361 4093 Apostoli-

189 4155 207 4200 »
228 4149 314 4224 cae,
340 4123 432 4205 licet
452 4123 549 4204 huic
570 4123 725 4230 flagitio
744 4121 858 4203 nulla
873 4121 927 4202 sit
944 4144 1109 4202 annexa
1124 4144 1301 4200 censura
1318 4151 1355 4199 ›.

185 4253 307 4340 Nunc
338 4259 388 4339 de
419 4257 835 4365 praevaricatoribus.

271 4391 554 4504 Praevaricari
586 4390 735 4473 dicitur
765 4391 836 4499 qui
867 4389 931 4472 vel
963 4415 1099 4491 veruS,
1136 4391 1198 4469 vel
1228 4387 1364 4470 simu-
