3178 5134
287 387 351 452 206
574 402 864 455 renrcacrronss
887 403 981 454 rums
1005 403 1173 455 cnuorucr

297 557 428 611 »rum
458 537 825 630 sacramentorum,
859 529 1044 611 videlicet
1074 531 1268 639 baptismi
1295 539 1335 613 ct
1360 559 1464 614 con-

298 663 593 745 sfirmationis:
629 663 838 771 baptismi,
871 665 979 771 quod
1010 664 1077 746 lex
1108 691 1302 774 expresse
1331 691 1462 748 exeo

297 797 621 905 >cognationem
666 796 908 899 induxisset,
962 798 1299 900 confirmationis
1348 803 1461 908 quod

295 964 315 1005 >
336 929 475 1013 habita
504 931 640 1031 luerit,
674 931 800 1013 veluti
831 933 1031 1040 quaedam
1065 931 1323 1040 baptismatis
1364 959 1462 1042 per·

297 1097 315 1140 >
339 1063 472 1164 scotie,
507 1073 547 1146 et
576 1064 920 1172 complementum
937 1093 1026 1145 ean.
1050 1068 1141 1147 3de
1161 1093 1268 1148 cons.
1295 1065 1389 1147 dist.
1414 1073 1458 1168 5,

297 1225 418 1279 »non
449 1224 544 1278 vero
575 1199 860 1307 poenitentiae,
899 1199 1011 1306 quia,
1055 1200 1113 1280 uti
1145 1200 1289 1282 deinde
1318 1202 1466 1282 obser-

298 1331 448 1414 »vavit
478 1333 522 1413 S.
556 1332 754 1432 Thomas,
788 1331 865 1413 hoc
893 1341 1197 1414 sacramentum
1229 1359 1461 1442 numquam

297 1441 610 1572 »generationis
649 1465 827 1573 speciem
865 1465 1023 1567 habuit,
1067 1468 1140 1548 sed
1181 1467 1338 1568 iudicii,
1383 1495 1465 1550 nec

295 1608 549 1709 »propterea
579 1599 620 1678 in
652 1625 702 1680 ea
732 1626 774 1679 re
805 1608 891 1680 erat
920 1624 1014 1680 cum
1048 1601 1294 1708 baptismate
1317 1602 1466 1711 aequi-

294 1769 315 1810 »
337 1734 581 1842 parandum.
615 1733 749 1814 Vetus
780 1731 858 1814 luit
887 1733 1088 1842 quaesti0‚
1122 1761 1174 1814 an
1216 1735 1286 1843 qui
1324 1736 1469 1816 susci·

294 1901 314 1941 a
335 1866 472 1975 piebat
501 1865 754 1973 baptizatum
785 1891 935 1947 caussa
964 1867 1288 1975 supplendarum
1328 1869 1466 1950 eccle-

296 1999 420 2080 »siae
451 1997 776 2080 ceremoniarum
808 1997 850 2078 in
889 1999 1134 2108 baptismate
1173 1999 1270 2080 olim
1311 2000 1466 2084 collato

293 2167 313 2208 s
334 2133 599 2232 omissarum‚
632 2133 917 2239 cognationem
957 2133 1195 2214 contrahere
1236 2133 1459 2217 diceretur.

291 2300 313 2342 s
334 2267 376 2347 Id
403 2293 484 2346 non
501 2266 754 2347 admiserunt
770 2265 982 2372 pontifices
999 2266 1185 2368 maximi,
1205 2288 1464 2375 quamquam

292 2433 314 2472 a
334 2397 570 2506 hujusmodi
582 2406 860 2506 susceptorem
879 2399 1157 2498 admonerent,
1177 2425 1227 2480 ne
1243 2398 1466 2480 contrahe·

291 2541 395 2614 »ret
434 2533 614 2639 nuptias
658 2561 747 2642 cop.
786 2533 890 2614 sce
925 2541 1083 2642 copnot.
1126 2533 1262 2642 spirit.
1298 2559 1391 2642 cap.
1436 2537 1464 2614 2

296 2665 424 2748 »ecch
458 2669 520 2747 tit.
558 2669 599 2747 in
630 2669 671 2766 6,
706 2667 813 2774 quod
844 2667 972 2748 nostri
1003 2666 1310 2774 appellaverunt
1332 2668 1466 2777 impe-

296 2799 554 2880 ‚amennm
579 2799 840 2898 canaonem,
866 2799 965 2880 unu
988 2777 1094 2880 mei·
1114 2799 1392 2907 impedientia,
1417 2809 1465 2882 ut

293 2967 314 3008 s
336 2943 496 3034 vocant,
521 2953 602 3015 non
626 2933 731 3014 inter
752 2933 985 3014 dirimentia
1006 2933 1296 3041 impedimenta
1317 2959 1465 3015 receu-

291 3101 313 3140 ψ
333 3075 485 3148 sentes,
519 3065 571 3146 Et
601 3066 764 3173 quidem
797 3073 889 3147 ante
930 3065 1180 3147 Clementem
1220 3067 1269 3146 III
1309 3065 1461 3148 nullibi

243 3179 248 3187 ’
296 3201 517 3308 »adparet
546 3198 759 3281 occasione
781 3199 1027 3280 Catechismi
1058 3200 1222 3308 aliquod
1252 3199 1464 3307 conjugiis

294 3336 505 3418 >subesse
535 3333 717 3442 potuisse
749 3333 1099 3440 impedimentum.
1134 3333 1316 3414 Tantum
1352 3359 1463 3416 non-

293 3469 435 3549 »nulli
468 3467 648 3566 fuerunt,
682 3467 752 3575 qui
783 3467 1037 3574 argumentis
1073 3494 1098 3546 a
1134 3465 1257 3546 simili
1289 3475 1464 3550 conten-

293 3602 488 3698 ›dente5,
525 3601 640 3682 irrita
669 3609 762 3708 post
800 3598 1094 3681 catechismum
1135 3601 1327 3708 conjugia
1366 3629 1464 3685 esse

292 3732 566 3814 »credebant
599 3731 643 3811 ld
673 3731 803 3812 noluit
834 3732 1047 3813 admittere
1089 3732 1277 3814 Clemens
1308 3735 1372 3834 III,
1419 3738 1462 3817 in

294 3867 440 3948 »dicto
470 3893 561 3972 cap.
598 3869 637 3966 5,
675 3865 744 3944 ubi
776 3865 946 3968 addidit,
980 3893 1069 3946 eom
1092 3895 1176 3948 rem
1198 3870 1271 3948 circ
1291 3877 1461 3950 contra-

294 4037 312 4075 »
335 3999 462 4080 hendo
480 4001 741 4081 matrimonio
760 4000 1085 4110 impedimentum
1095 4002 1336 4083 allaturam.
1354 4003 1463 4085 Visa

295 4135 500 4216 »fuerunt
530 4133 657 4215 dubia
697 4133 807 4214 haec·
837 4133 1057 4214 Clementis
1098 4135 1239 4236 verba;
1283 4163 1462 4244 quamo-

295 4303 313 4346 »
335 4270 448 4349 brem
475 4267 525 4348 ad
547 4293 690 4348 eorum
711 4264 1086 4374 interpretationem
1106 4267 1346 4349 Bonilacius
1370 4269 1464 4351 VIII

297 4404 377 4485 »in
407 4401 514 4484 dicto
546 4428 635 4511 cap.
671 4403 697 4480 2
730 4401 921 4502 asseruit,
955 4427 1027 4509 per
1056 4401 1352 4484 catechismum
1379 4402 1463 4484 im-
