3264 5146
39 401 41 420 q

39 425 41 440 t

39 499 41 524 l

39 527 40 544 l

499 457 607 507 urana
630 457 675 506 iv.
701 475 720 488 -
743 457 882 507 rrruurs
905 458 926 505 1.
1260 442 1302 504 47

39 559 40 590 ἶ
153 587 325 687 trimonii;
350 612 447 666 nam
473 586 660 692 legalitas
691 585 981 693 probationum
1013 587 1160 694 pendet
1181 612 1206 664 a
1227 587 1297 668 de·-

39 689 41 806 l

39 927 41 1022 l

153 719 284 800 cisione
318 727 468 820 status,
502 727 541 800 et
571 719 658 825 ipse
688 718 796 798 valet
836 716 997 826 quoque
1037 720 1216 826 exigere,
1250 731 1295 798 ut

153 853 293 959 aliquod
325 854 480 934 factum
503 879 586 934 una
607 853 744 960 potius
775 878 899 960 quam
921 853 1003 932 alia
1023 853 1180 934 ratione
1201 880 1296 961 pro-

39 1045 41 1092 3
152 990 265 1070 betur.
296 989 381 1068 lmo
412 988 447 1067 si
480 988 581 1068 haec
609 987 843 1094 registratio
874 1015 956 1067 non
988 987 1059 1068 fiat
1089 987 1196 1067 infra
1226 989 1296 1068 de-

39 1113 40 1156 r
152 1121 392 1202 terminatum
416 1129 594 1228 tompus
620 1128 753 1227 potest
777 1129 910 1201 status
932 1120 1078 1228 punire
1099 1120 1295 1228 conjuges

39 1255 40 1258 ‘
153 1255 384 1361 negligentes
406 1254 528 1334 etiam
552 1254 716 1334 mulctis
738 1253 1000 1360 pecuniariis,
1021 1253 1193 1362 aliisque
1212 1282 1295 1334 me-

39 1419 40 1428 *
150 1387 230 1467 diis.
252 1391 302 1468 At
328 1389 671 1496 quandocumque
702 1387 787 1488 fiat,
822 1413 913 1467 eam
943 1395 1104 1468 tenetur
1134 1415 1296 1495 semper

152 1522 307 1627 recipcre
338 1523 463 1601 etiam
493 1521 731 1620 serotinam,
756 1529 796 1600 et
815 1529 914 1600 tunc
935 1521 1193 1601 retinendum
1219 1521 1294 1602 erit

39 1757 40 1760 p
153 1655 435 1735 matrimonium
477 1655 653 1734 existere
693 1681 774 1733 non
816 1682 841 1734 a
880 1663 1061 1762 tempore
1101 1654 1295 1760 registra-

39 1833 40 1890 3
154 1789 269 1890 tionis,
292 1790 363 1869 sed
395 1788 446 1867 ab
477 1815 526 1869 eo
557 1797 753 1896 tempore,
778 1815 858 1896 quo
890 1797 1046 1869 constet
1076 1815 1167 1869 esse
1198 1817 1295 1870 con-

154 1929 319 2024 tractum,
344 1922 533 2030 quamvis
564 1923 614 2002 de
644 1923 929 2028 registratione
960 1949 1040 2003 non
1063 1932 1292 2031 opportuno

152 2065 309 2164 tempore
341 2057 448 2138 facta
479 2055 605 2162 infligi
638 2057 768 2164 possit
798 2084 945 2165 poena.¹
970 2059 1054 2137 lmo
1081 2085 1131 2136 ex
1154 2060 1295 2166 acqui-

151 2195 218 2267 tate
248 2197 448 2297 receptum
491 2197 568 2285 est,
604 2197 649 2271 ut
680 2189 781 2281 haec
821 2190 1006 2297 probatio
1046 2190 1191 2298 legalis
1221 2219 1293 2298 per

150 2323 468 2431 aequipollentem
490 2325 671 2433 suppleri
693 2325 837 2431 possit,
857 2325 1021 2432 quando
1042 2325 1293 2432 impossibile

39 2447 40 2450 ‘
150 2465 201 2534 cst
226 2483 292 2563 per
320 2457 584 2537 obvenientes
615 2456 960 2556 circumstantias
986 2465 1031 2538 ut
1060 2458 1294 2564 registratio

151 2585 267 2668 locum
297 2589 475 2697 amplius
505 2616 587 2670 non
619 2589 781 2670 habeat.

252 2727 334 2804 l5.⁰
356 2723 669 2804 Matrimonium
692 2723 987 2823 Christianum,
1013 2732 1058 2805 ut
1078 2753 1129 2804 ex
1153 2726 1294 2832 dispu-

151 2856 230 2935 tatis
259 2858 397 2965 liquet,
431 2857 588 2963 regitur
619 2857 794 2964 legibuS,
829 2885 1004 2966 quarum
1036 2859 1197 2968 aliquae
1233 2861 1294 2940 di-

151 2997 280 3070 cuntur
311 2990 597 3100 impedimento
629 2989 883 3092 dirimentr'o,
917 2991 1098 3099 illudque
1121 2993 1293 3073 reddunt
1383 3029 1387 3039 ·

154 3118 374 3223 invalidum,
410 3123 514 3202 aliae
545 3123 803 3230 appellantur
844 3125 1130 3233 impedimento
1173 3127 1295 3235 impr-

150 3249 285 3334 dtentc'c
316 3265 356 3337 et
385 3256 561 3337 reddunt
583 3254 785 3336 illicitum.
814 3258 1108 3364 Impedimenta
1129 3259 1294 3364 quidem

150 3383 363 3470 dirimentia
393 3388 475 3468 alia
504 3398 602 3469 sunt
634 3417 684 3470 ex
702 3391 794 3498 jure
816 3400 1003 3490 naturae,
1033 3389 1114 3468 alia
1134 3416 1186 3469 ex
1202 3390 1294 3496 jure

151 3520 306 3622 positivo
337 3522 491 3623 divino,
516 3523 597 3603 alia
617 3526 784 3605 demum
806 3551 857 3604 ex
875 3525 967 3632 jure
995 3523 1289 3623 ecclesiastico;

149 3648 423 3759 impedimenta
453 3684 548 3737 vero
580 3656 860 3765 impedientia,
895 3675 1013 3765 quae
1036 3657 1202 3765 respicit
1233 3656 1294 3737 di,

149 3795 241 3866 recte
257 3789 325 3896 jus
342 3789 604 3890 canonicum,
630 3799 727 3870 sunt
749 3817 797 3870 ex
814 3791 907 3898 jure
928 3791 1218 3872 ecclesiastico
1239 3793 1294 3869 At

148 3942 333 4022 quaenam
354 3933 415 4004 est
438 3923 479 4003 in
501 3923 687 4004 Ecclesia
707 3926 944 4027 auctoritas,
969 3951 1074 4033 quae
1095 3924 1196 4004 haec
1217 3923 1294 4002 im-

149 4053 364 4154 pedimenta
403 4057 590 4164 imponit,
636 4057 806 4164 quilibet
834 4085 886 4138 ne
927 4058 1184 4156 Ordinarius,
1222 4067 1290 4136 aut

146 4205 323 4290 suprema
353 4197 512 4270 tantum
545 4197 742 4298 potestas,
776 4219 922 4300 nempe
964 4191 1194 4273 Concilium
1215 4189 1295 4270 Ge-

147 4321 268 4401 nerale
298 4332 337 4405 et
363 4307 820 4406 Romanus'Pontifexl
842 4326 1071 4434 Loquimur
1092 4325 1223 4436 primo
1245 4324 1293 4404 do

149 4449 435 4561 impedimentis
467 4459 770 4543 dirimentibus.
806 4461 1014 4568 Quidquid
1045 4461 1099 4540 sit
1119 4461 1167 4540 de
1189 4461 1295 4540 anti-
