3178 5134
291 393 358 461 280
579 401 869 457 rnrunnououus
891 401 985 452 rums
1008 397 1177 450 carorum

300 559 445 617 eorum
460 532 640 614 interest.
659 530 752 612 Dixi
769 557 840 612 eos
859 530 1005 612 debere
1021 557 1111 612 esse
1126 557 1208 612 non
1223 537 1440 640 suspectos,

302 695 398 750 cum
425 663 673 775 repellantur
703 665 772 773 qui
802 667 934 774 turpis
963 673 1160 774 quaestus
1190 691 1318 748 causa
1337 665 1375 746 id
1394 665 1411 744 f
1431 711 1449 724 -

300 802 412 885 ciant
440 827 494 883 ex
523 823 612 909 cap.
649 803 673 879 5
704 799 745 880 b.
780 805 810 880 t.
845 797 909 880 vel
939 798 1008 908 qui
1039 799 1279 880 denuntiare
1317 779 1450 880 matri·

301 933 488 1017 monium
518 930 841 1032 detrectaverint,
872 931 951 1012 nisi
980 931 1139 1040 possint
1168 956 1213 1012 se
1242 956 1448 1030 excusare,

300 1065 458 1147 scilicet
488 1064 529 1144 id
558 1063 850 1146 rationabiliter
879 1091 961 1145 non
1001 1063 1225 1145 fecisseex
1253 1091 1344 1176 cap.
1374 1065 1447 1170 fin.

302 1199 345 1279 h.
372 1207 401 1280 t.
424 1199 468 1278 ln
498 1198 575 1278 hac
604 1197 755 1306 pariter
784 1197 1022 1305 quaestione
1052 1197 1276 1279 dubitatur:
1312 1223 1364 1277 an
1392 1221 1453 1276 ao·

304 1332 464 1413 cusatio
494 1331 743 1413 matrimonii
765 1331 819 1412 sit
837 1331 944 1429 talis,
971 1337 1018 1412 ut
1037 1357 1198 1439 semper
1217 1337 1258 1411 et
1277 1329 1454 1438 quando-

305 1491 481 1572 cumque
520 1463 804 1572 permittatur?
835 1463 911 1544 Cui
951 1463 1255 1571 interrogationi
1294 1487 1453 1571 respon-

304 1597 438 1698 detur,
471 1597 580 1706 quod
608 1623 770 1705 semper
804 1603 936 1705 potest
974 1596 1076 1678 haec
1115 1621 1243 1678 causa
1270 1594 1450 1704 proponi,

305 1730 402 1837 quia
431 1729 474 1810 in
503 1729 775 1812 matrimoniis
815 1729 1016 1810 sententia
1055 1754 1281 1837 numquam
1316 1726 1455 1810 transit

307 1865 347 1943 in
378 1889 465 1944 rem
490 1863 716 1970 judicatam
746 1888 798 1942 ex
827 1889 917 1974 cop.
943 1862 1040 1944 ide
1067 1868 1229 1942 santet
1259 1889 1303 1943 rc
1319 1860 1452 1968 judic.

307 1996 397 2077 Hoc
425 2003 563 2078 tamen
592 1998 718 2105 probe
739 2005 802 2078 est
830 1996 1153 2104 intelligendum3
1177 2021 1274 2106 uam
1294 1995 1373 2076 hoc
1393 2020 1457 2075 ve-

307 2153 400 2208 rum
430 2137 492 2210 est
521 2130 717 2237 quamdiu
747 2154 875 2210 causa
903 2128 1122 2210 accusandi
1152 2128 1285 2229 durat,
1319 2153 1460 2236 nempe

309 2262 555 2368 usquedum
570 2262 877 2343 matrimonium
891 2263 1014 2369 viget.
1033 2263 1090 2343 At
1105 2261 1140 2342 si
1158 2259 1461 2343 matrimonium

309 2401 440 2474 morte
469 2393 591 2475 fuerit
620 2395 881 2495 dissolutum,
904 2402 1002 2476 tunc
1031 2401 1188 2476 remota
1217 2419 1345 2474 causa
1373 2419 1464 2501 pec

308 2529 443 2628 candi,
478 2529 582 2609 actio
612 2529 677 2609 vel
707 2527 913 2611 accusatio
942 2555 1025 2609 non
1054 2521 1129 2610 estx
1150 2535 1362 2636 perpetua,
1396 2523 1462 2606 sed

311 2660 525 2769 perimitur
544 2662 651 2744 sicut
670 2663 774 2745 aliae
795 2663 975 2747 actiones
1004 2670 1097 2771 post
1116 2669 1279 2770 tempus
1299 2660 1467 2769 triginta

309 2819 527 2875 annorum.

425 2927 486 3004 4.⁰
506 2925 650 3006 Testes
680 2927 722 3008 in
753 2927 1012 3009 accusatione
1041 2927 1290 3010 matrimonii
1315 2927 1377 3008 illi
1398 2927 1467 3008 ad-

311 3060 542 3160 mittuntur,
567 3061 636 3167 qui
658 3069 818 3168 praeter
847 3061 1056 3143 scientiam
1088 3089 1170 3144 non
1200 3071 1298 3144 sunt
1322 3089 1468 3171 suspe-

310 3201 401 3274 ctae
430 3193 524 3274 fidei
546 3219 597 3274 ex
618 3221 707 3306 cap.
732 3195 788 3275 47
810 3195 859 3276 dc
879 3203 965 3276 test.
991 3203 1028 3274 et
1057 3201 1189 3276 attest.
1214 3195 1323 3276 Hinc
1342 3197 1465 3277 etiam

312 3335 426 3433 pater
465 3325 707 3424 admittitur,
753 3333 793 3408 et
830 3327 1124 3434 consanguinei
1165 3334 1204 3408 et
1243 3328 1388 3408 affines
1428 3327 1468 3406 in

312 3458 456 3564 primis
486 3457 683 3565 gradibus
713 3486 765 3539 ex
795 3485 885 3570 cap.
922 3461 946 3539 3
977 3459 1018 3540 h.
1062 3468 1092 3540 t.
1135 3460 1357 3540 dummodo
1390 3459 1472 3540 sint

315 3600 548 3697 praesentes
578 3618 629 3672 ex
660 3619 750 3702 cop.
785 3595 812 3674 2
843 3593 884 3672 b.
919 3599 947 3672 t.
982 3593 1072 3673 Hoc
1101 3600 1239 3674 autem
1278 3593 1321 3674 in
1360 3591 1471 3672 hisce

313 3723 452 3804 causis
473 3724 564 3804 idco
594 3751 619 3804 a
644 3725 737 3831 jure
767 3725 1034 3808 constitutum
1056 3733 1131 3826 est,
1155 3725 1252 3834 quia
1280 3751 1361 3805 non
1389 3732 1473 3806 tam

314 3857 537 3939 attenditur
566 3858 617 3939 ad
647 3859 842 3940 interesse
872 3858 1146 3968 singulorum,
1174 3883 1299 3968 quam
1330 3858 1382 3939 ad
1415 3856 1476 3936 vi-

313 3991 485 4096 tandum
505 3999 734 4100 peccatum3
757 3993 925 4100 proinde
944 3994 1119 4075 testibus
1139 4021 1222 4075 non
1242 3993 1379 4074 obstat
1399 4015 1475 4072 nec

312 4123 650 4231 consanguinitas
679 4152 754 4208 nec
784 4126 976 4227 affinitas
1005 4125 1351 4234 quemadmodum
1381 4147 1476 4205 cae-

314 4257 411 4336 teris
433 4259 617 4365 personis
637 4259 738 4340 nihil
759 4261 908 4362 obstat,
932 4259 1154 4342 dummodo
1179 4257 1389 4368 praedicta
1410 4283 1477 4338 re-

314 4389 466 4496 quisita
493 4391 727 4498 praebeant.
