3178 5134
319 415 382 479 196
604 425 894 478 rmnnncrtouns
916 425 1009 477 roms
1033 425 1201 477 ornourcr

325 567 419 638 tom.
455 557 481 636 2
506 581 605 664 pop.
646 557 727 634 164
758 562 879 662 atque
913 554 978 635 his
1009 555 1144 636 verbis
1180 559 1334 663 perstat
1363 552 1405 633 in
1435 579 1488 633 ea

323 688 523 796 Epistola.
562 687 711 768 «Nam
742 688 850 795 quod
886 688 1136 796 proposuisti
1172 689 1280 796 quod
1320 687 1356 767 si
1391 711 1488 768 mu-

327 856 344 898 »
366 822 441 900 lier
456 797 690 904 infirmitate
706 828 892 928 correpta
908 847 989 901 non
1006 821 1180 903 valuerit
1196 820 1378 902 debitum
1399 821 1487 901 viro

326 956 545 1056 neddere,
570 955 668 1063 quid
699 955 789 1062 ejus
810 955 933 1036 faciat
957 955 1138 1062 jugalis?
1169 955 1333 1036 Bonum
1358 964 1485 1054 esset,

326 1103 349 1164 »¹
363 1090 400 1170 si
431 1089 491 1169 s-ic
521 1096 791 1196 permaneret,
825 1095 870 1168 ut
900 1087 1170 1168 abstinentiae
1201 1093 1376 1168 vacaret.
1402 1087 1489 1168 Sed

327 1222 462 1330 »quia
492 1219 571 1302 hoo
599 1247 846 1328 magnorum
876 1229 952 1322 est,
977 1221 1043 1302 ille
1063 1223 1134 1330 qui
1155 1249 1199 1302 se
1227 1247 1308 1302 non
1338 1223 1489 1329 poterit

327 1389 345 1432 >
366 1355 588 1455 continere,
608 1356 738 1436 nubat
752 1353 903 1462 magis;
922 1379 1004 1434 non
1020 1363 1157 1436 tamen
1173 1353 1347 1434 subsidii
1364 1380 1486 1462 opem

326 1489 581 1571 »subtrahat
613 1491 664 1570 ab
686 1489 769 1586 illa,
796 1515 921 1597 quam
951 1488 1168 1570 infirmitas
1198 1488 1421 1596 praepedit,
1447 1497 1489 1568 et

327 1649 448 1704 »non
470 1623 721 1705 detestabilis
752 1623 872 1731 culpa
902 1623 1141 1704 excludit.»
1175 1623 1240 1702 Ex
1260 1647 1341 1729 quo
1367 1621 1489 1728 juxta

292 1757 541 1838 ¹nonnullos
582 1766 785 1859 auctores,
820 1757 924 1838 inter
963 1784 1066 1865 quos
1107 1757 1345 1856 Gratianus,
1374 1756 1489 1836 Pon·

321 1890 421 1970 tilex
441 1890 557 1970 visus
578 1899 640 1970 est
659 1891 885 1972 doctrinam
907 1917 1141 2008 ,proponere
1172 1889 1351 1996 antiquis
1372 1888 1487 1968 Pon-

321 2024 501 2104 tificibus
532 2024 762 2125 adversam,
796 2050 942 2133 nempe
973 2025 1283 2114 matrimonium
1315 2021 1487 2104 dissolvi

321 2187 373 2240 ex
394 2186 442 2240 eo
463 2159 571 2267 quod
603 2158 751 2240 mulier
782 2159 939 2240 ratione
968 2158 1216 2240 infirmitatis
1246 2165 1422 2265 nequent
1448 2157 1486 2238 ei

319 2293 487 2373 reddere
518 2291 701 2372 debitum
732 2293 962 2400 conjugale,
993 2299 1032 2372 et
1061 2292 1122 2373 sic
1151 2300 1367 2399 rumpatur
1395 2317 1490 2372 ma-

320 2424 575 2524 trimonium,
600 2451 696 2505 cum
722 2425 838 2507 alteri
859 2427 964 2534 parti
986 2427 1105 2508 detur
1124 2426 1288 2508 licentia
1308 2425 1359 2506 ad
1380 2425 1490 2505 alias

321 2557 500 2666 nuptias.
528 2558 684 2638 Verum
705 2559 807 2640 haec
828 2559 1104 2667 interpretatio
1126 2560 1217 2640 aliis
1237 2558 1490 2640 Doctoribus

322 2692 511 2799 apparuit
537 2692 705 2772 omnino
732 2693 905 2774 adversa
924 2691 1137 2774 Romanae
1159 2693 1277 2774 Sedis
1299 2691 1490 2773 inerran-

321 2825 417 2924 tiae,
437 2824 544 2905 sicut
559 2825 757 2932 Gregorio
778 2828 811 2906 ll
832 2826 1045 2933 injuriosa,
1065 2853 1160 2908 cum
1181 2824 1357 2908 Romani
1375 2827 1493 2907 Pon-

320 2958 449 3039 tifices
479 2967 712 3041 constanter
751 2960 990 3042 retinuerint
1029 2987 1161 3069 neque
1191 2987 1264 3069 per
1292 2961 1491 3042 morbum

320 3091 543 3198 quemlibet
583 3093 892 3174 matrimonium
934 3093 1251 3176 christianorum
1286 3095 1335 3176 de
1365 3119 1493 3202 prae-

320 3225 424 3306 senti
456 3225 640 3308 dissolvi.
675 3225 784 3308 Hinc
813 3227 864 3306 ab
896 3227 996 3334 ipsis
1028 3228 1132 3309 aliae
1162 3235 1259 3309 sunt
1300 3229 1491 3310 invectae

320 3361 688 3469 interpretationes
713 3387 817 3470 quae
839 3361 954 3442 illum
985 3389 1184 3446 canonem
1211 3363 1330 3445 nobis
1360 3363 1494 3444 ratio-

321 3493 500 3573 nabilem
539 3501 578 3574 et
619 3493 903 3575 cohaerentem
933 3497 1060 3577 veteri
1100 3489 1318 3578 Doctrinae
1359 3523 1495 3604 expo-

320 3633 475 3707 nerent.
496 3627 604 3706 Sunt
620 3653 716 3707 vero
733 3628 836 3710 istae
854 3629 1206 3739 interpretationes
1227 3639 1324 3712 tres.
1344 3629 1495 3711 Prima

320 3769 382 3836 est
412 3783 570 3858 eorum,
606 3759 675 3866 qui
707 3768 852 3866 putant
882 3761 924 3842 in
955 3791 1004 3844 eo
1034 3791 1189 3846 canone
1215 3765 1281 3871 agi
1312 3765 1361 3845 de
1395 3791 1496 3847 mu-

320 3889 431 3990 liere,
456 3917 562 3998 quae
584 3901 770 4000 correpta
799 3901 861 3976 est
886 3895 1120 3979 infirmitate
1142 3897 1416 3999 arctitudinis,
1445 3909 1495 3982 ut

316 4025 448 4106 aviro
478 4027 670 4134 cognosci
700 4027 916 4110 carnaliter
947 4039 1135 4142 nequeat,
1160 4058 1332 4143 eamque
1351 4033 1487 4117 inter-

317 4159 585 4266 pretationem
607 4164 804 4269 praebent
822 4165 1098 4248 Bellarminus
1120 4169 1160 4248 in
1184 4169 1253 4249 lib.
1278 4171 1296 4249 l
1321 4168 1372 4249 de
1393 4198 1491 4252 mo-

270 4294 429 4375 ''trim
465 4321 553 4406 cop.
594 4297 639 4375 ll
677 4305 717 4378 et
748 4298 951 4383 Gonzalez
986 4301 1027 4381 in
1059 4312 1265 4386 comment.
1301 4303 1358 4384 ool
1390 4331 1488 4418 cap.

311 4425 395 4530 fin.
420 4425 461 4505 h.
487 4435 515 4508 t.
541 4456 650 4510 nam.
678 4433 718 4532 9,
743 4457 824 4540 quo
855 4433 897 4513 in
927 4459 1027 4516 casu
1059 4463 1154 4520 cum
1184 4437 1364 4548 primum
1397 4467 1493 4524 ma-
