3380 5132
632 283 642 320 Ι

369 399 432 465 318
655 409 946 461 ruionecnoues
969 411 1062 459 aunis
1086 404 1254 458 onuomcr

491 538 903 620 5.⁰Abs01utissim0
935 537 1011 618 hoc
1041 539 1300 636 document0,
1334 563 1416 644 quo
1447 538 1542 618 uni·

375 698 495 753 versa
515 671 715 752 catholica
735 670 920 751 doctrina
940 672 989 752 do
1011 669 1271 750 matrimonio
1292 695 1318 749 a
1332 671 1542 778 Supremo

375 807 581 888 Ecclesiae
599 805 772 885 Doctore
792 804 979 885 Romano
994 803 1191 885 Pontificc
1212 803 1382 884 mirifice
1398 812 1439 884 et
1454 803 1538 884 cla-

374 941 535 1020 rissime
552 937 772 1046 exponitur
787 964 982 1045 praesens
998 937 1177 1047 prolecto
1193 946 1357 1046 tempus
1373 933 1535 1044 egebat.

377 1073 586 1180 Siquidem
618 1071 833 1178 profligata
858 1071 1017 1178 jamdiu
1047 1070 1291 1178 poligamiae
1313 1079 1352 1152 et
1372 1071 1535 1151 divortii

373 1215 558 1286 monstra
578 1233 660 1285 non
682 1207 802 1286 modo
823 1205 1047 1286 haereticas
1075 1205 1292 1287 societates
1322 1206 1532 1305 invadere,

373 1342 444 1421 sed
466 1349 506 1422 et
526 1339 746 1421 catholicas
767 1349 909 1446 gentes
930 1340 1092 1420 inficere
1113 1341 1248 1421 denuo
1275 1340 1530 1420 minitentur.

373 1472 1538 1580 Quibusgravissimismalis,sicutetaliismaritaliunio-

372 1609 412 1688 ni
434 1607 761 1716 impendentibus
784 1609 942 1688 nullum
963 1615 1025 1688 est
1046 1616 1182 1690 tutum
1203 1607 1417 1714 effugium,
1437 1633 1533 1690 eum

374 1741 586 1850 repudiata
616 1741 823 1822 Ecclesiae
854 1739 1095 1821 auctoritate
1126 1740 1323 1821 Rectores
1353 1739 1536 1822 civilium

372 1875 614 1956 societatum
646 1900 771 1982 super
802 1873 1092 1954 matrimoniali
1119 1872 1278 1955 foedere
1299 1873 1410 1979 leges
1433 1872 1539 1954 ferre

372 2020 411 2090 et
437 2007 593 2116 judicia
623 2008 789 2088 reddero
820 2008 983 2115 populis
1014 2033 1093 2088 non
1125 2007 1386 2088 reformident
1414 2005 1538 2086 etiam

374 2146 414 2222 in
441 2143 507 2242 iis,
530 2169 636 2250 quae
666 2142 876 2224 vinculum
907 2141 1121 2250 conjugale
1152 2142 1389 2249 respiciunt.
1416 2142 1533 2234 Quod

371 2301 494 2382 quam
526 2276 580 2354 sit
610 2273 828 2354 adversum
860 2275 1010 2354 divinis
1031 2273 1357 2354 ordinationibus
1382 2275 1423 2354 in
1445 2277 1536 2383 ipsa

373 2407 581 2514 primaeva
627 2407 882 2488 institutione
925 2407 1131 2514 conjugii,
1178 2415 1218 2488 et
1262 2408 1537 2515 Evangelicae
1657 2397 1658 2432 ¹

371 2541 610 2649 praesertim
642 2541 800 2622 veritati
831 2567 952 2622 nemo
983 2567 1063 2622 non
1095 2539 1217 2642 videt,
1251 2542 1373 2649 juxta
1407 2569 1532 2651 quam

370 2673 680 2754 matrimonium
706 2673 758 2752 ad
781 2674 1032 2754 Sacramenti
1064 2674 1305 2780 dignitatem
1326 2700 1352 2752 a
1371 2673 1538 2756 Christo

370 2806 546 2886 Domino
564 2806 716 2886 elatum
735 2813 810 2886 est.
831 2806 1106 2888 Insistendum
1125 2809 1293 2916 proinde
1311 2807 1388 2888 luit
1406 2808 1449 2886 in
1470 2833 1539 2886 ex-

368 2940 527 3021 clusivo
545 2939 752 3021 Ecclesiae
763 2940 856 3048 jure
872 2941 1086 3022 ordinandi
1104 2941 1411 3024 matrimonium
1428 2939 1539 3021 chri·
1656 3027 1657 3056 p

369 3075 598 3155 stianorum
620 3073 779 3182 jamdiu
803 3077 854 3155 ab
877 3076 1070 3157 omnibus
1092 3083 1253 3184 recepto
1275 3075 1375 3156 adeo
1399 3083 1444 3156 ut
1465 3101 1542 3180 po·

369 3209 502 3289 liticae
534 3209 722 3316 potestati
755 3235 837 3288 non
867 3209 1193 3316 relinquerentur
1222 3209 1301 3289 nisi
1328 3234 1377 3288 ea
1397 3208 1538 3288 decer·

368 3343 515 3441 nenda,
540 3367 645 3450 quae
677 3315 984 3423 matrimonium
1016 3343 1179 3451 quidem
1207 3349 1531 3450 consequuntur,

367 3477 436 3556 scd
472 3475 512 3554 in
533 3501 680 3582 genere
702 3476 810 3557 civili
833 3485 1063 3558 versantur.
1089 3477 1354 3586 Explodenda
1386 3477 1535 3558 deinde

367 3609 442 3687 fuit
472 3608 541 3686 illa
562 3635 587 3687 a
607 3609 811 3715 regalistis
836 3611 1055 3692 decantata
1085 3607 1306 3712 distinctio,
1339 3611 1379 3690 vi
1409 3611 1531 3717 eujus

366 3747 619 3820 contractum
653 3743 877 3849 nuptialem
908 3771 933 3823 a
962 3753 1219 3827 sacramento
1255 3745 1531 3852 distinguunt,

367 3898 496 3979 eaque
526 3873 665 3954 verius
696 3876 910 3958 distractio
941 3881 1139 3980 vocanda,
1174 3906 1268 3960 cum
1310 3879 1351 3958 in
1392 3879 1540 3958 matri·
1655 3975 1656 3996 i

368 4007 505 4087 monio
536 4008 761 4092 christiano
792 4019 1026 4094 contractus
1048 4037 1072 4093 a
1092 4023 1350 4095 sacramento
1373 4039 1455 4094 non
1481 4012 1536 4093 sit
1655 4015 1656 4072 ἕ

366 4142 653 4245 dissociabilis,
679 4154 800 4254 atque
831 4147 999 4254 proinde
1031 4155 1076 4228 ut
1105 4147 1311 4230 ludicrum
1341 4155 1381 4227 ot
1411 4146 1538 4228 inane

366 4285 642 4358 commentum
673 4281 948 4386 reputandum
969 4279 1029 4361 sic
1050 4280 1202 4362 dictum
1225 4281 1532 4361 matrimonium

367 4409 496 4508 ciuile,
523 4411 630 4518 quod
659 4411 812 4491 nullam
836 4411 919 4492 veri
952 4413 1198 4494 matrimonii
1230 4441 1302 4522 per
1331 4441 1375 4494 se
1406 4412 1531 4494 habet
