3178 5134
214 469 217 474 ‹
290 427 355 492 236
574 437 868 493 ennnnncrronus
891 437 985 488 runis
1009 435 1181 488 cenoxrcr

299 567 415 650 muni
446 567 598 674 stipite,
632 567 775 648 eodem
806 566 936 672 gradu
967 563 1121 646 distant
1156 563 1261 645 inter
1290 587 1348 641 se.
1390 557 1457 640 Sic

302 703 337 784 si
359 702 483 809 Cajus
503 701 653 782 habeat
674 702 778 782 duos
798 700 1080 794 filiosTitium
1101 707 1141 781 et
1156 695 1459 806 Sempronium,

302 835 681 944 etSempronius
672 843 820 916 iterum
850 835 1001 915 habeat
1029 833 1159 914 filium
1191 840 1232 914 et
1261 839 1459 939 nepotem,

304 971 339 1050 si
365 969 452 1076 jam
483 976 653 1077 quaerat
656 996 705 1049 ur
734 967 776 1048 in
806 994 887 1073 quo
918 969 1049 1076 gradu
1080 994 1207 1075 nepos
1238 963 1461 1073 Sempronii
1574 1017 1575 1078 3

305 1101 359 1182 sit
388 1099 820 1248 consanguineast
751 1101 820 1181 Tit
822 1100 877 1180 iit
909 1100 1172 1208 responderet
1174 1127 1224 1180 ur
1254 1125 1350 1180 eum
1380 1121 1469 1178 esse
1574 1105 1575 1186 i

307 1233 659 1341 consanguineum
690 1233 732 1312 in
763 1242 841 1314 tter
843 1233 881 1315 io
911 1234 1043 1340 gradu
1073 1260 1169 1313 nam
1201 1258 1329 1340 nepos
1356 1232 1468 1311 Sem·

304 1369 437 1478 pronii
468 1369 593 1449 distat
622 1369 664 1448 in
695 1368 814 1450 tertio
845 1369 977 1474 gradu
1008 1393 1033 1447 a
1068 1368 1277 1448 communi
1317 1365 1464 1474 stipite.

1574 1617 1575 1672 l

1574 1673 1575 1714 l

306 1505 420 1585 Haec
452 1531 548 1584 vero
578 1504 830 1612 computatio
860 1503 1058 1585 canonica
1087 1504 1250 1584 diversa
1284 1503 1328 1583 in
1367 1501 1471 1582 linea
1574 1553 1575 1616 ἦ

307 1638 475 1747 obliqua
504 1665 529 1719 a
558 1638 862 1745 computatione
892 1638 1023 1719 lineae
1044 1645 1179 1720 rectae
1200 1648 1240 1720 et
1260 1663 1285 1716 a
1304 1662 1473 1744 eompu·
1574 1715 1575 1758 r

309 1772 461 1853 tatione
491 1770 600 1852 civili
640 1796 746 1878 quae
781 1772 823 1852 in
859 1771 969 1852 linea
1007 1771 1174 1880 obliqua
1213 1770 1374 1878 aequali
1416 1777 1476 1850 est

311 1905 435 2012 duplo
466 1903 597 2011 major
626 1904 762 1985 locum
794 1903 916 1986 habet
945 1911 1107 1985 tantum
1127 1904 1170 1984 in
1195 1901 1472 2001 matrimonio;

310 2063 407 2116 nam
447 2063 522 2144 pro
562 2035 654 2115 aliis
692 2038 947 2143 respectibus
987 2045 1087 2145 puta
1125 2035 1387 2118 successione
1426 2034 1474 2114 ad

311 2169 598 2269 haereditates,
622 2169 794 2277 aliisque
811 2171 1061 2279 computatio
1077 2171 1275 2252 canonica
1290 2167 1476 2276 congruit

314 2328 475 2409 semper
504 2327 599 2382 cum
629 2303 932 2411 computatione
962 2303 1084 2384 civili.

402 2433 464 2530 ἓξ
495 2433 622 2526 Queis
652 2433 806 2542 positis
829 2437 1040 2544 quaeritur
1070 2438 1274 2549 quomodo
1305 2461 1477 2518 consan-

316 2567 497 2675 guinitas
518 2567 627 2649 obsit
646 2570 921 2652 matrimoniis
937 2571 1230 2653 conciliandis?
1247 2570 1299 2652 Et
1313 2595 1480 2678 respon-

318 2702 495 2784 dendum
539 2710 600 2782 est
638 2704 784 2785 obesse
824 2707 960 2813 quoad
1004 2706 1163 2813 aliquas
1207 2730 1406 2813 personas
1445 2713 1482 2783 et

318 2837 473 2942 gradus
502 2862 553 2916 ex
572 2837 674 2942 jure
703 2840 902 2940 naturali,
937 2840 1072 2947 quoad
1102 2839 1261 2947 aliquas
1301 2865 1355 2918 ex
1384 2839 1482 2944 jure

312 2971 489 3082 positino
520 2969 673 3070 divino,
707 2979 746 3052 et
776 2972 943 3054 demum
972 2975 1107 3082 quoad
1137 2973 1297 3080 aliquas
1323 2974 1483 3080 exjure

324 3105 607 3206 ecclesiastcam
641 3106 681 3187 id
712 3109 820 3215 quod
851 3109 1034 3216 sequenti
1065 3135 1117 3190 ex
1147 3133 1336 3200 sermone
1375 3114 1484 3216 pate·

326 3239 397 3320 bit.
422 3239 474 3321 Et
495 3239 658 3348 quidem
672 3242 774 3349 jure
794 3245 980 3323 naturali
996 3242 1235 3352 prohibetur
1249 3241 1485 3348 conjugium

326 3373 430 3455 inter
459 3400 529 3456 eas
559 3401 771 3484 personas,
805 3401 910 3484 quae
940 3403 985 3457 se
1006 3386 1151 3459 mutuo
1171 3375 1397 3483 respiciunt
1418 3399 1487 3454 no·

324 3508 432 3588 mine
462 3519 679 3616 parentum
709 3518 750 3590 et
780 3511 1002 3592 liberorum
1031 3511 1095 3592 vel
1125 3535 1231 3618 quae
1260 3519 1360 3590 sunt
1380 3509 1423 3588 in
1443 3505 1488 3586 li-

327 3637 558 3723 nea'recta.
593 3643 654 3724 De
681 3643 773 3750 jure
804 3643 981 3727 naturali
1013 3644 1053 3724 id
1080 3643 1256 3726 dicimus
1286 3669 1379 3722 esse
1400 3663 1490 3749 pro·

323 3772 513 3875 hibitum,
547 3802 642 3858 cum
673 3777 867 3859 intereas
888 3805 1085 3887 personas
1105 3776 1346 3858 naturaliter
1364 3775 1490 3855 inter-

327 3908 444 3990 cedat
475 3935 524 3990 ea
553 3909 813 3994 necessitudo
845 3921 885 3994 et
911 3914 1055 3995 relatio
1075 3913 1326 4022 majoritatis
1347 3919 1387 3992 et
1406 3909 1494 3990 sub·

317 4043 526 4149 pectionis,
562 4052 683 4153 atque
714 4045 778 4128 his
809 4050 1061 4156 respondens
1092 4047 1363 4128 benevolentia
1390 4069 1495 4126 recc-

336 4177 537 4278 rentialis,
570 4204 676 4286 quae
711 4183 932 4262 consistere
971 4181 1112 4288 nequit
1150 4204 1244 4262 cum
1286 4177 1501 4260 affectione·

337 4311 512 4392 maritali
555 4312 740 4420 exigente
779 4317 1068 4425 aequalitatem
1112 4315 1217 4396 inter
1260 4313 1499 4420 conjunctas

336 4471 548 4550 personas
582 4446 640 4528 ita
668 4457 715 4530 ut
744 4457 841 4531 tunc
872 4449 1072 4530 maritalis
1112 4447 1273 4530 affectio
1313 4445 1500 4554 incipiat,
