3178 5134
497 1887 733 1970 TITULUS
763 1889 852 1968 XII.

406 2155 470 2235 De
503 2156 752 2266 Copnatione
781 2153 940 2262 Lapati.

210 2553 266 2633 l.⁰
306 2551 371 2632 Ex
412 2553 629 2662 adoptione
669 2554 823 2662 paritor
861 2554 1047 2662 provenit
1085 2552 1263 2661 impedi-

111 2689 273 2765 mentum
305 2686 573 2768 intersertas
602 2713 815 2795 personas,
848 2715 899 2768 ne
929 2688 1007 2768 sub
1039 2711 1173 2796 poena
1202 2687 1262 2766 ir·

112 2810 290 2898 ritationis
306 2817 378 2899 fiat
393 2819 648 2927 eonjugium,
668 2828 708 2901 et
723 2820 872 2902 dieitur
887 2820 1076 2928 cognatio
1091 2819 1259 2926 legalis,

111 2969 195 3049 quae
215 2951 419 3034 definitur:
458 2983 476 3030 ‹
497 2953 741 3061 proximitas
763 2981 837 3035 seu
859 2953 1143 3062 propinquitas
1164 2979 1259 3061 per·

26 3065 29 3136 Ϊ
110 3103 285 3166 sonarum
301 3087 547 3194 proveniens
562 3113 613 3168 ex
637 3088 910 3196 adoptione».
935 3089 977 3168 Id
994 3087 1155 3194 legibus
1170 3086 1262 3166 Ro·

111 3237 307 3300 rnanorum
337 3219 471 3302 fuerat
492 3221 742 3320 institutum,
767 3230 812 3302 ut
833 3221 996 3328 adoptio
1023 3221 1262 3300 imitaretur

111 3356 293 3455 naturam,
317 3362 358 3434 et
377 3355 548 3462 proinde
566 3381 615 3434 ex
634 3355 856 3436 constituta
877 3353 1094 3462 adoptione
1115 3353 1260 3460 prohi-

109 3475 279 3566 berentur
308 3486 489 3594 nuptiae:
522 3532 543 3548 -
578 3490 615 3566 l⁰
641 3487 799 3568 ratione
831 3487 962 3567 ciuilis
985 3488 1259 3596 paternitatis

108 3607 194 3696 inter
221 3621 483 3728 adoptantem
516 3623 755 3728 adoptatum
787 3621 958 3728 ejusque
992 3620 1100 3700 filios
1131 3620 1258 3729 idque

107 3759 280 3856 perpetuo
321 3753 445 3834 etiarn
486 3753 667 3834 resoluta
706 3754 939 3862 adoptione3
973 3799 993 3814 -
1023 3757 1066 3833 2⁰
1096 3753 1259 3835 ratione

107 3879 218 3964 eada
228 3887 517 3995 fraternitatis
534 3887 640 3968 inter
655 3887 894 3996 adoptatum
912 3888 975 3968 vel
997 3889 1254 3994 adoptatam,

28 3991 30 4046 ³
107 4015 137 4090 at
152 4014 250 4100 filias
270 4021 458 4129 filiosque
488 4021 720 4128 adoptantis
741 4021 951 4102 naturales
977 4047 1026 4102 aa
1046 4019 1257 4126 legitimos

29 4175 30 4178 ¹
108 4154 317 4256 usquedum
348 4155 512 4264 adoptio
541 4155 795 4263 perduraret,
821 4155 883 4234 vel
905 4155 971 4234 isti
1002 4180 1083 4234 non
1110 4179 1256 4234 ernan-

107 4278 335 4390 ciparentur3
357 4335 378 4349 -
405 4293 444 4368 3⁰
474 4289 632 4370 ratione
663 4289 882 4395 affinitatis
914 4297 1028 4369 ortae
1058 4315 1111 4368 ex
1142 4284 1252 4367 civili

107 4413 248 4504 vinculo
269 4409 500 4533 adoptionis
521 4425 626 4505 inter
646 4424 885 4532 adoptatum
903 4431 942 4506 et
959 4448 1131 4504 uxorem
1153 4418 1257 4499 ado·
