3388 5136
577 467 578 470 ,
642 423 742 471 mun
765 425 796 472 v.
822 442 862 452 —
887 425 1026 471 rrrunus
1048 427 1071 470 1.
1345 477 1349 496 κ
1400 405 1443 470 57

268 553 369 634 viori
413 551 591 632 formula
631 576 685 634 erc
726 553 957 660 informata
1003 551 1248 632 conscicntia
1280 552 1369 632 DD.
1406 560 1445 632 et

267 688 514 768 Canonistae
546 686 775 795 exprimere
808 696 1126 768 consueverunt.
1166 686 1268 766 Illud
1311 711 1441 767 unum

269 821 346 903 hoc
377 821 418 900 in
449 821 537 902 loco
570 819 839 901 animadverti
872 828 1019 928 potest,
1044 828 1084 900 et
1115 819 1157 900 in
1189 820 1361 901 dubium
1380 848 1443 899 re-

267 955 420 1054 vocari,
442 965 579 1034 utrum
628 963 844 1034 recusante
890 953 1095 1060 Episcopo
1140 952 1440 1034 ordinationem

268 1089 423 1196 absque
450 1088 564 1195 justa
594 1111 737 1186 causa,
772 1093 910 1193 pateat
940 1087 1062 1167 etiarn
1096 1085 1148 1166 ob
1182 1085 1258 1166 hoc
1288 1086 1339 1166 ad
1358 1084 1442 1165 Ro·

268 1247 438 1303 manum
470 1221 709 1302 Pontificem
743 1225 966 1302 recursus?
1000 1220 1109 1302 Huic
1139 1221 1212 1301 sed
1244 1245 1339 1300 vero
1367 1221 1442 1300 du-

268 1357 336 1437 bio
369 1354 594 1463 reponitur,
631 1356 738 1462 quod
770 1355 864 1436 licet
895 1354 1012 1435 multi
1045 1354 1178 1434 multa
1207 1353 1359 1452 dicant,
1404 1360 1444 1432 et

268 1490 506 1598 praesertim
538 1489 659 1570 Card.
696 1489 893 1568 De-Luca
925 1489 1098 1569 discors.
1136 1492 1193 1567 71
1222 1487 1277 1566 'de
1312 1487 1442 1566 Bene-

261 1626 339 1731 fic.
375 1624 444 1704 lib.
494 1628 552 1706 12
586 1649 685 1733 por.
725 1627 767 1723 1,
817 1630 972 1702 certum
1016 1631 1152 1702 tamen
1186 1629 1261 1720 est,
1296 1619 1441 1727 hujus-

269 1757 378 1836 modi
410 1782 624 1838 recursum
657 1757 708 1836 ad
741 1757 896 1862 Papam
929 1764 1068 1862 patere
1116 1755 1155 1834 in
1203 1754 1285 1832 vim
1333 1753 1442 1833 deci·

267 1889 394 1970 sionis
432 1891 474 1970 S.
512 1890 680 1972 Conciiii
724 1889 1064 1996 Congregationis
1105 1889 1255 1969 relatae
1296 1914 1321 1967 a
1362 1889 1442 1966 Fa-

266 2037 401 2130 gna'no
433 2022 474 2102 in
510 2025 614 2133 Cap.
650 2023 719 2103 Ad
750 2049 871 2103 aures
893 2023 942 2102 de
966 2023 1152 2132 Tempor.
1179 2021 1270 2102 ord.
1296 2049 1336 2102 n.
1363 2023 1436 2106 22.

265 2165 385 2238 etex
418 2157 559 2238 multis
600 2158 706 2257 aliis
751 2183 854 2263 quas
896 2155 1108 2236 brevitatis
1149 2180 1289 2233 amore
1321 2155 1440 2234 omit-

265 2291 405 2372 timus

353 2425 434 2505 Sed
465 2451 514 2504 ex
547 2423 682 2504 citatis
713 2422 941 2502 Tridentini
977 2405 1112 2500 verbis
1155 2446 1235 2500 non
1279 2428 1437 2501 tantum

266 2565 448 2661 apparet,
474 2579 595 2662 posse
612 2555 860 2662 Episcopum
885 2576 1022 2634 arcere
1040 2552 1244 2634 Clericum
1262 2579 1287 2633 a
1307 2554 1441 2634 susci-

266 2687 425 2792 piendis
455 2689 583 2768 sacris
615 2687 844 2784 ordinibus
867 2688 939 2769 sed
974 2696 1143 2794 apparet
1164 2687 1286 2766 etiam
1318 2711 1440 2792 posse

265 2820 408 2899 eodem
442 2822 562 2901 modo
592 2822 843 2928 suspendere
876 2821 1054 2903 Clericos
1087 2823 1173 2928 jam
1211 2819 1436 2902 ordinatos,

265 2953 374 3045 Quin
406 2953 525 3060 objici
560 2954 692 3034 valeat
724 2955 908 3061 praefata
949 2957 1074 3035 rerba
1116 2957 1272 3062 primae
1314 2953 1440 3060 partis

265 3087 457 3192 praedicti
490 3089 637 3196 capitis
668 3089 788 3195 primi
819 3115 916 3170 sess.
957 3092 1030 3170 14.
1066 3088 1291 3168 Tridentini
1327 3113 1440 3194 repe-

202 3325 204 3332 !
265 3223 339 3303 tita
369 3221 479 3303 haud
511 3223 639 3303 fuisse
671 3223 711 3303 iu
753 3225 937 3304 secunda
979 3232 1108 3330 parte.
1153 3222 1261 3302 Nam
1302 3222 1440 3302 unitas

265 3361 483 3436 contextus
514 3356 632 3456 satis
677 3382 883 3463 superque
915 3356 957 3435 id
994 3355 1202 3462 exprimit.
1249 3355 1311 3432 Ad
1353 3378 1437 3430 rem

266 3490 491 3595 Fagnauus
536 3491 576 3568 in
628 3490 731 3598 Cap.
778 3488 847 3569 Aa
891 3511 1012 3568 aceres
1054 3487 1103 3567 de
1138 3499 1256 3597 temp.
1299 3485 1435 3566 ordin.

265 3648 306 3701 n.
333 3626 377 3701 7:
404 3621 530 3703 «Etsi
554 3623 679 3702 verba
702 3621 770 3702 illa
792 3649 845 3702 ex
865 3649 1117 3730 pecorumque
1143 3647 1281 3718 causa,
1316 3621 1440 3700 etiam

267 3755 354 3835 »ob
387 3757 584 3836 occultum
617 3760 767 3836 eritnen
800 3767 876 3836 etc.
915 3785 993 3838 nou
1026 3758 1108 3836 siut
1140 3754 1329 3862 apposita
1359 3753 1437 3833 nisi

269 3890 350 3969 »in
383 3891 506 3996 priori
540 3898 652 3997 parte
684 3891 777 3972 dicti
811 3891 957 3998 capitis
998 3891 1116 3997 primi
1154 3889 1352 3970 sessionis
1389 3891 1440 3967 14

269 4024 356 4102 »de
388 4021 618 4106 Reformat.
658 4023 725 4102 ubi
760 4023 899 4130 agitur
930 4025 978 4104 de
1006 4023 1285 4103 interdictione
1302 4051 1312 4120 3
1346 4047 1440 4100 cen-

269 4163 386 4239 ›seri
425 4169 561 4240 tamon
599 4159 747 4240 debent
782 4159 960 4266 repetita
986 4157 1055 4236 iila
1076 4157 1211 4237 ‘verba
1242 4155 1364 4236 etiam
1398 4154 1437 4234 in

269 4291 512 4398 »sequenti
548 4292 618 4371 ubi
652 4291 789 4396 agitur
820 4291 869 4370 de
900 4289 1199 4397 Suspensioue:
1233 4296 1320 4370 tum
1343 4287 1440 4394 quia

269 4423 536 4505 »Concilium
585 4427 663 4505 sub
711 4426 834 4506 unica
879 4424 1076 4525 oratione,
1126 4451 1173 4505 ac
1219 4424 1438 4503 verborum
