3360 5126
519 465 621 510 mareu
643 465 677 512 v.
702 482 746 495 —
769 466 910 512 arrosus
933 467 1020 512 xxiv.
1297 445 1364 512 299

182 597 322 672 tamen
344 591 397 669 ob
425 587 685 694 fragililatem
708 591 854 670 aetatis
875 617 956 671 non
979 591 1113 674 solenl
1133 594 1190 675 ila
1205 592 1359 700 puniri,

183 722 263 803 nisi
295 723 441 803 delicta
465 722 616 803 luerint
636 723 902 828 gravissima,
937 731 983 804 ut
1013 723 1211 825 haeresia,
1236 727 1363 806 simo·

182 857 267 956 nia,
303 857 563 938 veneficium.
599 859 659 937 lta
690 857 883 936 Masehat
898 857 939 937 b.
961 867 989 939 t.
1008 885 1051 941 n.
1071 863 1117 951 2,
1138 867 1175 940 el
1189 885 1271 969 seq.

560 1261 798 1344 TITULUS
829 1262 986 1343 XXIV.

441 1534 516 1612 De
560 1532 781 1612 Clerico
823 1539 1093 1613 uenatore.

265 1797 479 1881 Hactenus
510 1801 594 1907 egit
623 1801 878 1908 Gregoriuna
908 1797 1151 1907 Compilalio
1193 1799 1242 1880 de
1287 1798 1356 1880 de·

176 1930 285 2012 liolis
316 1935 608 2016 communibus
639 1945 722 2016 tarn
760 1935 1030 2034 clericorum,
1065 1960 1190 2041 quarn
1221 1932 1353 2014 laico-

174 2092 299 2167 rum3
333 2096 443 2149 nuno
473 2077 612 2150 aulem
644 2095 772 2175 agere¹
798 2069 940 2175 incipit
981 2069 1030 2148 de
1075 2066 1354 2174 peculiaribus
1391 2106 1397 2116 ·

175 2197 361 2305 ipsorum
402 2200 652 2281 Clerieorum
699 2201 873 2281 delictis,
923 2201 1032 2280 Hine
1068 2227 1093 2279 a
1139 2200 1353 2280 venatione

173 2335 388 2414 exordium
420 2361 590 2414 sumens
620 2344 878 2441 praesentem
910 2333 1077 2440 subjicit
1109 2333 1290 2415 tilulum.

261 2467 452 2566 Venali0,
478 2468 527 2548 de
549 2493 631 2574 qua
661 2467 825 2548 rubrica
856 2467 1052 2574 loquitur,
1087 2493 1168 2548 nou
1200 2475 1263 2548 est
1284 2495 1352 2547 ve-

171 2603 282 2682 ualio
295 2607 530 2713 oppressius
552 2602 783 2703 hominum,
810 2602 919 2683 siout
941 2602 1018 2683 luit
1040 2601 1109 2681 illa
1123 2601 1351 2682 Nembrolb

170 2736 329 2815 robusti
363 2739 585 2834 venatoris,
627 2739 676 2816 de
722 2763 803 2844 quo
838 2741 986 2817 Genesi
1017 2738 1088 2828 10,
1128 2737 1232 2816 Cau.
1262 2737 1345 2843 fin.

170 2869 214 2948 in
229 2869 312 2975 fin.
337 2870 495 2952 Sebolii
515 2870 610 2951 dist.
638 2875 682 2968 ὅ,
708 2878 890 2976 olquam
914 2871 1097 2952 illicitam
1121 2897 1211 2952 esse
1229 2897 1349 2952 nemo

168 3027 250 3082 non
282 3003 418 3104 videt3
452 3030 583 3111 neque
614 3010 677 3082 est
707 3002 868 3082 venatio
900 3005 1116 3094 arenaria,
1159 3030 1235 3083 seu
1274 3031 1348 3110 pu-

168 3162 252 3240 gna
282 3162 376 3215 oum
410 3137 578 3236 bestiis;
612 3137 684 3216 sed
716 3143 778 3215 est
808 3135 971 3215 venatio
1011 3135 1224 3242 sylvalioa,
1271 3161 1345 3214 seu

168 3269 409 3377 occupatiori
443 3270 551 3350 ferae
582 3268 748 3365 liberae,
785 3293 890 3374 quae
922 3269 970 3348 ad
995 3267 1192 3364 ferarum,
1217 3275 1256 3347 et
1277 3293 1348 3345 vo-

168 3399 330 3482 lucrum
363 3411 577 3510 capturam
610 3403 839 3484 ordinatur.

255 3537 384 3616 Porro
415 3535 653 3644 hujusmodi
685 3537 847 3617 venatio
878 3535 1093 3645 sylvalioa‚
1128 3560 1202 3614 seu
1225 3559 1348 3614 oceu-

165 3669 307 3778 paliva
337 3697 362 3750 a
392 3671 716 3753 DD.'dividitur
747 3671 789 3750 in
826 3671 1111 3764 elumorosam,
1157 3676 1196 3750 et
1235 3673 1345 3777 quie-

164 3809 264 3882 tam.
291 3802 435 3883 Prima
464 3805 510 3885 fit
541 3831 694 3911 magno
725 3830 953 3902 armorum,
987 3813 1026 3884 el
1047 3831 1198 3884 eanum
1220 3829 1346 3910 appa·

165 3943 274 4034 ratu,
299 3963 380 4016 non
403 3939 492 4018 sine
524 3939 601 4019 levi
633 3939 806 4047 strepitu
843 3941 894 4020 ad
931 3939 1108 4045 majores
1140 3937 1247 4018 feras
1277 3963 1345 4018 ca-

164 4070 352 4178 piendas
385 4071 528 4153 Altera
560 4099 656 4153 vero
688 4074 732 4154 fit
763 4074 920 4180 absque
950 4073 1139 4179 strepitu,
1163 4071 1228 4150 vel
1249 4097 1345 4150 oum

164 4205 337 4313 laqueis,
372 4207 434 4287 vel
467 4235 563 4290 oum
591 4209 766 4318 relibuS,
801 4207 865 4287 vel
896 4234 991 4288 oum
1029 4207 1238 4287 moderabo
1270 4229 1341 4284 ar-

163 4364 342 4442 morum,
378 4349 417 4422 et
448 4367 600 4424 eanum
633 4369 713 4422 usu
745 4342 931 4424 ordinato
970 4341 1021 4421 ad
1062 4340 1238 4448 lepores,
1273 4363 1344 4418 vo·

162 4473 314 4574 lueres,
351 4477 535 4585 aliasque
566 4475 805 4584 hujusmodi
837 4477 945 4556 lorus
976 4475 1211 4584 capiendas.
