3136 5138
415 419 522 470 6666
544 417 590 466 tv.
617 435 637 448 -
659 414 798 466 rrrunus
821 416 879 464 vn.
1177 405 1238 468 191

13 655 14 660 Ν
90 551 120 630 id
154 575 199 630 ex
239 545 395 628 indulto
436 555 508 626 aut
548 545 740 626 facultate
782 543 1010 627 Ordinariis
1047 548 1231 629 locorum

13 709 14 712 ‘
90 682 279 790 largiatur,
313 680 555 788 praesertim
596 679 731 789 quoad
771 679 1109 763 revalidationem
1145 709 1235 762 rna-

13 905 14 912 ,
90 817 367 896 trimoniorum.
401 814 507 895 Cum
547 819 667 923 porro
708 813 1046 921 impedimentum
1075 825 1137 898 est
1167 843 1236 898 oe-

13 1001 14 1004 *
89 951 240 1050 cultum,
283 947 348 1028 vel
378 973 513 1029 sermo
544 957 605 1030 est
635 948 684 1028 de
724 947 984 1030 matrimonio
1017 949 1105 1056 jam
1135 978 1233 1031 eon-

91 1094 196 1165 tracto
236 1081 524 1183 revalidandO,
567 1081 631 1162 vet
672 1082 721 1162 de
768 1083 1029 1164 matrimonio
1075 1092 1236 1165 eontra-

93 1216 217 1296 hendo:
260 1215 297 1296 si
339 1215 475 1321 agitur
504 1216 553 1296 de
584 1214 845 1296 matrimonio
880 1213 968 1320 jam
1008 1224 1231 1317 contracte,

92 1364 169 1428 tune
211 1349 264 1428 ad
309 1347 546 1428 evitandum
590 1347 856 1447 scandalum,
904 1348 1013 1454 quod
1058 1349 1236 1429 eveniret

91 1481 116 1558 si
149 1479 455 1563 matrimonium
491 1479 798 1578 dissociaretur,
843 1478 960 1560 facile
1001 1482 1237 1562 conceditur

90 1613 344 1720 dispensati0,
389 1621 429 1694 et
464 1613 630 1719 practici
676 1613 787 1693 illam
833 1622 980 1695 vocant
1024 1615 1237 1720 dispensa-

90 1747 220 1826 tionem
261 1747 558 1847 neeessariam,
601 1773 729 1855 eaque
770 1747 1038 1829 committitur
1078 1747 1237 1828 contes-

90 1881 193 1982 sario,
226 1889 274 1962 ut
304 1881 470 1989 praevia
500 1880 757 1961 absolutione
789 1881 841 1960 ab
872 1881 962 1963 istis
992 1881 1236 1963 criminibus

13 2091 14 2094 ,
91 2014 278 2122 dispenset
293 2015 346 2096 ab
363 2015 653 2122 impedimento
675 2015 726 2095 ad
748 2016 1058 2096 matrimonium
1079 2025 1236 2098 secreto

89 2150 409 2248 contrahendum,
434 2149 512 2229 nisi
533 2148 707 2230 eonstito
729 2149 778 2230 de
805 2149 1109 2257 perseverantia
1128 2150 1238 2257 prio·

91 2281 135 2362 ris
156 2310 381 2364 consensus
413 2283 600 2364 videatur
630 2310 720 2364 esse
751 2284 982 2365 necessaria
1000 2287 1163 2365 sanatio
1195 2287 1238 2366 in

91 2417 225 2498 codiee.
250 2419 309 2498 At
338 2417 374 2496 si
405 2418 542 2523 agitur
572 2418 621 2498 de
653 2418 914 2500 matrimonio
941 2419 1234 2520 contrahendo,

88 2550 179 2630 seire
197 2551 380 2650 interest,
404 2577 457 2632 an
478 2551 816 2659 impedimentum
842 2554 1053 2660 proveniat
1074 2563 1235 2636 tantum

87 2710 131 2762 rx
150 2684 345 2766 adulterio
376 2710 471 2764 oum
493 2683 780 2792 promissione,
804 2686 892 2766 sive
913 2687 1037 2767 etiam
1058 2715 1111 2767 ex
1133 2713 1238 2767 uxo-

89 2815 212 2899 rieidio
243 2817 485 2926 praesertim
506 2819 713 2898 communi
737 2817 1036 2900 machinatione
1058 2827 1232 2928 patrato

87 2949 123 3027 Si
137 2950 471 3059 impedimentum
493 2951 686 3058 procedat
702 2977 727 3028 a
746 2952 834 3032 solo
856 2951 1025 3033 erimine
1047 2953 1236 3034 adulterii

86 3107 166 3162 eum
196 3081 484 3192 promissione,
519 3083 563 3163 S.
593 3083 912 3164 Poenitentiaria
943 3084 1152 3192 dispensat
1183 3110 1236 3163 ex

87 3217 210 3297 causis
231 3217 370 3296 minus
392 3215 603 3322 gravibus
628 3216 684 3296 At
704 3215 740 3295 si
761 3217 972 3323 proveniat
1003 3242 1164 3323 quoque
1185 3241 1238 3294 ex

91 3350 302 3431 uxorieidio
332 3349 573 3457 praesertim
604 3348 818 3458 utriusque
845 3349 1145 3430 machinatione
1168 3378 1239 3458 pa-

88 3491 177 3564 trato
207 3483 313 3563 solet
343 3482 389 3564 S.
418 3483 740 3563 Poenitentiaria
769 3490 952 3590 petentes
983 3483 1186 3563 deterrere
1216 3507 1241 3560 a

87 3613 145 3694 tali
175 3615 353 3697 ineundo
385 3596 592 3724 conjugio,
617 3624 656 3696 et
677 3615 840 3696 nonnisi
871 3617 1034 3725 quando
1055 3625 1240 3725 petentes

87 3755 172 3828 sunt
211 3748 418 3829 obfirmati
454 3749 496 3828 in
527 3748 735 3831 voluntate
775 3750 1014 3857 conjugium
1055 3750 1237 3850 ineundi,

86 3888 194 3986 atque
217 3882 393 3990 prompti
415 3883 584 3964 suntad
606 3882 915 3964 matrimonium
941 3884 1057 3964 civile
1081 3895 1239 3965 contra-

87 4007 270 4114 hendum,
294 4015 392 4123 quia
411 4024 566 4096 statum
597 4015 758 4097 civilem
789 4016 886 4097 latet
911 4017 1140 4097 admissum
1162 4017 1241 4096 cri-

13 4169 14 4174 *
89 4169 184 4249 men,
208 4148 272 4229 vel
293 4149 345 4230 ad
375 4150 722 4257 perseverandum
753 4150 794 4229 in
825 4150 1115 4249 concubinatu,
1145 4176 1243 4230 con-

13 4325 14 4392 3
87 4281 181 4362 cedit
211 4282 557 4390 dispensationem
588 4311 662 4392 pro
685 4282 770 4364 soro
798 4283 1070 4365 conscientiae
1092 4311 1116 4363 a
1137 4272 1245 4364 (366-Ι

13 4433 14 4460 ³
89 4409 250 4495 fossario
270 4417 551 4524 exequendam
570 4419 691 4525 juxta
713 4416 900 4516 sormam,
924 4427 968 4498 ut
990 4418 1132 4498 deinde
1154 4441 1245 4494 ma-
