3178 5134
346 415 411 482 284
629 427 918 482 enanmcrrouus
940 428 1033 481 sums
1056 427 1225 481 canonici

353 569 492 642 tamen
520 557 659 639 minus
689 583 847 659 verum,
881 557 988 664 quod
1017 555 1096 638 hoc
1125 557 1185 638 eis
1215 557 1337 639 luerit
1365 581 1418 638 ex
1449 557 1506 638 di·

354 693 614 803 spensatione
644 690 783 772 divina
813 715 1068 772 concessum.
1093 688 1236 798 Neque
1258 690 1417 772 videtur
1442 689 1508 771 illa

354 826 556 909 sententia
596 824 873 934 praeferenda,
909 849 1014 932 quae
1054 830 1164 905 tenet
1201 823 1390 904 hebraeis
1429 849 1508 904 non

355 962 482 1042 luisse
521 957 726 1040 indultum
756 957 828 1038 sed
857 965 1019 1039 tantum
1058 983 1141 1038 non
1182 957 1429 1066 imputatum
1459 957 1508 1038 ad

353 1120 540 1204 poenam,
567 1092 675 1200 quod
704 1092 847 1186 darent
871 1089 1054 1171 libellum
1074 1090 1248 1199 repudii,
1272 1116 1368 1172 cum
1389 1090 1429 1171 id
1450 1091 1509 1172 di-

355 1229 474 1308 vinae
495 1226 574 1332 legi
595 1224 733 1335 potius
748 1224 935 1305 videatur
955 1223 1216 1332 injuriosum.
1237 1223 1356 1316 Quod
1372 1231 1508 1304 autem

354 1358 543 1440 hebraeis
583 1357 732 1438 directe
771 1355 1018 1464 permissum
1057 1361 1134 1456 est,
1167 1354 1208 1436 id
1238 1355 1409 1436 caeteris
1438 1382 1509 1463 po-

357 1491 466 1600 pulis
496 1490 700 1572 indultum
730 1516 820 1570 esse
841 1490 892 1571 ad
912 1489 1050 1571 minus
1069 1489 1263 1571 indirecte
1282 1497 1420 1572 tenent
1438 1489 1509 1570 do·

358 1633 504 1724 ctores,
538 1610 691 1706 attenta
720 1624 843 1705 etiarn
874 1623 1025 1705 duritia
1053 1624 1187 1705 cordis
1216 1649 1374 1725 eorum,
1406 1648 1509 1732 quae

356 1758 587 1842 communis
607 1757 711 1838 ratio
732 1756 852 1838 istius
882 1756 1158 1865 indulgentiae
1179 1763 1336 1838 retenta
1355 1763 1432 1838 est.
1456 1759 1511 1837 At

357 1891 577 1974 adveniens
597 1889 767 1971 humani
788 1891 949 1998 generis
965 1887 1193 1998 Reparator
1209 1889 1397 1971 Christus
1417 1887 1511 1970 huic

357 2026 514 2108 indulto
545 2024 677 2105 factus
709 2031 770 2105 est
799 2024 906 2104 linis
943 2023 1047 2104 Cum
1087 2023 1196 2104 enini
1235 2022 1511 2132 interpellatus

246 2235 248 2238 ,
359 2158 481 2240 fuerit
498 2189 522 2241 a
537 2157 715 2265 judaeiS,
734 2185 786 2238 an
802 2157 939 2239 liceret
953 2157 1109 2239 homini
1126 2157 1326 2239 dimittere
1341 2181 1510 2238 uxorem

358 2318 476 2372 suam
500 2317 748 2399 quacumque
776 2315 830 2370 ecc
858 2317 999 2391 causa,
1023 2316 1104 2370 non
1134 2291 1255 2372 modo
1285 2316 1428 2370 eorum
1453 2289 1512 2368 in-

358 2424 685 2532 terpretationem
716 2423 975 2532 reprehendit
995 2431 1206 2532 tamquam
1227 2423 1348 2504 nimis
1369 2423 1507 2521 letam,

358 2559 430 2639 sed
460 2557 766 2640 matrimonium
796 2559 1002 2640 revocavit
1022 2557 1073 2638 ad
1094 2557 1308 2666 pristinam
1337 2556 1511 2637 indisso-

358 2691 572 2772 lubilitatis
588 2689 826 2797 dignitatem
842 2691 1098 2798 subjungens
1123 2721 1141 2765 ‹
1162 2690 1270 2798 quod
1285 2689 1400 2770 Deus
1420 2715 1513 2769 oon·

354 2823 504 2931 junxit,
530 2823 652 2904 homo
683 2851 764 2905 non
794 2832 993 2933 separet>
1027 2831 1150 2932 prout
1180 2823 1437 2931 apertissime
1456 2823 1514 2902 in-

359 2957 498 3038 sinuat
522 2955 750 3037 Concilium
771 2956 1057 3038 Tridentinum
1077 2981 1171 3038 sess.
1196 2955 1349 3038 XXIV
1365 2957 1414 3036 de
1432 2958 1516 3038 Do-

358 3092 493 3171 ctrina
522 3091 799 3170 Matrimonii.

477 3225 536 3304 3.⁰
558 3224 671 3305 Haec
699 3233 836 3306 tamen
866 3223 1110 3305 instauratio
1140 3249 1222 3304 non
1253 3222 1330 3304 luit
1350 3223 1512 3332 pacifice

358 3364 399 3438 et
418 3356 782 3439 incunctanter-ab
811 3357 1048 3439 hominibus
1079 3365 1254 3466 recepta,
1279 3357 1351 3439 sed
1381 3357 1513 3465 potius

360 3488 545 3570 Ecclesia
563 3489 639 3571 Dei
665 3489 820 3596 jugiter
848 3517 1032 3598 pugnare
1061 3489 1201 3571 debuit
1220 3515 1293 3597 pro
1315 3489 1404 3597 ejus
1423 3515 1535 3576 exe.

358 3622 535 3702 cutione.
556 3621 762 3731 Principio
784 3623 892 3704 enim
915 3630 1143 3731 pugnaturn
1165 3629 1226 3704 est
1246 3630 1388 3703 contra
1406 3621 1516 3728 leges

360 3753 520 3862 imperii
551 3755 725 3856 romani,
755 3754 931 3865 quaein
962 3754 1170 3862 aliquibus
1201 3755 1367 3836 casibus
1396 3754 1516 3838 etiam

360 3893 452 3993 post
482 3885 728 3970 christianae
757 3887 860 3995 legis
890 3887 1165 3995 receptionem
1191 3887 1410 3969 divortium
1429 3912 1521 3994 per·

358 4016 588 4103 mittebant.
615 4021 667 4103 Et
696 4030 839 4103 contra
867 4019 943 4101 has
974 4021 1086 4129 leges
1116 4021 1315 4130 pugnavit
1339 4016 1523 4102 Ecclesia

358 4150 446 4230 sive
476 4177 527 4231 ex
560 4163 674 4261 parte
713 4155 997 4236 Romanorum
1039 4154 1301 4254 Pontificum,
1345 4153 1429 4234 sive
1466 4173 1522 4228 ex

358 4291 472 4391 parte
488 4287 824 4396 principaliorum
839 4287 1081 4389 Doctorum,
1102 4295 1149 4369 ut
1163 4285 1410 4368 Ambrosius
1429 4279 1519 4380 fuit,

358 4414 637 4526 Hieronymus
669 4421 834 4531 aliique,
857 4422 1090 4529 usquedum
1122 4445 1218 4502 curn
1248 4419 1337 4501 suis
1363 4413 1521 4523 legibus
