3178 5134
340 389 404 456 268
624 405 916 458 naracucrrouus
937 404 1031 458 uuars
1055 405 1224 460 cauomcr

344 531 466 613 titum
495 531 709 634 adsistant,
741 540 863 641 prout
892 539 933 614 et
951 532 1150 615 invocatis
1166 533 1271 641 juris
1290 507 1492 642 principiis

345 665 461 747 facile
490 665 676 747 concludi
707 672 998 774 potestaten
1018 665 1205 774 pluribus
1225 667 1493 750 decisionibus

344 798 388 879 S.
423 797 760 908 Congregationis
790 797 973 899 Concilii,
998 799 1236 906 praesertim
1256 825 1307 881 cx
1328 801 1493 882 Floren-

343 934 430 1013 tina
460 931 543 1012 diei
586 933 637 1012 10
677 931 880 1013 Febrccr.
927 933 1035 1012 1629
1078 932 1147 1012 tib.
1195 935 1245 1014 19
1285 935 1488 1016 Decretor.
1580 979 1583 1106 p

334 1093 435 1178 pap.
471 1067 540 1146 35.
575 1063 665 1144 Hoc
693 1071 831 1144 tamen
861 1062 1121 1145 interdictum
1141 1065 1193 1144 ab
1214 1063 1416 1174 Episcopo
1436 1067 1492 1148 di·
1580 1089 1583 1128 r

218 1279 222 1290 ,
341 1207 498 1282 rectum
527 1203 668 1279 contra
696 1195 930 1278 Parochum
958 1223 1009 1277 ne
1044 1195 1215 1278 adsistat
1254 1223 1337 1278 non
1376 1197 1493 1281 efficit

282 1425 285 1431 ¹
341 1341 388 1415 ut
415 1331 516 1413 illud
545 1329 853 1412 matrimonium
882 1355 1021 1412 coram
1049 1327 1118 1410 illo
1139 1330 1402 1432 celebratum,
1425 1356 1493 1411 va-

341 1466 473 1547 lidum
502 1490 584 1545 non
613 1461 681 1566 sit3
723 1487 819 1544 nam
858 1461 934 1543 etsi
972 1460 1177 1570 parochus
1215 1463 1493 1546 adsistentiam

339 1597 585 1708 praestando
614 1604 751 1704 peccet
781 1603 922 1677 contra
950 1595 1189 1678 rationabile
1214 1595 1407 1705 Episcopi
1427 1625 1494 1680 ve-

340 1734 461 1816 titum
489 1729 798 1812 matrimonium
827 1736 964 1811 tamen
993 1729 1054 1811 sic
1083 1730 1331 1812 celebratum
1369 1731 1490 1836 valet,

339 1866 376 1947 si
405 1865 528 1947 modo
558 1863 625 1945 ille
655 1871 792 1944 manet
820 1861 955 1944 adhuc
983 1862 1210 1965 Perochus,
1234 1871 1280 1944 ut
1298 1863 1425 1971 liquet
1444 1890 1491 1944 ex

338 1995 566 2106 Responsis
596 1996 640 2078 S.
676 1993 1011 2103 Congregationis
1047 1993 1216 2076 Concilii
1246 1995 1353 2077 datis
1388 2022 1491 2075 anno

343 2134 447 2212 1581
482 2129 539 2211 acl
568 2128 692 2210 dubio
714 2130 930 2240 proposita
959 2129 1010 2208 cb
1041 2131 1244 2241 Episcopo
1277 2131 1492 2210 Gicnnenst

339 2265 408 2344 tib.
446 2265 470 2344 3
500 2265 661 2344 Decrct.
688 2289 789 2374 pop.
827 2266 880 2344 59
906 2269 944 2342 et
961 2287 1069 2370 seqq.
1092 2308 1112 2329 -
1131 2261 1225 2344 Non
1244 2269 1378 2370 potest
1397 2289 1492 2370 ergo

338 2395 381 2475 in
411 2419 511 2476 casu
540 2394 719 2477 dubitari
749 2397 857 2505 quod
886 2395 1072 2502 generice
1111 2395 1312 2504 loquendo
1352 2397 1491 2478 matri·

336 2526 523 2616 monium
553 2535 691 2610 actum
720 2528 798 2610 sub
820 2527 1031 2610 interdicto
1051 2527 1105 2610 sit
1125 2527 1311 2610 illicitum
1327 2530 1402 2610 sed
1420 2556 1491 2610 va-

335 2659 480 2761 lidum,
513 2663 784 2768 nequeenim
824 2660 892 2740 alii
932 2660 1174 2769 Superiores
1213 2661 1490 2743 Ecclesiastici

336 2792 534 2875 Pontifice
554 2793 766 2876 inferiores
786 2803 960 2903 possunt
981 2794 1081 2876 illud
1101 2793 1361 2876 interdictum
1381 2821 1490 2876 corn·

336 2925 497 3006 munire
527 2925 710 3006 clccsutc
733 2927 936 3006 irritante.
960 2927 1050 3008 Hoc
1069 2927 1176 3007 valet
1195 2927 1354 3008 efficere
1378 2927 1492 3010 solus

335 3057 550 3142 Romanus
580 3059 782 3162 Pontifex,
805 3060 899 3143 licet
919 3060 1168 3143 censendum
1187 3061 1345 3142 nonsit
1365 3061 1492 3170 quod·

335 3219 510 3300 cumque
540 3193 800 3275 interdictum
840 3191 1101 3274 Pontificium
1126 3194 1307 3276 ,reddere
1346 3193 1487 3275 matri-

337 3325 522 3407 monium
553 3325 792 3407 invalidum.
827 3325 884 3408 Ut
912 3325 1022 3404 enim
1052 3325 1203 3431 optime
1241 3325 1420 3434 loquitur
1449 3324 1492 3404 in

334 3458 411 3541 hec
440 3485 484 3540 re
499 3456 779 3559 ,Reiffenstuel
809 3457 850 3538 b.
884 3463 913 3538 t.
948 3485 1057 3538 num.
1094 3459 1118 3537 9
1148 3465 1186 3537 et
1219 3461 1285 3558 10,
1326 3455 1486 3540 etiamsi

335 3591 451 3698 Papa
479 3592 708 3700 specialiter
736 3618 787 3674 ex
818 3615 1076 3699 quacumque
1096 3591 1261 3672 tandem
1282 3616 1410 3672 causa
1428 3589 1493 3670 in-

336 3723 519 3824 lordicat,
552 3749 627 3804 seu
656 3723 868 3832 prohibeat
897 3723 1217 3822 matrimonium,
1261 3723 1395 3804 valide
1423 3722 1490 3802 ni-

335 3856 559 3938 hilominus
589 3855 857 3958 contrahitur,
890 3857 970 3937 nisi
999 3857 1078 3938 sub
1107 3855 1279 3938 Decreto
1305 3856 1490 3938 irritante

335 3991 436 4072 illud
465 3991 693 4100 prohibeat,
725 3991 822 4101 quia
850 3990 1026 4099 simplex
1054 3989 1275 4098 prohibitio
1296 4017 1379 4073 non
1398 3989 1492 4070 irri-

334 4131 395 4206 tat
424 4131 561 4206 actum
590 4126 639 4206 de
669 4133 816 4208 natura
845 4132 884 4206 et
908 4123 1001 4232 jure
1032 4123 1227 4207 validum.
1252 4125 1310 4206 At
1335 4125 1371 4205 si
1390 4149 1488 4206 con-

333 4261 413 4339 stet
457 4255 695 4339 Pontificem
740 4255 945 4340 addidisse
988 4255 1219 4339 clausulam
1259 4256 1490 4340 irritantem
