3380 5132
563 443 671 494 amna
693 443 739 491 iv.
765 459 786 474 -
808 441 947 494 rrrunus
970 441 1041 492 xix.
1324 426 1390 490 329

218 573 328 652 intra
348 579 510 678 tempus
532 569 663 649 eidem
685 567 898 648 monitioni
920 569 1150 676 praefixum
1170 595 1292 649 suam
1313 595 1386 649 vo-

221 705 421 785 luntatem
435 731 517 784 non
533 703 803 810 significasse.
829 735 847 779 »
874 703 990 796 Quae
1007 704 1146 784 omnia
1166 704 1387 786 ostendunt

222 838 278 918 ibi
301 838 367 944 agi
389 837 438 917 de
459 837 761 944 dispensatione
782 839 834 918 ab
856 837 1191 944 interpellatione,
1218 837 1386 944 proinde
1406 921 1413 937 ,
1438 857 1439 862 ‘

220 973 274 1052 de
303 996 403 1050 casu
434 969 635 1077 privilegii
667 969 846 1051 Paulini.
872 969 1040 1050 Erimus
1070 970 1239 1077 proinde
1269 969 1387 1050 valde

224 1103 388 1186 discreti
419 1111 458 1184 et
487 1111 776 1211 temperantes,
801 1103 835 1183 si
856 1102 962 1183 hanc
992 1104 1273 1211 quaestionem
1294 1127 1391 1183 con-

222 1240 439 1320 cludemus
470 1239 605 1319 verbis
635 1215 842 1319 Benedicti
871 1227 970 1317 XIV
991 1237 1032 1316 in
1063 1236 1264 1318 Discursu
1295 1261 1390 1316 cum

227 1394 380 1448 munus
423 1370 639 1450 Secretarii
679 1369 1099 1476 &congregationis
1139 1369 1308 1450 Concilii
1349 1367 1392 1448 in
1480 1424 1483 1430 =

221 1502 364 1583 Causa
384 1503 621 1583 Florentina
641 1510 779 1609 ageret
801 1503 842 1582 in
864 1529 944 1610 quo
966 1531 1075 1584 aum.
1111 1505 1161 1582 16
1185 1505 1255 1584 ait:
1296 1534 1313 1578 ‹
1334 1504 1392 1581 At

234 1663 367 1716 »cum
390 1637 575 1717 doctrina
605 1637 788 1716 Sanchez
810 1645 850 1716 et
869 1635 1048 1716 Navarri
1069 1637 1287 1718 consilium
1317 1636 1395 1715 im·-

229 1801 252 1844 ·»
273 1777 479 1876 pugnetur
499 1798 524 1850 a
543 1771 691 1850 Pontio
712 1771 761 1850 de
780 1760 961 1852 matrim.
977 1772 1060 1852 tib.
1092 1773 1116 1852 9
1139 1797 1229 1881 cup.
1254 1773 1296 1870 2,
1328 1770 1394 1850 cui

234 1904 466 1986 »adhaeret
494 1905 622 1984 Peren
652 1905 702 1984 dc
731 1907 912 1986 matrim.
948 1905 1098 2015 disput.
1133 1907 1189 1985 20
1218 1911 1313 1984 sect.
1342 1905 1393 1983 10

234 2063 346 2147 »per
371 2045 510 2140 totum,
535 2065 609 2118 noc
630 2039 779 2138 adsint,
805 2040 913 2146 quod
934 2039 1061 2118 sciam
1094 2037 1280 2144 exempla
1299 2063 1396 2117 con-

231 2203 255 2244 »
275 2171 422 2251 similis
453 2171 782 2279 dispensationis
817 2172 1013 2280 quidquid
1043 2172 1096 2252 sit
1117 2172 1166 2251 de
1188 2171 1396 2280 pontificia

238 2305 533 2404 »auctoritate
568 2331 690 2412 quarn
728 2314 904 2385 sanctam
946 2313 1093 2384 tectam
1131 2304 1172 2383 in
1203 2303 1396 2384 omnibus
1493 2399 1495 2403 ,

237 2470 254 2512 >
275 2463 365 2518 esse
386 2439 532 2518 debere
553 2439 699 2536 sentio,
722 2419 811 2546 ejus
832 2439 1070 2520 exercitium
1093 2441 1248 2546 absque
1269 2438 1394 2520 dubio

235 2579 382 2651 »esset
412 2571 454 2650 in
484 2597 584 2651 casu
615 2571 950 2678 periculosum.»
986 2571 1061 2652 Cui
1083 2571 1252 2653 oonsilio
1273 2571 1397 2652 cessit

231 2705 278 2784 S.
299 2705 570 2810 Congregatio
591 2705 775 2805 Consilii,
796 2707 1143 2813 quemadmodum
1164 2733 1189 2786 a
1210 2706 1279 2786 tali
1303 2716 1397 2786 actu

234 2839 431 2919 abstinuit
461 2840 602 2920 Sixtus
623 2840 677 2942 V,
707 2849 828 2947 prout
858 2841 1032 2922 refertur
1063 2843 1114 2922 ab
1147 2842 1290 2922 eodem
1320 2840 1400 2920 Be-

233 2973 394 3053 aedicto
425 2973 525 3051 >nv
559 2975 720 3065 oleat
757 3002 899 3056 ealon.
938 2979 1018 3056 546
1050 3003 1159 3057 aaa.
1196 2978 1266 3090 29¹.
1387 2955 1390 2960 ’

355 3109 441 3186 10.0
474 3105 566 3187 Non
597 3115 659 3189 ost
699 3109 934 3216 infrequens
976 3136 1113 3208 casuS,
1149 3109 1190 3188 in
1225 3135 1306 3215 quo
1338 3107 1401 3188 vel

239 3238 507 3346 impossibilis
528 3240 591 3319 vel
613 3241 820 3320 maximae
851 3240 1103 3321 difficultatis
1130 3251 1191 3322 est
1212 3239 1403 3348 interpel-

240 3371 351 3470 latio,
381 3365 485 3479 quae
516 3363 637 3454 debet
666 3373 872 3480 praemitti
904 3373 956 3452 ad
987 3372 1064 3452 hoc
1095 3380 1140 3452 ut
1170 3373 1321 3478 conjux
1351 3372 1403 3452 ad

192 3491 196 3494 ’
233 3505 363 3584 fidem
389 3531 612 3586 conversus
633 3505 783 3585 habeat
809 3506 878 3612 jus
900 3532 1029 3586 novas
1050 3507 1215 3612 nuptias
1236 3505 1403 3586 ineundi

241 3638 376 3718 adhuc
396 3639 528 3746 prima
548 3639 721 3746 conjuge
743 3639 918 3720 vivente.
944 3641 1063 3720 Tunc
1084 3639 1315 3720 necessario
1340 3665 1406 3720 re-

233 3799 389 3852 cursus
421 3773 631 3852 faciendus
662 3782 723 3853 est
744 3773 917 3852 Summo
939 3773 1143 3873 Pontifici,
1170 3773 1238 3882 qui
1266 3750 1405 3880 utpote

238 3905 344 4012 juris
375 3905 499 3985 divini
522 3905 782 3986 authenticus
803 3907 1001 4014 interpres
1023 3916 1062 3988 et
1087 3907 1193 4014 juris
1214 3906 1406 3988 ecclesia-

172 4050 176 4058 '
242 4039 332 4119 stioi
364 4065 584 4147 supremus
615 4041 848 4120 moderator
877 4041 1084 4120 declarare
1120 4049 1251 4148 potest
1282 4041 1324 4119 in
1355 4039 1406 4119 iis

243 4171 445 4278 adjunctis
481 4173 551 4280 jus
581 4173 766 4254 divinum
808 4200 889 4254 non
921 4173 1102 4280 obligare
1133 4174 1183 4255 ad
1215 4173 1408 4282 praemit·
1463 4177 1466 4196 '

237 4305 387 4386 tendas
417 4307 775 4415 interpellationes
800 4307 900 4388 etin
927 4306 1020 4414 jure
1051 4307 1326 4388 ecclesiastico
1347 4305 1408 4386 di-

237 4461 440 4544 spensare
472 4439 605 4547 quoad
638 4439 810 4520 formam
837 4438 1055 4546 juridicam
1088 4439 1325 4522 earumdem
1345 4435 1408 4518 in-
