3356 5118
327 447 394 516 366
629 467 898 515 ranunucrmuus
921 468 1014 515 cums
1037 467 1194 515 cruorum

329 623 507 682 censura
524 623 657 705 poena
678 605 740 678 est
760 597 1018 678 medicinalis
1049 598 1099 678 ad
1133 597 1400 704 frangendam
1432 599 1510 681 ho·

327 734 487 814 minum
521 704 826 813 contumaciam
858 720 1062 832 ordinata,
1097 729 1193 811 hinc
1223 757 1352 839 prono
1388 733 1510 814 alveo

326 869 434 968 fluit,
468 867 576 976 quod
619 865 712 947 ferri
755 875 931 974 nequeat
962 866 1001 946 in
1034 891 1237 974 paganos
1272 875 1311 947 et
1337 866 1502 974 judoce,

326 1001 488 1083 etiamsi
516 1001 603 1108 jam
636 998 921 1081 cathecumeni
939 1000 1035 1081 sint.
1073 1001 1153 1080 Sed
1176 1025 1300 1107 quam
1323 1001 1375 1090 ob
1397 1027 1503 1082 oau-

325 1161 418 1217 sam
449 1135 546 1215 ferri
577 1133 618 1214 in
651 1134 831 1241 aliquem
864 1159 1040 1215 censura
1061 1139 1223 1242 potest?
1255 1134 1381 1242 Resp.
1411 1137 1507 1243 lpse

326 1269 571 1376 regulariter
595 1269 799 1377 loquendo
822 1268 917 1348 ferri
940 1267 1096 1376 nequit,
1121 1269 1202 1348 nisi
1235 1269 1288 1348 ob
1319 1265 1498 1376 culpam,

326 1405 424 1513 quia
454 1412 517 1485 est
547 1430 677 1511 poena
702 1401 975 1504 medicinaliS,
1005 1430 1112 1511 quae
1136 1403 1372 1484 necessario
1402 1429 1504 1510 sup-

324 1539 439 1647 ponit
461 1536 625 1646 culpam
648 1537 950 1644 corrigendam.
985 1537 1099 1617 Haec
1122 1543 1261 1617 autem
1285 1534 1407 1642 culpa
1433 1537 1509 1616 de·-

324 1677 394 1754 bet
424 1699 516 1754 esse
538 1671 678 1780 gravis
699 1672 1001 1753 contumaciter
1021 1673 1263 1769 commissa,
1286 1695 1409 1778 opere
1430 1695 1508 1750 ex·-

323 1817 440 1890 terno
461 1807 638 1914 prodita,
664 1814 704 1887 et
723 1806 927 1913 completa
948 1806 988 1886 in
1012 1829 1161 1912 genere
1176 1831 1254 1886 suo
1270 1805 1501 1886 secundum

323 1941 614 2049 proprietatem
634 1941 871 2040 verborum,
887 1965 992 2047 quae
1009 1937 1050 2019 in
1068 1945 1300 2046 praecept0‚
1319 1966 1394 2020 seu
1412 1939 1504 2046 lege

323 2073 531 2182 infligente
572 2099 794 2154 censuram
825 2073 1099 2172 continentur,
1124 2079 1163 2152 et
1193 2073 1358 2153 tandem
1380 2073 1502 2154 debet

323 2235 421 2308 esse
440 2207 533 2315 jure
555 2206 846 2288 Ecclesiastico
879 2205 1099 2314 prohibita.
1126 2207 1192 2286 Ita
1213 2233 1266 2285 erc
1291 2207 1397 2288 Can.
1424 2208 1501 2298 41,

323 2351 361 2422 at
391 2352 554 2448 sequenss
584 2344 651 2433 11,
677 2351 832 2451 quaest.
860 2345 904 2434 4,
933 2341 972 2422 T
968 2339 1051 2422 rid.
1085 2367 1181 2420 sess.
1212 2341 1288 2431 25,
1324 2367 1415 2450 cup.
1449 2344 1495 2433 3,

322 2474 372 2555 de
401 2475 636 2584 Reformat.
1346 2565 1348 2568 ,

409 2609 462 2690 Et
492 2609 657 2718 quidem
690 2608 798 2714 quod
829 2607 1065 2714 requiratur
1095 2609 1218 2714 culpa
1248 2607 1397 2714 gravis,
1417 2631 1495 2686 seu

320 2751 534 2851 peccatum
555 2739 727 2822 mortale
756 2739 972 2821 manifeste
1003 2748 1127 2847 patet,
1156 2767 1252 2821 nam
1274 2767 1425 2848 poena,
1448 2751 1502 2822 ut.

320 2877 373 2956 sit
385 2876 500 2982 justa
516 2873 636 2954 debet
646 2899 737 2954 esse
750 2873 1057 2981 proportionata
1068 2873 1228 2983 culpae,
1243 2901 1500 2983 consequeu-

318 3013 382 3088 ter
412 3033 507 3088 cum
539 3032 603 3087 ex.
625 3034 686 3114 gr.
708 3007 1083 3088 excommunicatio
1101 3035 1234 3115 poena
1258 3009 1312 3090 sit
1337 3009 1498 3116 gravis-

319 3139 427 3222 sima
461 3141 567 3250 Cap.
603 3138 938 3232 reclamatoria·
972 3129 1140 3246 gravem
1159 3141 1299 3249 utique
1326 3140 1496 3249 requirit

207 3340 209 3344 Α
319 3269 499 3376 culpam.
520 3271 641 3364 Quod
672 3299 770 3353 vero
801 3273 1050 3381 requiratur,
1071 3281 1116 3355 ut
1132 3273 1185 3354 sit
1201 3275 1498 3355 contumaciter

317 3404 556 3504 commissa,
591 3405 630 3486 id
664 3406 787 3486 etiam
806 3407 1022 3488 manifeste
1039 3413 1149 3516 patet
1164 3435 1215 3488 ex
1233 3433 1296 3508 eo,
1316 3410 1425 3516 quod
1442 3409 1493 3488 ad

316 3535 606 3618 incurrendam
638 3565 859 3620 censuram
890 3540 1058 3623 omnino
1089 3541 1311 3649 requiritur
1341 3550 1491 3622 contu·

316 3668 468 3768 macie,
487 3695 562 3751 seu
584 3670 862 3751 inobedientia
884 3681 1123 3783 coutumaxn,
1148 3701 1230 3782 qua
1251 3675 1497 3783 delinquens

315 3801 603 3910 praecipientis
624 3805 942 3887 Ecclesiastioae
972 3809 1185 3914 potestatis
1208 3809 1491 3918 auctoritatem

298 3960 509 4042 xspernere
538 3946 743 4020 censetur.
780 3938 868 4020 Nec
884 3965 1067 4039 necesse
1098 3949 1173 4043 est,
1198 3949 1244 4022 ut
1274 3942 1376 4024 haec
1396 3967 1495 4023 con·

258 4085 262 4096 ·
313 4070 497 4152 tumacia
535 4072 590 4152 sit
630 4099 842 4181 expressa,
890 4101 938 4155 ac
981 4075 1182 4175 formalis,
1224 4077 1296 4158 sed
1342 4076 1502 4156 sufficit.

314 4203 438 4284 etiam
469 4203 675 4307 virtualis,
700 4217 742 4287 et
762 4217 1025 4316 contemptus
1056 4210 1266 4291 Ecclesiae
1296 4211 1495 4318 interpre-

312 4335 468 4418 tativus
499 4337 540 4418 in
571 4337 650 4421 hoc
690 4331 935 4444 consistens
973 4351 1018 4423 ut
1048 4343 1206 4424 sciatur
1234 4339 1390 4451 aliquid
1422 4369 1500 4451 per

312 4466 463 4575 legem,
510 4479 581 4553 aut
623 4474 888 4581 Superiorem
930 4475 1162 4582 legitimum
1198 4477 1271 4558 sad
1321 4502 1497 4558 censura
