3386 5126
556 407 658 452 msa
680 409 712 452 v.
737 423 782 436 -
804 407 945 454 arrosus
966 407 1037 452 vm.
1318 386 1385 452 207

212 534 291 615 nisi
321 559 394 642 per
423 534 559 614 solum
590 541 728 615 aetum
759 541 991 633 externum,
1025 533 1134 640 quod
1164 539 1272 615 eerle
1306 533 1387 614 diei

212 669 353 776 nequit
381 669 430 750 de
452 667 626 768 haeresi,
650 694 744 748 cum
768 668 847 748 ista
867 666 1100 748 necessario
1121 692 1300 750 errorem
1324 667 1386 748 in-

205 801 395 886 tellectus
433 801 698 901 seeumierat,
732 829 781 884 ac
812 802 1006 910 requirat.
1042 801 1238 908 Pirhinq.
1275 800 1317 884 h.
1353 808 1383 881 t.

295 935 419 1017 Hisce
451 936 627 1016 breviter
647 935 846 1043 expositis
868 935 1085 1016 veniamus
1108 935 1159 1018 ad
1181 933 1389 1041 quaestio-

209 1095 283 1150 nes
313 1069 506 1177 superius
538 1070 760 1170 indicatas3
794 1071 837 1150 in
869 1095 1044 1178 quarum
1072 1067 1205 1178 prime
1225 1067 1389 1175 quaeri·

208 1209 291 1302 tur,
315 1229 519 1310 quaenam
541 1231 697 1311 poenae
727 1213 870 1286 contra
909 1201 1196 1284 schismaticos
1227 1201 1279 1282 ab
1310 1201 1387 1282 Ec·

206 1334 336 1416 clesia
364 1343 542 1418 statutae
572 1342 699 1419 sunt?

296 1469 422 1578 Resp.
457 1471 773 1578 distinguendo:
810 1472 872 1552 vel
898 1469 1151 1552 schismatici
1174 1477 1273 1550 sunt
1294 1494 1389 1576 pro·

208 1604 296 1710 prie
326 1604 439 1704 dicti,
472 1631 548 1685 seu
579 1605 686 1712 puri,
725 1614 764 1686 et
802 1604 960 1686 nullam
1006 1603 1269 1710 conjunctam
1314 1600 1389 1680 ha-

209 1735 306 1816 bent
335 1735 555 1838 haeresim,
589 1744 629 1817 et
658 1745 756 1818 tune
788 1738 1004 1818 incurrunt
1033 1745 1252 1844 sequentes
1292 1760 1389 1842 poe-

212 1893 304 1970 nas,
338 1870 492 1952 seilicet
525 1875 584 1951 l.⁰
603 1871 1074 1954 excommunicationem
1096 1871 1203 1952 latae
1224 1877 1389 1952 senten-

211 2002 292 2082 tiae
322 2005 489 2110 speciali
520 2007 643 2086 modo
674 2007 813 2114 Papae
839 2013 1105 2087 reservatam.
1135 2007 1240 2086 Can.
1265 2001 1389 2084 Nulli

200 2135 282 2242 sos
313 2137 358 2228 5,
393 2137 488 2216 dist.
517 2143 591 2228 19,
620 2140 724 2219 Can.
744 2142 809 2219 De
824 2139 1044 2246 Liguribus
1067 2141 1143 2229 43,
1168 2165 1280 2218 ecus.
1306 2139 1384 2226 23,

207 2277 365 2375 quaest.
400 2269 445 2349 5.
479 2269 532 2350 Et
562 2296 755 2376 expresse
786 2269 962 2350 habetur
993 2273 1035 2350 in
1061 2270 1192 2352 Bulla
1226 2270 1388 2352 Coenue

211 2409 253 2506 ἓ.
291 2409 315 2484 1
352 2447 398 2458 -
432 2403 488 2484 ibi
522 2453 567 2462 -
592 2405 1011 2486 Ecccommunicamus
1031 2405 1325 2495 schismaticos,
1352 2409 1389 2484 ct

209 2563 293 2635 eos,
326 2539 507 2646 quisce
528 2547 669 2618 nostro
691 2546 727 2619 et
747 2539 930 2620 Romani
949 2539 1173 2646 Pontifices
1189 2565 1268 2648 pro
1291 2545 1389 2617 tem-

211 2699 311 2781 pore
341 2674 551 2752 eccistentis
582 2673 810 2754 obedientia
834 2675 1105 2784 pertinaciter
1124 2672 1384 2755 subtrahunt.

210 2803 288 2884 Cui
319 2805 496 2886 concinit
526 2807 774 2888 Constitutio
792 2807 854 2886 Pii
885 2807 960 2889 IX.
986 2808 1248 2917 Apostolicac
1270 2805 1389 2888 Sedis

211 2967 252 3020 n.
275 2941 316 3022 3.
340 2939 577 3022 Notandum
589 2951 727 3022 tamen
744 2948 806 3022 est
822 2943 873 3022 ad
891 2941 1129 3048 hujusmodi
1147 2967 1390 3022 excommu-

214 3073 461 3154 nicationem
478 3075 766 3157 incurrendam
780 3101 860 3154 non
872 3077 1074 3172 sufficere,
1088 3083 1133 3156 ut
1148 3075 1242 3181 quis
1254 3082 1388 3154 mente

214 3205 386 3286 retineat
416 3207 551 3302 fidem,
583 3216 624 3289 et
655 3217 699 3289 ut
729 3209 944 3290 Vicarium
965 3207 1133 3308 Christi,
1156 3235 1231 3288 seu
1255 3205 1389 3314 Caput

211 3337 420 3420 Ecclesiae
451 3339 608 3447 Papam
640 3351 850 3447 agnoscat,
886 3343 958 3422 sed
991 3341 1142 3447 requiri
1175 3349 1220 3420 ut
1249 3340 1388 3445 aliquo

215 3497 338 3578 opero
369 3473 562 3553 exteriori
594 3475 649 3553 ita
664 3502 709 3554 se
725 3483 853 3580 gerat,
876 3501 925 3555 ac
945 3474 981 3554 si
998 3475 1137 3582 Papae
1168 3497 1250 3552 non
1281 3478 1390 3552 esset

215 3604 444 3711 subjectuS,
478 3633 553 3688 nee
582 3608 790 3689 Ecclesiae
822 3634 930 3716 parS,
957 3608 1063 3688 idest
1083 3604 1319 3714 requiritur,
1344 3611 1390 3686 ul

210 3737 395 3820 schisma
426 3739 504 3822 hoc
534 3741 587 3822 sit
618 3745 898 3852 manifestum,
937 3751 977 3823 et
1017 3768 1098 3822 non
1139 3741 1284 3839 lutens,
1313 3765 1390 3819 ceu

213 3873 408 3979 superius
440 3875 668 3958 innuimus
704 3878 794 3958 Hac
824 3878 874 3957 de
904 3905 947 3957 re
982 3874 1179 3956 Catholici
1221 3875 1262 3957 in
1303 3875 1391 3952 An·

216 4005 315 4112 glia,
350 4007 419 4114 qui
447 4009 629 4092 exterius
650 4011 891 4117 profitentur
912 4011 1069 4116 Regem
1090 4015 1302 4115 tamquam
1323 4030 1391 4084 ca-

216 4149 291 4247 put
319 4141 529 4224 Ecclesiae
560 4147 601 4223 in
632 4143 935 4252 spiritualibus
969 4149 1067 4226 sunt
1098 4143 1198 4241 veri,
1228 4149 1267 4221 et
1297 4166 1391 4246 pro-

215 4275 301 4378 prie
333 4275 430 4358 dicti
459 4276 729 4379 schismatici,
763 4279 935 4386 ideoque
966 4278 1072 4359 hano
1106 4275 1391 4358 excommuni-

214 4409 420 4490 cationem
437 4411 668 4496 incurrunt.
691 4412 874 4493 Sanchez
898 4413 967 4494 cit.
989 4412 1064 4494 loc.
1085 4440 1125 4492 n.
1147 4411 1219 4492 14.
1245 4409 1392 4492 2.⁰1n-
