3386 5126
357 393 423 462 160
652 405 922 456 recenserrouus
944 403 1039 450 rums
1061 401 1218 446 cesorum

354 537 522 622 omnino
563 535 631 636 sit,
665 532 853 639 sequitur
888 530 959 636 jus
999 525 1177 634 Capituli
1216 527 1258 606 in
1289 529 1541 614 conserendo

355 667 591 780 hujusmodi
635 664 912 776 praebendam
957 663 1009 742 ad
1047 685 1205 740 meram
1247 661 1541 748 formalitatem

355 803 473 916 quasi
507 801 663 902 reduci,
698 796 1033 908 quandoquidem
1065 793 1249 874 conferre
1289 803 1453 878 tenetur
1483 801 1538 900 ei,

356 963 478 1048 quem
503 935 735 1044 Episcopus
767 931 808 1010 in
830 928 1070 1035 theologum
1107 926 1290 1032 elegerit.
1314 929 1375 1009 lta
1396 930 1542 1014 lauda-

356 1083 423 1156 tus
456 1069 583 1152 Card.
620 1068 743 1148 Patra
773 1066 843 1146 cr't.
879 1063 954 1144 lec.
981 1091 1022 1142 n.
1058 1066 1134 1154 30,
1160 1067 1257 1142 tom.
1291 1065 1371 1144 IV.

447 1203 565 1298 Quod
595 1227 689 1282 vere
711 1223 909 1308 personae
931 1195 1072 1277 electio
1096 1194 1137 1274 in
1159 1193 1399 1302 hujusmodi
1423 1225 1542 1306 prae·

361 1337 496 1420 benda
520 1333 794 1418 instituendae
815 1357 991 1438 semper,
1018 1337 1140 1435 atque
1163 1328 1408 1411 inconcusse
1424 1359 1542 1440 spee-

360 1479 416 1554 tet
447 1471 499 1550 ad
530 1469 798 1578 Episcopum,
832 1463 993 1546 etiamsi
1017 1472 1111 1544 ante
1139 1462 1384 1545 erectionem
1407 1467 1544 1546 nomi-

363 1603 472 1688 natio
505 1601 768 1712 pertinuisset
799 1599 850 1680 ad
884 1595 1138 1705 Capitulum,
1177 1595 1218 1676 id
1250 1597 1403 1704 pariter
1424 1599 1542 1680 docet

362 1739 483 1824 Card.
519 1739 643 1820 Petra
668 1739 736 1820 cit.
775 1738 850 1818 loc.
877 1765 918 1818 n.
945 1737 1017 1832 31,
1048 1758 1206 1812 necnon
1230 1733 1356 1814 tradit
1376 1733 1539 1816 Barbe-

362 1901 410 1958 sa
426 1874 476 1956 cle
496 1872 716 1954 Cononier's
738 1897 830 1981 cap.
850 1875 928 1961 27,
948 1898 988 1948 n.
1011 1869 1082 1958 12,
1103 1872 1140 1944 et
1154 1891 1254 1974 sep,
1278 1867 1430 1974 aliique
1451 1869 1544 1975 plu-

365 2035 444 2090 res.
471 2005 753 2116 Exeipiendus
784 2013 922 2086 tamen
953 2027 1078 2083 casus
1109 2011 1187 2098 est,
1213 2001 1252 2079 in
1275 2025 1355 2106 quo
1387 2001 1544 2080 alicubi

366 2142 519 2250 vigeret
551 2139 772 2222 reservatio
804 2139 848 2220 S.
885 2135 979 2218 Sedi
1022 2135 1159 2242 quoad
1201 2133 1455 2241 praebendas
1498 2134 1540 2216 in

366 2273 486 2358 certis
519 2272 731 2354 mensibus
764 2277 971 2353 vacantes,
997 2267 1116 2350 Tunc
1147 2268 1274 2364 enlm,
1299 2268 1335 2347 si
1357 2268 1396 2346 in
1419 2267 1543 2348 dictis

367 2407 581 2490 mensibus
612 2405 845 2514 praebenda
877 2401 1118 2508 theologalis
1150 2408 1329 2502 vacaret,
1363 2400 1539 2500 collati0‚
1683 2421 1684 2460 ὲ

369 2547 408 2622 ot
439 2539 580 2620 electio
622 2563 820 2646 personae
853 2537 903 2617 ad
937 2535 988 2618 R.
1024 2535 1265 2616 Pontificem
1309 2536 1541 2643 pertineret.

368 2647 427 2756 lla
458 2672 642 2780 exceptio
674 2681 736 2752 est
758 2697 831 2780 pro
854 2669 984 2771 ltalia,
1009 2679 1048 2752 et.
1070 2669 1217 2750 insulis
1240 2669 1523 2777 adjacentibus
1533 2701 1544 2770 ;

371 2831 464 2892 nam
500 2803 552 2886 ibi
587 2803 820 2911 praebenda
841 2803 1083 2910 theologalis
1106 2804 1192 2886 dari
1216 2805 1336 2884 debet
1357 2831 1429 2912 per
1451 2829 1545 2886 con·

370 2963 556 3038 cursum,
591 2944 630 3018 et
660 2935 801 3034 electio
834 2963 1033 3045 personae
1076 2937 1262 3019 facienda
1302 2948 1366 3019 est
1404 2939 1549 3018 eadem

372 3073 517 3172 lorme,
553 3096 635 3181 qua
666 3071 876 3153 Ecclesiae
908 3071 1164 3180 parochiales
1195 3072 1477 3172 conseruntur,
1503 3085 1551 3154 ut

371 3211 572 3286 statutum
605 3211 667 3286 est
698 3231 769 3313 per
804 3205 957 3288 bullam
989 3207 1226 3287 Postcrclis
1251 3208 1547 3316 Officr'r'Bene-

371 3337 466 3422 dieti
500 3339 606 3438 XIII,
641 3339 690 3421 de
721 3363 805 3448 qua
836 3339 1022 3422 inferius

460 3473 608 3556 Utrum
641 3481 782 3554 autem
815 3472 907 3581 eligi
942 3474 1090 3556 debeat
1119 3501 1191 3583 per
1222 3498 1484 3572 coneursum,
1511 3483 1553 3556 et

373 3633 462 3684 esso
495 3607 639 3686 debent
671 3607 811 3686 (lector
842 3608 882 3686 in
914 3608 959 3688 S.
995 3607 1216 3715 theologia,
1261 3609 1367 3689 idem
1399 3605 1550 3687 Cardi-
1680 3595 1681 3598 Ὺ

375 3735 479 3818 uelis
497 3737 620 3818 Petra
642 3737 683 3818 in
701 3737 999 3821 Constitutione
1016 3746 1136 3849 qnasi
1155 3743 1293 3822 lunoc.
1319 3741 1376 3822 Vl
1391 3741 1548 3822 Summ.

375 3897 415 3950 n.
450 3873 527 3956 34.
563 3882 597 3952 et
629 3897 791 3980 sequen.
837 3873 970 3956 innuit
1000 3921 1059 3937 -
1092 3875 1146 3955 ibi
1176 3919 1235 3937 —
1265 3875 1454 3956 Profecto
1499 3875 1554 3954 ad

379 4005 656 4116 ‹lmjusmodi
691 4007 966 4118 praebendam
999 4011 1213 4118 eligendus
1244 4017 1306 4091 est
1336 4009 1388 4091 ab
1410 4009 1556 4118 Episc-

380 4173 398 4214 ›
419 4167 498 4248 opo
519 4139 771 4250 TlroologuS,
792 4143 861 4250 qui
886 4141 1034 4224 habilis
1056 4145 1135 4225 diei
1159 4145 1290 4253 possit
1310 4146 1362 4226 ad
1382 4146 1555 4226 Sacram

382 4305 398 4344 ›
421 4271 728 4382 ScrIptururum
751 4277 965 4358 lectionem
993 4279 1062 4384 (er
1085 4278 1360 4384 Tridentino).
1386 4279 1439 4358 Et
1462 4279 1557 4384 qui·

382 4403 513 4486 »ilem
563 4418 607 4489 ut
653 4409 850 4516 pinguius
894 4412 1171 4520 adimpleatur
1221 4413 1337 4494 Sacri
1383 4410 1557 4492 Concilii
