3360 5126
334 419 401 486 258
641 439 911 488 rnaunucrrouns
936 439 1030 487 sums
1052 435 1210 484 canorum

332 592 474 648 rorum
506 567 611 666 eius,
646 567 806 674 quoties
836 566 991 648 scilicet
1012 590 1063 644 ex
1085 563 1156 644 tali
1178 562 1382 645 adulterio
1403 565 1517 647 filius
1636 555 1638 564 ⁴

333 700 599 799 adnascatur,
634 725 757 809 quem
779 699 925 780 deinde
946 697 1031 779 veri
1048 695 1164 776 liberi
1183 695 1242 776 uti
1275 698 1509 804 putativum

334 833 517 934 fratrem,
551 842 590 916 et
611 861 684 942 pro
706 834 929 916 cohaerede
950 831 1101 912 habere
1132 829 1302 912 debent.

418 967 683 1050 Adulterium
714 967 801 1048 sive
829 967 1024 1076 simplem,
1058 963 1396 1066 mundatorum,
1426 965 1516 1046 sive

214 1179 216 1184 .
332 1101 503 1213 duplas,
536 1110 578 1183 et
607 1102 821 1184 bilaterale
849 1126 1011 1198 verum,
1045 1105 1084 1179 et
1119 1097 1335 1205 proprium¹
1354 1098 1518 1180 adulte-

331 1236 440 1317 rium
473 1244 550 1334 est,
585 1237 683 1343 quia
713 1244 887 1342 utroque
917 1233 1040 1314 modo
1071 1231 1255 1312 violatur
1280 1209 1387 1312 'fides
1417 1258 1517 1323 con-

327 1371 496 1478 jugalis
531 1368 677 1477 Neque
708 1369 833 1449 reiert
862 1351 974 1476 quod
997 1365 1219 1447 nonnullae
1239 1365 1352 1472 leges
1373 1363 1518 1448 civiles

330 1505 442 1586 haud
474 1511 684 1603 censeant,
705 1532 754 1585 ac
770 1503 975 1584 retineant
996 1501 1054 1583 uti
1078 1525 1221 1582 verum
1245 1500 1513 1618 adulterium,

331 1647 371 1718 et
401 1637 591 1718 adulterii
621 1637 764 1744 poenis
795 1637 907 1717 haud
941 1638 1115 1743 puniant
1151 1634 1358 1716 carnalem
1400 1635 1514 1716 illam

331 1771 661 1878 conjunctionem
683 1771 759 1849 viri
781 1770 992 1882 conjugati
1013 1795 1108 1851 cum
1140 1770 1305 1871 soluta3
1329 1771 1515 1877 quando·

330 1905 497 2012 quidem
522 1905 594 2012 jus
624 1905 742 1985 civile
773 1904 815 1984 in
846 1903 1049 1984 adulterio
1080 1904 1314 1985 considerat
1349 1911 1516 1984 tantum

331 2037 502 2120 seminis
533 2036 833 2138 confusionem,
868 2044 908 2118 et
939 2037 991 2115 ab
1024 2037 1102 2118 hoc
1122 2038 1428 2144 provenientem
1449 2037 1516 2118 in-

330 2171 615 2254 certitudinem
626 2171 768 2279 proli5‚
785 2195 909 2279 quam
921 2171 1157 2278 conjunctio
1170 2170 1379 2278 conjugati
1397 2195 1515 2251 cum-

328 2306 466 2387 soluta
495 2332 577 2386 non
608 2306 790 2405 indueit;
824 2332 845 2385 e
877 2313 1020 2386 contra
1046 2306 1116 2412 jus
1148 2305 1194 2388 S.
1230 2305 1448 2386 Canonum
1467 2305 1510 2386 in

331 2438 531 2519 adulterio
555 2439 849 2550 principaliter
879 2439 1051 2518 attendit
1084 2439 1346 2521 violationem
1382 2437 1509 2538 thori,

330 2579 370 2654 et
398 2571 492 2654 fidei
525 2570 770 2680 conjugalis
804 2597 910 2679 quae
941 2572 1066 2652 etiam
1098 2574 1142 2653 in
1172 2553 1387 2682 conjugato
1418 2597 1509 2653 rem

330 2706 538 2786 carnalem
570 2729 665 2786 cum
696 2704 833 2784 soluta
862 2703 1036 2786 habente
1075 2707 1291 2815 contingit,
1336 2707 1511 2815 ideoque

329 2837 478 2918 horum
510 2863 781 2944 congressum
812 2864 885 2946 pro
916 2865 1013 2920 vero
1048 2840 1255 2923 adulterio
1295 2839 1434 2940 hebet,
1471 2849 1514 2922 et

330 2969 372 3051 in
404 2997 481 3052 suo
512 2971 600 3052 foro
631 2971 766 3077 punit.

417 3105 517 3186 Post
537 3103 638 3187 haee
659 3105 771 3186 haud
793 3104 1044 3213 inelegantes
1075 3107 1416 3214 quaestiunculas
1436 3135 1514 3189 ex·

330 3239 456 3320 citant
486 3239 701 3342 DoctoreS,
737 3249 776 3321 et
806 3239 1070 3342 Canonistae,
1103 3241 1258 3323 scilicet
1289 3244 1341 3323 1⁰.
1367 3249 1511 3324 utrum

329 3399 471 3454 verum
505 3373 754 3456 adulterium
786 3374 1068 3456 committatur
1098 3403 1191 3457 eum
1225 3401 1357 3456 uxore
1386 3381 1513 3483 puta·

328 3507 425 3588 tiva.
462 3509 519 3589 2⁰.
554 3509 704 3589 Utrum
746 3534 891 3589 verum
933 3509 1182 3590 adulterium
1222 3509 1507 3592 committatur

328 3665 426 3719 cum
442 3665 598 3747 sponsa
619 3640 803 3722 alterius.
831 3643 886 3722 3⁰.
911 3643 1063 3724 Utrum
1084 3643 1370 3725 committatur
1390 3642 1513 3723 adul-

327 3771 493 3873 terium,
527 3773 562 3853 si
588 3773 671 3855 iam
692 3773 913 3856 divortium
935 3777 1071 3886 quoad
1092 3776 1260 3858 thorum
1282 3776 1385 3858 inter
1404 3801 1513 3856 con-

321 3905 444 4013 juges
476 3909 758 4016 praecesserit.

411 4041 477 4122 Ad
518 4041 695 4150 primam
736 4041 885 4124 harum
926 4041 1216 4151 quaestionum
1256 4041 1509 4151 respondent

324 4176 435 4281 quod
475 4174 702 4283 theologice
741 4176 946 4284 loquendo
987 4177 1081 4258 licet
1120 4177 1366 4259 concubitus
1401 4202 1503 4258 cum

325 4333 456 4387 uxore
496 4309 684 4415 putativa
723 4309 891 4392 alterius
924 4337 1068 4394 verum
1110 4311 1359 4394 adulterium
1391 4309 1507 4392 haud

325 4439 563 4540 constituat,
588 4443 685 4550 quia
715 4443 874 4526 nullum
898 4445 1003 4527 inter
1032 4445 1270 4554 hujusmodi
1303 4445 1508 4553 conjuges
