3360 5126
528 420 630 467 mann
651 421 685 468 v.
710 437 752 449 -
777 419 917 468 arrosus
942 421 1013 467 xix.
1290 401 1355 468 281

177 549 360 658 gendum
397 573 488 629 esse
518 555 739 628 senserunt
769 546 819 627 de
839 572 900 643 ec,
928 546 997 654 qui
1029 554 1115 629 erat
1145 545 1187 628 in
1218 545 1360 656 poeni-

176 683 306 765 tentia
335 682 537 783 solemni,
571 680 690 789 cujus
722 679 1013 781 reconciliatio,
1047 681 1257 763 deficiente
1283 681 1359 763 Sa-

179 817 356 916 cerdote,
390 816 611 923 spectabat
640 816 692 896 ad
713 813 957 897 Diaconum.

268 951 434 1033 Verum
466 951 502 1032 si
534 951 674 1032 Canon
705 949 780 1032 ista
810 948 1090 1030 Triburiensis
1116 948 1283 1031 Concilii
1307 977 1359 1031 ex

179 1087 350 1193 integris
391 1086 581 1195 ejusdem
622 1085 923 1193 exemplaribus
962 1092 1194 1192 repetatur,
1240 1083 1356 1185 satiS,

179 1247 388 1330 superque
423 1221 648 1322 evincatur,
677 1221 812 1303 allatis
842 1217 1246 1327 interpretationibus
1276 1246 1357 1300 non

178 1381 285 1464 opus
316 1381 425 1456 esse,
465 1354 796 1464 quandoquidem
828 1353 883 1436 ibi
915 1380 965 1435 ne
996 1354 1103 1455 vola,
1128 1381 1204 1435 nec
1236 1353 1359 1435 vesti-

34 1555 36 1559 ,
181 1492 296 1598 glum
331 1490 534 1598 reperitur
564 1491 612 1574 de
643 1489 842 1573 Diacon0.

527 1891 822 1974 TITULUS
866 1891 1005 1973 XIX.

644 2161 709 2238 De
736 2161 889 2240 usuris.

266 2417 385 2508 Sicut
421 2451 572 2508 usurae
603 2425 750 2507 vitium
772 2425 1011 2532 affinitatem
1033 2428 1254 2534 quamdam
1285 2427 1357 2509 ha·

181 2563 247 2642 bet
277 2587 371 2644 curn
405 2560 566 2670 rapina,
585 2570 625 2641 et
647 2561 770 2662 furta,
796 2559 930 2669 prouti
954 2561 1162 2668 colligitur
1178 2588 1229 2641 ex
1252 2563 1352 2643 Can.

180 2697 229 2776 st
258 2697 349 2801 quis
379 2696 451 2786 10,
489 2721 587 2776 caus
618 2698 691 2788 14,
713 2683 881 2803 'quaest
904 2698 948 2787 4,
973 2693 1069 2776 hinc
1091 2705 1183 2802 post
1215 2695 1356 2776 titulos

181 2828 229 2909 dc
251 2827 504 2928 raptoribus,
538 2837 575 2909 et
596 2829 770 2937 furibus
800 2856 984 2936 congruo
1015 2829 1157 2910 ordine
1193 2827 1357 2935 Compi-

180 2963 277 3043 latio
308 2961 566 3069 Gregoriana
594 2961 765 3068 subjicit
795 2961 906 3042 hunc
936 2963 1119 3042 titulum.

269 3097 329 3176 De
361 3098 438 3178 hoc
470 3097 594 3177 etiarn
627 3097 757 3176 multa
786 3095 957 3201 proferri
995 3105 1176 3202 possent.
1206 3097 1259 3175 At
1281 3120 1356 3175 nos

182 3229 385 3330 brevitati,
422 3231 481 3311 uti
519 3255 593 3338 par
628 3239 705 3329 est,
739 3228 999 3309 consulentes
1029 3255 1164 3336 pauca
1194 3229 1353 3309 deliba-

140 3357 142 3363 '
183 3364 337 3444 bimus,

267 3497 407 3577 Usura
447 3495 499 3574 ab
541 3522 622 3575 usu
663 3494 788 3594 dicta,
821 3492 1132 3576 sicut‘cultura
1167 3517 1192 3570 a
1222 3492 1352 3590 cultu,

183 3654 321 3728 usum,
356 3638 396 3710 et
426 3628 672 3736 quandoque
704 3628 883 3709 fructum
910 3653 961 3706 ex
983 3652 1027 3706 re
1048 3625 1352 3734 provenientem
1376 3673 1379 3680 ·

179 3762 383 3870 significat
409 3763 531 3870 juxta
561 3761 661 3842 illud
695 3759 903 3841 Ciceronis
934 3760 975 3840 in
1008 3759 1112 3839 libro
1144 3761 1193 3840 de
1229 3759 1353 3840 Sene·

179 3908 366 3983 utute-
391 3897 520 3976 Terra
550 3922 774 4003 numquam
803 3898 890 3978 sine
919 3921 1048 3976 usura
1071 3893 1222 3992 reddit,
1247 3892 1356 4000 quod

181 4031 350 4141 accepit.
386 4030 504 4111 Unde
535 4028 592 4109 rei
625 4027 813 4136 cujusvis
844 4055 985 4128 usum,
1020 4035 1262 4135 partemque
1302 4051 1353 4106 cx

180 4191 223 4244 re
254 4163 473 4246 utilitatem
506 4163 658 4246 indicat
690 4189 841 4244 nomen
871 4187 1041 4244 usurae.

266 4299 423 4379 Verum
455 4297 694 4404 Theologis‚
730 4295 965 4378 Canonistis
1002 4304 1041 4378 et
1061 4295 1184 4377 etiam
1208 4291 1350 4375 Crimi-

181 4429 340 4512 nalistis
381 4459 511 4514 usura
551 4429 650 4514 nihil
683 4430 795 4512 aliud
836 4441 912 4533 est,
947 4430 1027 4511 nisi
1065 4431 1353 4539 quodcumque
