3388 5136
593 385 695 432 mana
717 387 747 431 v.
775 404 815 414 -
840 387 980 436 uranos
1005 388 1053 434 111.
1346 368 1411 437 133

236 519 434 593 renovata
456 513 531 594 fuit
548 540 573 594 a
588 512 728 594 Censt.
750 513 1010 622 Apostolicue
1025 514 1159 618 Sedis,
1179 516 1258 596 sub
1275 543 1316 600 n.
1342 519 1408 620 10,

236 647 422 728 incidunt
462 653 599 727 autem
632 647 673 726 in
704 648 1020 754 suspensionem
1052 649 1103 728 ab
1135 649 1270 732 officio
1301 652 1413 759 capi-

236 780 359 862 tulari
381 781 431 861 ad
449 779 793 888 jurisdictionem,
818 781 881 863 vel
903 781 1297 864 administrationem
1321 811 1413 892 per-

236 913 396 1020 tinenti,
416 913 451 993 si
469 913 619 995 fuerint
634 913 835 1020 Religiosi
853 913 1133 1022 capitulariter
1153 919 1404 1025 congregati.

235 1049 296 1130 De
318 1075 401 1157 qua
420 1049 692 1158 suspensione
714 1075 808 1129 cum
832 1049 945 1130 nulla
961 1048 1115 1130 mentio
1136 1048 1208 1130 fiat
1229 1050 1269 1132 in
1292 1077 1411 1160 prae-

238 1182 322 1264 fata
351 1181 492 1264 Const.
527 1183 788 1294 Apostolicue
818 1183 951 1284 Sedis,
988 1182 1159 1263 desiisse
1191 1183 1408 1268 dicendum

236 1323 312 1398 est.
352 1317 570 1398 Praeterea
609 1325 694 1398 tam
725 1317 948 1398 simoniace
978 1317 1144 1423 recepti,
1169 1342 1293 1424 quam
1325 1345 1413 1404 ma-

231 1450 342 1558 jores
374 1451 611 1532 monasterii
644 1477 858 1558 personae,
883 1477 931 1532 ao
952 1450 1140 1558 superior
1159 1459 1258 1532 sunt
1280 1479 1302 1531 e
1325 1479 1414 1534 mo-

236 1585 416 1665 nasterio
442 1585 632 1694 pellendi,
657 1592 779 1694 atque
800 1587 842 1664 in
864 1585 1018 1665 arctius
1039 1585 1335 1666 monasterium
1358 1586 1410 1667 ad

235 1718 528 1825 poenitentiam
545 1720 802 1800 detrudendi.
823 1720 926 1830 Cep.
944 1721 1014 1818 19,
1032 1723 1068 1798 et
1080 1719 1140 1798 40
1154 1718 1386 1800 DeSirnon.
1396 1783 1407 1822 ,

235 1849 416 1934 Ecetrae.
442 1853 483 1932 1⁸
502 1855 567 1934 Dc
596 1853 753 1936 Simon.
788 1853 986 1934 Ferraris
1017 1881 1057 1932 v.
1082 1852 1271 1940 Simonio
1303 1859 1327 1956 g
1362 1857 1409 1955 4,

235 1991 272 2064 et
288 1985 333 2067 5.
358 1987 502 2068 Decet.
524 1987 564 2067 d.
587 1997 617 2070 t.
639 1993 663 2090 ξ
682 1991 754 2069 13.

321 2121 378 2198 At
398 2147 610 2226 nunquam
633 2147 684 2200 ne
709 2120 847 2200 licebit
868 2121 1148 2221 monasteriiS,
1173 2130 1212 2202 et
1234 2149 1413 2204 conven-

234 2251 348 2332 tibus
368 2251 532 2358 exigere
564 2253 719 2359 aliquid
754 2253 805 2332 ab
836 2252 1162 2358 ingredientibus
1184 2253 1226 2332 in
1248 2254 1413 2360 religio-

235 2390 355 2466 nemt
393 2385 436 2466 Si
475 2387 668 2467 standum
716 2393 778 2467 est
813 2385 953 2466 stricto
994 2386 1077 2493 juri
1125 2413 1321 2493 expresso
1368 2389 1410 2470 in

239 2520 340 2630 Cup.
368 2523 444 2622 40,
469 2529 507 2601 ct
529 2525 570 2602 in
592 2521 830 2628 Eoetruoup.
860 2523 900 2600 1.
932 2519 972 2598 h.
1000 2527 1029 2599 t.
1057 2523 1164 2601 inter
1184 2547 1410 2603 communes

233 2651 493 2734 interdictum
524 2659 587 2734 est
608 2652 867 2735 monasteriis
898 2652 1063 2759 exigere
1095 2652 1249 2760 aliquid
1286 2655 1409 2734 etiam

233 2784 351 2866 titulo
372 2787 642 2894 paupertatis,
663 2787 767 2868 idest
792 2787 911 2867 titulo
933 2787 1191 2868 necessariae
1217 2789 1410 2870 substen-

232 2921 414 3022 tationis,
449 2947 497 3002 eo
528 2923 635 3030 quod
667 2928 837 3029 putatur
867 2921 1084 3026 religiosos
1114 2924 1409 3005 sustentandos

232 3081 322 3136 esse
359 3055 493 3154 bonis,
537 3065 576 3136 et
616 3053 890 3161 eleemosynis
931 3055 1192 3154 monasterii,
1237 3057 1408 3163 ideoque

231 3186 341 3269 haud
372 3189 512 3297 plures
543 3215 634 3270 esse
665 3187 936 3295 recipiendos
970 3212 1095 3293 quam
1127 3197 1302 3296 possent
1338 3215 1409 3271 su-

231 3322 400 3404 stentari
433 3323 633 3405 reditibus
664 3320 920 3421 monasterii,
954 3320 1016 3401 vel
1054 3323 1263 3402 consuetis
1304 3324 1410 3404 elee-

231 3457 418 3540 mosinis.
467 3458 571 3567 Cap.
615 3461 725 3538 unic.
770 3455 819 3536 de
858 3455 979 3536 Statu
1019 3455 1165 3563 Rapui.
1211 3459 1236 3558 ἕ
1277 3455 1400 3537 Sane.

236 3589 352 3670 Trid.
377 3615 474 3669 sess.
494 3591 556 3670 25
573 3588 622 3668 dc
637 3589 880 3697 Reputerib.
901 3615 991 3698 cap.
1015 3590 1054 3670 3.
1077 3589 1133 3670 At
1150 3587 1406 3670 clarissimus

232 3719 500 3804 Reiffenstuel
533 3721 574 3804 h.
595 3731 624 3803 t.
650 3727 675 3826 ἓ
698 3727 726 3802 9
749 3749 822 3831 pro
853 3723 953 3824 ariS,
978 3731 1018 3804 et
1048 3722 1150 3804 focis
1180 3729 1334 3824 tuetur,
1359 3750 1408 3804 ac

231 3858 449 3959 substinet,
488 3859 597 3965 quod
634 3858 884 3940 monasteria
922 3864 961 3938 et
1001 3865 1228 3939 conventus
1270 3857 1409 3965 inopia

231 3991 479 4092 laborantes
504 4017 585 4073 non
609 3999 747 4072 autem
768 3990 932 4091 diviteS,
952 3989 1075 4088 licite,
1094 3996 1134 4070 ct
1155 4015 1409 4096 consequen-

230 4133 292 4207 ter
312 4125 467 4232 absqne
497 4125 707 4208 Simonide
738 4124 829 4205 labe
857 4130 993 4230 petere
1023 4131 1063 4204 et
1094 4123 1278 4230 accipere
1313 4147 1409 4228 pos-

231 4261 313 4344 sint
338 4259 581 4368 temporalia
602 4259 653 4340 ab
677 4257 1002 4365 ingredientibus
1033 4255 1306 4364 Religionem,
1327 4282 1408 4337 non

232 4393 397 4500 quidem
428 4421 503 4504 pro
530 4393 620 4503 ipso
653 4395 859 4501 ingressu,
882 4419 956 4475 seu
980 4419 1053 4502 pro
1084 4391 1335 4474 admissione
1357 4391 1408 4473 ad
