3380 5132
347 423 412 488 340
633 432 924 486 ranacuorrouas
947 439 1039 488 arms
1064 435 1231 489 cruenter

353 563 619 671 ecclesiastici
648 561 883 664 declaratio,
907 590 1038 672 neque
1068 565 1135 646 hic
1164 590 1350 646 recessus
1382 563 1515 644 lactus

353 697 519 804 propria
539 697 779 777 auctoritate
800 723 997 805 umquam
1014 723 1039 778 a
1055 699 1281 780 canonibus
1296 697 1513 804 repreben-

350 831 487 930 datur,
521 829 604 909 imo
635 837 752 910 ratus
792 827 991 912 habeatur
1021 858 1046 910 a
1070 831 1207 938 judice
1238 830 1512 911 ecclesiastico

352 989 401 1044 ex
431 990 519 1073 cop.
555 963 653 1044 th.
689 971 728 1058 t„
752 965 808 1044 At
837 963 873 1043 si
904 964 1151 1046 adulterium
1191 973 1253 1045 est
1287 965 1509 1064 occultum,

352 1105 392 1178 et
418 1085 446 1177 'a
476 1095 632 1178 fortiori
664 1097 812 1186 sinon
846 1097 1075 1180 habeantur
1104 1099 1353 1180 sufficientes
1384 1099 1433 1178 de
1464 1124 1512 1178 eo

351 1231 612 1341 probationes
643 1239 715 1313 aut
744 1240 855 1316 certa
884 1232 1042 1334 notitia,
1066 1260 1149 1315 non
1179 1232 1426 1341 permittitur
1452 1232 1512 1311 di-

351 1363 544 1465 vortium,
588 1364 666 1444 nisi
703 1374 921 1473 postquam
952 1366 1160 1446 advenerit
1193 1365 1345 1472 judicis
1386 1363 1513 1444 eccle-

352 1495 506 1578 siastici
542 1497 758 1579 sententia.
792 1497 936 1578 -Alia
976 1525 1104 1580 causa
1142 1496 1412 1606 separationis
1451 1505 1513 1578 est

351 1630 492 1738 lapsus
523 1633 649 1712 unius
669 1631 712 1711 in
733 1631 935 1712 haeresim
956 1634 1019 1713 vel
1041 1633 1291 1740 apostasiam
1312 1637 1384 1712 aut
1403 1629 1512 1711 schi-

350 1789 442 1843 sma
463 1791 514 1844 ex
536 1793 625 1877 cap.
647 1766 673 1846 7
694 1766 735 1846 b.
761 1774 807 1864 t.,
834 1765 1123 1875 aequiparatur
1143 1767 1250 1848 enim
1271 1765 1374 1847 haec
1394 1765 1511 1847 adul·

349 1898 467 1998 terio,
486 1906 525 1980 et
540 1905 711 1979 vocatur
726 1899 973 1979 adulterium
995 1899 1221 2008 spirituale.
1242 1899 1400 1980 Verum
1416 1897 1512 1978 talis

350 2030 630 2138 aequiparatio
651 2032 692 2111 in
714 2039 845 2113 totum
866 2032 1151 2138 urgendauon
1178 2039 1254 2132 est3
1278 2057 1374 2112 narn
1395 2031 1512 2139 lapsa

351 2189 434 2244 una
462 2172 576 2271 parte
607 2163 649 2244 in
689 2144 906 2266 haeresim,
941 2165 1022 2245 alia
1051 2165 1158 2246 valet
1189 2167 1239 2246 ad
1269 2165 1508 2276 religionem

350 2296 529 2376 converti
550 2323 723 2404 eamque
743 2297 936 2404 profiteri,
960 2297 1120 2378 etiamsi
1141 2324 1222 2377 non
1243 2297 1510 2412 praecesserit

349 2429 551 2511 sententia
576 2430 727 2536 judicis
758 2431 1021 2512 ecclesiastici
1052 2459 1103 2511 ex
1130 2458 1218 2542 cap.
1237 2432 1321 2538 fin.
1347 2431 1397 2512 de
1417 2439 1509 2510 con-

349 2561 451 2646 cers.
486 2567 709 2673 conjuput.',
742 2574 864 2672 atque
894 2565 936 2644 in
967 2564 1043 2645 boc
1073 2591 1174 2646 casu
1194 2565 1345 2672 conjux
1371 2591 1508 2644 emen-

348 2697 469 2780 datus
499 2707 619 2807 atque
640 2699 692 2779 ad
712 2699 919 2780 Ecclesiae
949 2700 1148 2780 unitatem
1178 2700 1338 2780 rediens
1369 2699 1509 2806 nequit

348 2831 525 2938 amplius
546 2857 736 2912 revocare
757 2831 974 2938 conjugem
999 2831 1252 2940 religiosum.
1277 2833 1334 2912 At
1353 2832 1389 2912 si
1410 2859 1505 2913 con·

342 2965 421 3072 jux
452 2964 601 3045 infide
632 2991 804 3045 manens
834 2965 885 3044 ad
914 2965 1153 3071 religionem
1180 2990 1403 3047 conversus
1423 2991 1512 3048 non

346 3097 413 3196 sit,
448 3107 545 3179 tune
565 3099 629 3179 vel
659 3099 862 3206 separatio
893 3099 1000 3179 facta
1030 3107 1091 3180 est
1116 3097 1272 3207 judicio
1298 3099 1506 3182 Ecclesiae

346 3240 417 3312 aut
448 3232 607 3339 privata
637 3233 892 3333 auctoritate3
917 3231 959 3312 in
989 3233 1121 3340 primo
1152 3233 1260 3312 enim
1291 3259 1391 3314 casu
1422 3257 1504 3313 non

345 3373 507 3446 tenetur
536 3367 785 3472 reintegrare
814 3365 1067 3446 individuam
1098 3367 1206 3447 vitae
1242 3365 1506 3446 consuetudi·

344 3527 437 3580 nem
469 3527 563 3581 cum
594 3499 822 3602 emendate,
846 3505 1008 3580 tenetur
1027 3509 1165 3580 autem
1185 3499 1221 3579 si
1243 3500 1410 3608 propria
1430 3523 1505 3579 au-

345 3632 529 3712 ctoritate
559 3631 792 3712 discesserit
821 3657 873 3711 ex
904 3658 993 3742 cup.
1019 3633 1044 3712 7
1066 3632 1107 3712 h.
1139 3641 1168 3712 t.
1191 3632 1404 3739 -Propter
1434 3657 1504 3738 pe·

343 3763 521 3844 riculum
551 3761 712 3843 animae
733 3763 856 3844 etiarn
878 3789 930 3844 ex
951 3763 1113 3872 proprio
1144 3763 1309 3845 arbitrio
1331 3765 1423 3846 licet
1443 3765 1505 3846 di·

343 3895 521 3977 vortium
553 3895 684 3978 facere
714 3901 1038 4003 temporaneum,
1063 3895 1216 4010 scilicet
1247 3898 1503 4006 usquedum

343 4029 436 4111 talis
467 4055 594 4110 causa
614 4029 807 4137 perdurat
828 4054 878 4109 ex
900 4056 990 4110 cun.
1018 4033 1042 4108 5
1064 4055 1175 4111 ecus.
1201 4033 1256 4112 28
1278 4033 1431 4138 quaest.
1461 4033 1501 4132 1,

341 4161 449 4244 sicut
481 4172 521 4244 et
550 4172 713 4272 propter
742 4163 956 4244 saevitiam
988 4162 1113 4242 unius
1144 4163 1237 4245 licet
1268 4191 1430 4274 quoque
1461 4165 1503 4246 in

341 4297 605 4379 incontinenti
629 4297 835 4380 discedere
856 4323 906 4378 ex
929 4323 1019 4408 cup.
1044 4299 1096 4376 13
1113 4295 1162 4378 dc
1183 4300 1310 4380 restit.
1334 4301 1501 4412 spoliat.
