3386 5126
538 372 640 419 nmns
661 373 693 420 v.
719 390 759 400 -
783 375 923 422 amorne
945 376 992 422 rv.
1289 353 1353 425 151

177 495 309 594 dium,
334 499 405 602 qui
418 523 502 606 pro
522 505 700 606 tempore
719 524 836 579 suurn
868 501 1125 584 commodare
1146 505 1357 613 reperiun-

178 635 248 709 tur
262 630 517 737 obsequium:
536 632 621 711 imo
636 659 711 740 pro
738 632 951 714 laboribus
970 637 1268 743 temporalibus
1286 637 1358 718 Ol·

177 761 272 843 lleio
289 790 359 870 per
376 764 566 845 accidens
584 765 770 866 annexiS,
786 767 909 848 etiarn
927 797 999 876 per
1016 771 1184 850 modum
1202 797 1359 852 merce-

179 897 259 996 dis,
286 923 377 1005 erg
399 924 433 978 c.
464 898 712 1006 Quicumque
746 903 801 980 12
823 929 862 1006 q.
887 906 941 985 2:
965 901 1099 981 -ibi
1120 947 1178 964 -
1198 904 1359 1011 Dignus

179 1038 237 1109 ent
267 1032 482 1139 operarius
515 1033 695 1116 mercede
724 1059 817 1134 sun,
851 1061 942 1115 cnm
969 1036 1283 1118 Concoruanus.

268 1165 410 1247 Poena
439 1173 578 1284 autern
600 1165 726 1274 hujus
758 1168 1048 1275 prohibitionis
1068 1169 1169 1252 haec
1190 1179 1252 1251 est
1277 1178 1359 1250 sta-

182 1303 286 1397 tuta,
311 1299 466 1380 scilieet
487 1307 533 1381 ut
563 1301 752 1382 officialis
783 1303 991 1384 redimens
1028 1305 1210 1386 officium
1237 1332 1362 1412 pecu-

182 1431 267 1530 nia,
287 1432 470 1540 privetur
501 1434 586 1533 illo,
606 1445 646 1517 et
666 1463 691 1517 a
713 1436 904 1518 Praelato
935 1438 1149 1520 auferatur
1178 1445 1365 1546 potestas

183 1565 419 1648 conserendi
453 1566 530 1648 tale
551 1568 748 1651 officium.
775 1570 1028 1677 Hujusmodi
1062 1598 1159 1652 vero
1185 1596 1361 1680 poenam

183 1725 265 1778 non
288 1699 379 1805 ipso
405 1701 515 1806 jure,
548 1703 620 1782 sed
651 1729 724 1810 per
755 1703 1003 1784 sententiam
1038 1705 1191 1811 judicis
1233 1702 1363 1810 infligi

182 1831 390 1940 colligitur
429 1861 479 1915 ex
513 1835 617 1945 Cup.
652 1837 675 1916 1
708 1836 749 1916 b.
786 1845 815 1918 t.
855 1864 952 1917 curn
983 1838 1094 1918 enirn
1136 1837 1192 1917 ibi
1224 1845 1363 1918 textus

184 1993 266 2046 non
289 1968 403 2068 dicit,
415 1971 608 2080 priuatus
628 1973 699 2062 sit,
717 1972 788 2052 sed
808 1973 1009 2081 peccetur,
1030 1972 1272 2078 intelligitur
1293 1995 1365 2080 per

181 2099 337 2208 judicis
368 2104 628 2182 sententiam.

274 2235 573 2315 Verumtamen
589 2262 640 2315 ex
657 2235 857 2316 hactenus
878 2235 998 2317 dictis
1029 2237 1197 2316 minime
1219 2235 1364 2316 deduci

186 2377 335 2477 potest,
359 2370 469 2479 quod
490 2369 707 2451 Praelatus
738 2377 915 2476 nequeat
946 2369 1194 2451 constituere
1224 2369 1365 2476 plures

185 2504 227 2584 in
249 2505 364 2611 gravi
396 2529 474 2585 suo
505 2530 677 2584 munere
709 2504 936 2584 exercendo
973 2503 1246 2610 coadjutores
1276 2501 1364 2582 sive
1402 2557 1404 2562 ,

186 2638 377 2744 majores
399 2638 487 2718 sive
505 2637 700 2737 minoreS,
721 2663 818 2718 curn
836 2635 1157 2743 exploratissimi
1170 2636 1278 2742 juris
1294 2635 1362 2726 sit,

186 2769 324 2877 ipsum
360 2770 609 2850 demandare
645 2796 766 2877 posse
797 2769 1130 2875 jurisdictionem
1158 2767 1368 2876 propriam

187 2903 227 2983 in
240 2928 369 2984 causa
384 2901 639 3010 particulari,
663 2927 783 3009 posse
801 2902 1066 3001 constituere,
1087 2907 1365 2999 executorem,

187 3039 270 3118 imo
292 3038 415 3120 etiam
437 3036 670 3137 officialem,
699 3063 773 3118 seu
800 3034 1016 3116 Vicarium
1043 3035 1301 3114 Generalem.
1317 3033 1370 3113 Et

188 3171 346 3278 optimo
377 3171 543 3278 quidem
574 3171 683 3277 jure,
728 3165 1063 3276 quandoquidem
1094 3167 1196 3248 haec
1231 3164 1371 3248 omnia

190 3330 386 3412 peragere
417 3312 584 3385 nonest
615 3301 725 3384 vices
751 3327 852 3381 suas
873 3299 989 3381 alteri
1013 3299 1156 3379 cedere
1185 3299 1265 3377 sub
1297 3324 1371 3377 an-

190 3465 276 3518 nuo
307 3465 451 3536 censu,
475 3438 548 3516 sed
580 3435 672 3515 illos
703 3434 971 3536 constituere,
998 3437 1043 3511 ut
1063 3429 1141 3536 ipsi
1168 3429 1371 3510 auxilium

132 3556 135 3564 ’
192 3576 400 3679 praestent
440 3568 482 3646 in
520 3568 877 3649 administratione
918 3563 1142 3648 Dioecesis
1189 3565 1299 3646 Sane
1330 3561 1373 3643 in

189 3709 295 3785 casu
314 3701 619 3784 constitutionis
651 3699 854 3802 officialis
888 3727 963 3780 seu
995 3697 1150 3780 Vicarii
1183 3696 1370 3778 Genera·

190 3837 258 3934 lis,
293 3864 373 3917 non
406 3843 514 3916 esset
549 3834 751 3935 officialis,
796 3861 874 3914 seu
905 3831 1101 3914 Vicarius
1143 3829 1370 3930 Generalis

190 3970 261 4077 qui
292 3969 597 4072 administraret
627 3968 867 4066 dioecesim,
902 3967 974 4047 sed
1006 3965 1093 4072 ipse
1124 3964 1371 4070 Episcopus

192 4103 328 4212 prouti
363 4103 603 4210 quotidiana
632 4101 889 4209 experientia
920 4101 1060 4198 docet3
1099 4097 1195 4178 hino
1230 4093 1376 4176 titulus

188 4235 489 4343 jurisdictionis
512 4236 620 4344 apud
638 4234 877 4316 Praelatum
899 4233 1041 4339 ipsum
1063 4229 1273 4328 resideret,
1299 4229 1377 4308 mi-

196 4369 412 4452 nisterium
458 4397 555 4452 vero
597 4371 707 4477 apud
751 4367 982 4465 Vioarium‚
1029 4366 1085 4446 ita
1127 4373 1171 4447 ut
1210 4363 1377 4446 Praela-
