3178 5134
415 433 523 482 mnne
546 433 593 482 lv.
619 451 640 465 -
663 431 803 485 rrruuus
825 433 885 483 XV.
1175 417 1242 481 255

89 563 236 670 >igitur
276 563 547 664 attendentes
591 564 700 671 quod
740 539 970 644 secundum
1011 565 1233 648 canonicas

15 693 16 748 ἶ
89 697 344 779 >sanctiones
365 707 404 778 et
424 705 596 778 naturae
627 697 842 798 rationem,
867 697 936 804 qui
960 697 1130 804 frigidae
1162 675 1237 778 na·

91 841 227 912 »turae
257 839 356 911 sunt
386 839 426 910 et
452 827 710 939 impotentes,
735 830 858 910 iidem
889 832 1056 912 minime
1077 833 1160 941 apti
1183 833 1235 913 ad

90 964 387 1046 »contrahenda
408 965 670 1066 matrimonia
690 973 986 1072 reputantur»,
1011 992 1059 1047 ae
1088 967 1234 1048 deinde

87 1100 330 1180 uratrimonia
370 1100 421 1178 ab
462 1099 562 1206 ipsis
603 1107 800 1181 attentata
839 1101 976 1202 nulla,
1016 1101 1155 1201 irrita,
1195 1109 1235 1182 et

88 1233 244 1314 invalida
270 1232 463 1314 declarat.
483 1236 527 1314 In
555 1234 707 1341 quibus
732 1234 877 1314 litteris
903 1235 944 1314 iu
971 1243 1103 1316 totum
1133 1235 1232 1316 talia

88 1367 330 1448 matrimonia
350 1369 601 1475 proscripsit,
625 1396 700 1449 neo
721 1368 906 1476 permisit
926 1370 1035 1476 quod
1057 1369 1234 1476 amplius

90 1501 282 1600 inirentur,
303 1501 462 1580 etiamsi
480 1511 619 1609 partes
634 1501 920 1610 promisissent
945 1529 989 1582 se
1015 1503 1140 1582 simul
1161 1501 1236 1580 ha-

89 1635 269 1715 bitaturos
299 1631 511 1742 tamquam
538 1634 684 1715 fratres
719 1643 759 1715 et
794 1661 970 1736 sororeS,
1005 1645 1126 1742 prout
1161 1662 1235 1716 an-

87 1767 237 1873 tiquitus
257 1794 309 1847 ex
331 1766 626 1847 consuetudine
648 1777 735 1848 erat
755 1767 1020 1875 permissum,
1045 1795 1140 1848 oum
1162 1794 1234 1847 ex-

89 1902 263 2004 perientia
292 1900 537 1981 ostendisset
568 1900 674 1982 hane
704 1900 980 1983 conditionem
1001 1928 1084 1982 non
1106 1902 1234 1982 fuisse

86 2051 285 2116 arratam.
311 2035 427 2127 Quae
458 2041 598 2116 nostra
628 2035 830 2115 sententia
860 2035 966 2116 valet
996 2062 1158 2143 quoque
1190 2036 1231 2114 in
1325 2086 1330 2094 ·

89 2191 170 2246 casu
197 2195 277 2274 quo
308 2165 548 2274 impotentia
578 2165 680 2247 haec
712 2167 833 2248 luerit
865 2168 1048 2269 relativa,
1074 2177 1114 2248 et
1143 2179 1233 2249 orta

88 2327 228 2406 quoque
259 2327 311 2380 ex
343 2300 559 2401 maleficio,
590 2300 686 2408 quia
716 2301 1114 2382 consummationem
1145 2329 1235 2382 ma-

88 2433 245 2513 trimonii
276 2434 504 2541 praesentis
539 2433 834 2542 impossibilem
878 2437 1021 2516 reddit.
1057 2435 1121 2514 Ex
1152 2463 1233 2544 quo

87 2568 224 2648 cruitur
254 2567 351 2647 huic
378 2568 684 2674 impedimento,
709 2595 799 2648 esse
840 2595 1001 2677 quoque
1032 2570 1234 2650 obnoxios

87 2698 264 2803 infideles,
310 2709 448 2808 utpote
486 2703 739 2808 provenienti
771 2730 819 2782 ex
853 2704 946 2810 jure
989 2704 1180 2784 naturali.
1214 2749 1235 2764 -

87 2833 124 2912 H.
144 2836 421 2944 Temporanea
441 2835 681 2941 impotentia
711 2835 762 2915 ἃᾶ
789 2836 979 2943 copulam
1001 2836 1231 2916 maritalem

88 2964 296 3050 habendam
318 2969 479 3049 etiamsi
501 2969 554 3049 sit
575 2969 819 3050 antecedens
835 2970 921 3050 sive
938 2970 1127 3050 absoluta
1143 2970 1230 3050 sive

87 3100 234 3183 relativa
263 3129 347 3183 non
377 3111 439 3183 est
473 3101 812 3210 impedimentum
854 3103 1103 3184 matrimonii
1136 3103 1234 3184 diri-

15 3331 16 3334 Ν
86 3257 185 3317 mens
203 3235 282 3315 nisi
301 3235 342 3314 iu
361 3235 529 3315 casibus
546 3263 571 3315 a
586 3235 678 3342 jure
695 3236 995 3343 contemplatis
1016 3236 1059 3315 ld
1075 3235 1234 3315 eruitur

15 3445 16 3450 Ν
88 3390 129 3442 ex
155 3397 239 3479 cup.
276 3371 300 3448 6
335 3369 375 3450 l.
412 3377 460 3469 t.,
494 3377 533 3450 et
564 3370 668 3450 ratio
699 3378 761 3450 est
791 3369 888 3477 quia
919 3369 982 3448 isti
1023 3396 1104 3448 non
1135 3377 1233 3448 sunt

85 3500 252 3585 absolute
295 3503 539 3611 impotentes
580 3503 631 3584 ad
672 3512 810 3583 actum
851 3503 1135 3610 conjugalem,
1180 3501 1232 3582 ad

85 3658 187 3738 quern
216 3635 406 3718 absolute
437 3664 481 3717 se
503 3636 701 3743 obligant,
726 3636 799 3716 sed
820 3636 956 3716 solum
977 3636 1028 3716 ad
1050 3645 1231 3743 tempus

85 3769 232 3868 proinde
254 3769 393 3851 valent
422 3770 581 3851 tradere
612 3775 857 3877 potestatem
878 3769 951 3849 sui,
966 3769 1149 3875 eorporis
1169 3794 1233 3847 re-

85 3894 148 3980 late
162 3905 210 3984 ad
232 3903 349 3983 illum
372 3911 526 3984 actum.
546 3900 706 4010 Neque,
726 3913 772 3983 ut
788 3903 942 3983 dictum
964 3911 1026 3980 est
1047 3901 1089 3980 in
1106 3904 1169 3982 tit.
1189 3902 1238 3980 Il

81 4032 124 4111 ad
149 4037 454 4118 matrimonium
485 4035 705 4144 requiritur
736 4037 785 4117 de
821 4037 914 4142 jure
955 4043 1126 4116 naturae
1158 4061 1234 4142 po-

15 4197 16 4218 ÷
83 4169 189 4250 tentia
217 4169 393 4252 actualis
414 4171 466 4252 ad
489 4168 679 4278 copulam
709 4169 954 4267 maritalem,
979 4168 1052 4249 sed
1079 4167 1234 4276 suflicit

81 4296 110 4374 si
136 4329 210 4384 non
240 4307 374 4386 obstet
411 4305 656 4412 impotentia¹
691 4315 902 4412 perpetua.
936 4303 1029 4384 Ideo
1061 4329 1157 4382 vero
1189 4301 1233 4380 in

78 4439 341 4543 propositione
383 4439 615 4522 addidimus
655 4438 938 4546 exceptionem
978 4438 1027 4519 de
1064 4435 1234 4517 casibus
