3386 5126
566 325 667 371 amau
689 326 721 370 v.
747 343 789 353 -
814 327 953 374 munus
975 327 1007 370 v.
1318 313 1380 380 161

213 478 384 552 sarens,
415 450 456 532 in
487 449 694 558 theologia
725 453 866 533 doctor
897 453 1084 560 deputari
1116 454 1248 538 debet.
1281 457 1381 540 Cae-

212 595 384 667 »terum
416 585 451 664 si
484 585 698 666 conrnrode
729 585 895 692 reperiri
934 595 1124 693 nequeat,
1149 589 1300 671 sufficit
1338 598 1382 674 ut

211 751 229 795 ›
252 719 484 826 praebenda
505 717 770 826 provideatur
786 719 836 800 de
857 719 1047 827 theologo
1063 747 1144 802 non
1177 721 1375 823 laureat0,

211 853 353 934 »alias
375 851 538 950 idonee,
563 861 609 934 ut
630 852 735 934 dixit
761 853 806 935 S.
832 853 1103 960 Congregatio
1126 854 1294 936 Concilii
1319 857 1381 964 (in

211 987 412 1066 »eistensi
432 990 462 1067 3
484 985 607 1066 Febb.
637 986 795 1093 1646),
819 985 860 1065 in
892 1011 975 1093 qna
1004 1011 1146 1087 eausa,
1172 989 1380 1094 proposito

209 1149 227 1191 >
249 1117 390 1219 dubia,
424 1145 477 1198 an
498 1117 715 1226 theologus
746 1145 828 1200 non
860 1120 1001 1200 doctor
1022 1119 1152 1226 possit
1174 1121 1377 1227 praeben-

210 1282 227 1322 »
248 1250 343 1329 darn
365 1250 601 1358 hujusmodi
624 1251 826 1351 obtinere,
847 1253 1081 1334 censuit-
1097 1254 1376 1362 affirmatas,

208 1385 284 1463 »si
304 1412 383 1464 non
413 1383 524 1464 adsit
555 1385 696 1466 doctor
725 1385 909 1494 aequalis
942 1386 1177 1466 idoneitatis
1183 1450 1306 1469 .......

294 1517 383 1598 «Et
413 1517 579 1626 quidem
610 1518 644 1600 si
676 1519 893 1626 theologus
924 1519 1096 1600 idoneus
1134 1519 1175 1600 in
1215 1520 1378 1602 civitate

208 1675 325 1729 »non
357 1651 598 1758 reperiatur,
633 1653 740 1760 quod
774 1651 986 1760 providere
1017 1653 1163 1734 debeat
1190 1651 1379 1760 (Episco-

208 1783 342 1892 »pus)
374 1785 650 1892 praebendam
683 1787 732 1867 de
763 1794 918 1887 extare,
963 1786 1067 1867 dixit
1108 1788 1153 1867 S.
1189 1783 1375 1893 Congre-

207 1916 354 2022 »gatio
388 1917 429 1998 in
465 1920 713 2028 Venafrano
744 1924 773 2001 3
804 1919 967 2030 Aprilis
999 1922 1118 2002 1593
1151 1918 1220 2000 lib.
1248 1923 1275 1998 7
1308 1919 1378 2000 de-

206 2057 446 2130 »eretoram
471 2079 572 2161 pap.
608 2054 710 2134 103.

292 2181 516 2262 »Persona
546 2208 657 2283 vera,
693 2210 797 2291 quae
829 2185 879 2264 ad
912 2185 1189 2290 praebendam
1220 2184 1374 2265 theolo·

204 2315 377 2420 »galem
409 2314 669 2416 adsciscitur,
704 2316 824 2398 debet
870 2343 961 2397 esse
993 2317 1095 2397 adeo
1131 2316 1292 2414 idonea,
1331 2324 1375 2398 ut

204 2475 313 2556 >per
343 2476 387 2529 se
419 2475 573 2529 munus
604 2475 785 2556 congrue
815 2449 954 2530 subire
991 2450 1149 2551 valeat;
1193 2449 1373 2558 alioquin

203 2583 401 2665 »collatio
433 2583 546 2664 nulla
577 2582 741 2690 quidem
775 2590 851 2684 est,
886 2593 925 2665 et
961 2583 1140 2666 invalida
1181 2609 1230 2664 ex
1272 2585 1371 2664 Tri-

203 2715 394 2795 »dentini
426 2716 692 2822 dispositione
722 2743 817 2796 sess.
853 2721 897 2808 5,
937 2719 1040 2828 Cap.
1076 2719 1098 2798 1
1132 2717 1181 2798 de
1211 2719 1370 2828 Rescr-

202 2857 340 2930 ›mai.
366 2881 404 2931 a.

284 2981 429 3076 Quoad
460 2982 719 3064 collationem
743 3007 837 3062 vero
861 3008 931 3088 per
951 3007 1199 3064 coneursum
1227 2985 1372 3064 distin-

196 3117 407 3222 guendum
426 3127 488 3199 est
504 3118 608 3197 inter
624 3117 695 3224 jus
711 3141 945 3216 commune,
967 3124 1007 3195 et
1018 3115 1088 3222 jus
1105 3117 1365 3224 particulare.

196 3252 259 3331 De
276 3251 379 3358 jare
409 3251 611 3331 communi
641 3275 723 3330 non
755 3248 977 3356 requiritur
997 3248 1159 3328 collatio
1182 3276 1253 3356 per
1273 3278 1371 3331 con-

194 3410 381 3482 cursum,
401 3411 497 3464 curn
521 3383 634 3464 nulla
655 3383 744 3489 loge
766 3379 945 3488 generali
968 3388 1061 3459 ante
1082 3381 1368 3464 Tridentinum

195 3515 447 3621 praescripta
478 3515 600 3595 luerit
630 3513 731 3594 haec
763 3513 908 3611 forma,
945 3519 984 3594 et
1008 3513 1295 3594 Tridentinum
1318 3515 1368 3596 de

194 3646 424 3728 adhibendo
441 3673 646 3728 concursu
665 3646 705 3726 in
723 3647 968 3728 conferendo
986 3643 1237 3727 Canonioatu
1256 3647 1370 3729 theo-

194 3780 317 3888 logali
349 3781 517 3862 omnino
547 3781 680 3883 sileat,
712 3781 795 3862 imo
818 3781 1058 3863 electionem
1081 3808 1280 3888 personae
1304 3809 1369 3862 ar-

195 3913 314 3996 bitrio
345 3915 538 4023 Episcopi
571 3916 789 4024 relinquat.

278 4051 342 4130 De
359 4049 461 4156 jare
478 4059 612 4133 antem
628 4051 899 4162 particulari,
920 4051 1139 4158 etquidem
1163 4051 1277 4132 valdo
1295 4077 1368 4130 ex-

190 4189 306 4263 tenso
338 4183 454 4264 aliter
485 4185 703 4267 dicendum
736 4193 811 4268 est.
844 4183 950 4265 Nam
984 4184 1172 4266 Clemens
1203 4183 1302 4265 XIV
1325 4183 1365 4286 in

190 4342 267 4396 sua
298 4315 597 4400 Constitutione
628 4317 774 4429 Nuper
802 4345 883 4430 pro
920 4325 1042 4428 parte
1081 4320 1137 4400 29
1179 4317 1362 4400 Novem-

297 4477 324 4516 τ.
343 4479 384 4520 iv.
403 4481 430 4520 r.
452 4481 502 4523 un.
1207 4466 1224 4519 6
