3264 5146
317 375 359 437 5ss
604 387 896 440 enluuncrronus
920 388 1012 439 nucis
1037 389 1205 438 ouuomor

212 545 215 552 ’
324 515 538 597 deminum
567 541 664 594 sess.
699 517 758 594 24
799 543 890 625 cup.
927 519 951 594 9
993 513 1043 594 de
1082 515 1256 623 reform.
1301 515 1486 595 rnctrim.

324 675 499 758 poenam
531 647 728 729 statuisse
751 649 792 727 iu
833 675 919 748 eOS,
943 649 1014 755 qui
1036 650 1087 729 ad
1108 647 1371 728 matrimonia
1392 675 1491 728 con-

325 783 523 865 trahenda
553 784 677 866 talem
709 784 937 864 incuterent
957 791 1130 882 metum,
1155 809 1301 890 nempe
1325 809 1492 864 excom-

325 918 645 1000 municationem
676 919 875 1026 majorem
907 919 996 1025 ipso
1034 917 1140 999 facto
1182 917 1486 999 incurrendam.

324 1097 344 1112 -
374 1055 418 1133 3ο
450 1051 693 1158 Antiquitus
724 1050 1046 1152 matrimonium⁴
1063 1057 1177 1130 metu
1205 1049 1354 1130 initum
1374 1076 1486 1130 reva-

326 1184 498 1266 lidatum
530 1185 659 1265 fuisse
696 1185 818 1290 longa
858 1184 1175 1283 cohabitatione,
1218 1209 1384 1291 exque
1423 1185 1488 1264 vel

325 1319 630 1426 praesumptive
647 1318 711 1398 vel
727 1344 821 1397 vere
839 1325 1044 1398 constaret
1060 1327 1216 1398 metum
1236 1317 1348 1398 hunc
1360 1317 1490 1398 fuisse

326 1451 558 1558 depositum
589 1477 641 1530 ex
672 1479 763 1562 cop.
799 1453 850 1530 21
886 1450 926 1530 h.
962 1460 991 1530 t.
1026 1450 1184 1530 Verum
1214 1458 1307 1557 post
1343 1449 1491 1531 Conci-

325 1583 427 1663 lium
458 1583 758 1681 Tridentinum,
795 1610 848 1663 ex
878 1610 959 1690 quo
995 1609 1224 1664 consensus
1263 1583 1492 1690 quomodo-

326 1743 502 1825 cumque
532 1718 692 1798 elicitus
724 1744 806 1798 uon
827 1718 935 1798 valet
956 1717 1006 1797 ad
1029 1718 1257 1798 ineundum
1278 1716 1492 1797 matrimo-

326 1852 457 1952 nium,
490 1853 562 1932 sed
594 1877 733 1932 coram
765 1851 943 1958 parocho
974 1859 1014 1932 et
1045 1852 1209 1932 duobus
1251 1849 1314 1930 vel
1355 1849 1491 1930 tribus

326 1985 501 2066 testibus
523 1987 643 2067 debet
665 1987 851 2092 proponi,
871 2013 959 2066 rem
980 2012 1071 2066 esse
1092 1986 1368 2086 immutatam,
1393 2009 1491 2064 nam

327 2118 362 2198 si
394 2119 557 2227 publice
588 2127 749 2199 constat
778 2128 934 2199 metum
967 2118 1095 2199 [hisse
1133 2117 1350 2217 iniustum,
1393 2125 1493 2198 tunc

327 2279 376 2332 eo
406 2254 527 2332 modo
556 2279 638 2333 non
659 2263 876 2360 purgatur,
900 2279 996 2334 curn
1019 2251 1063 2334 S.
1089 2249 1363 2358 Congregatio
1384 2249 1494 2330 Con-

327 2386 408 2466 cilii
440 2386 483 2464 in
513 2388 819 2468 Panormitano
858 2388 1038 2488 nullitnt.
1083 2387 1263 2466 matrim.
1308 2384 1392 2464 utet
1436 2387 1490 2464 30

328 2523 499 2632 Septem.
540 2521 648 2602 1719
679 2520 949 2630 responderit:
988 2521 1072 2601 «S.
1104 2517 1376 2626 Congregatio
1397 2543 1491 2598 sae-

335 2654 467 2762 »pi'us
498 2656 707 2762 respondit
736 2655 855 2737 hodie
886 2663 978 2762 post
1017 2653 1249 2735 Concilium
1288 2651 1495 2733 Tridenti-

335 2813 483 2890 »num
504 2788 813 2869 matrimonium
844 2796 957 2868 metu
999 2796 1267 2884 contractum,
1315 2793 1355 2866 et
1394 2811 1496 2892 pur-

334 2931 468 3026 »gato
499 2927 610 3002 metu
642 2947 714 3027 per
743 2919 1088 3002 cohabitationem
1119 2946 1213 3000 cum
1245 2917 1401 3000 carnali
1422 2943 1495 2998 co·
1618 2993 1619 3008 ζ

336 3089 351 3126 »
374 3053 470 3160 pula
500 3053 685 3161 aliosque
707 3064 825 3136 actus
847 3081 928 3134 non
949 3053 1217 3150 convalidari;
1241 3051 1321 3132 nisi
1342 3051 1494 3131 iterum
1618 3047 1619 3130 l

334 3186 640 3268 »contrahatur
679 3187 864 3268 adhibita
903 3213 1050 3266 rursus
1097 3186 1279 3294 ejusdem
1322 3181 1493 3264 Concilii

335 3319 517 3401 »torma
543 3354 561 3397 »
596 3321 739 3402 Monet
768 3329 907 3402 autem
938 3319 1186 3400 Benedictus
1206 3317 1305 3398 XIV
1325 3317 1496 3396 Institu-

331 3455 438 3533 tione
453 3456 655 3536 eeclesios.
673 3455 726 3536 87
745 3461 771 3558 §
787 3483 934 3565 mapno
948 3454 1083 3536 studio
1101 3453 1208 3535 hanc
1218 3453 1325 3560 juris
1341 3452 1496 3532 immu-

330 3587 524 3666 tationem
556 3615 636 3669 non
660 3591 891 3690 advenisse,
916 3589 996 3670 nisi
1027 3616 1122 3670 cum
1153 3588 1493 3694 impedimentum
1617 3687 1618 3696 Ν

331 3728 465 3835 metus
496 3729 558 3801 est
588 3719 817 3828 publicum3
841 3731 983 3804 contra
1008 3747 1105 3802 vero
1125 3725 1161 3801 si
1182 3729 1245 3801 est
1265 3719 1492 3820 occultum,
1617 3803 1618 3836 ³

331 3859 370 3931 et
400 3851 640 3934 solemnitas
671 3879 697 3934 a
730 3855 970 3937 Tridentino
1009 3857 1264 3964 praescripta
1303 3853 1380 3936 luit
1405 3853 1495 3960 jam

332 3981 530 4086 adhibita,
563 3995 662 4066 tunc
682 4013 848 4068 manere
869 3987 1018 4069 veteris
1034 3988 1141 4095 juris
1162 3985 1493 4095 dispositionem,
1617 3975 1618 3987 Ν

333 4117 390 4196 ita
421 4127 578 4199 utnon
613 4119 667 4200 sit
707 4120 987 4203 necessarium
1026 4121 1106 4202 nisi
1148 4121 1254 4202 clam
1296 4145 1498 4201 renovare

333 4275 581 4330 consensum
613 4279 665 4332 ex
696 4253 972 4335 declaratione
1002 4253 1067 4334 Pii
1100 4253 1139 4332 V
1169 4263 1210 4334 et
1238 4254 1500 4360 subsequen-

334 4381 447 4462 tibus
478 4383 759 4465 decisionibus
790 4387 835 4466 S.
871 4385 1224 4494 Congregationis
