3136 5138
421 398 529 450 uena
552 400 597 448 1v.
623 417 642 431 ·
665 399 805 450 rnurus
828 398 875 450 η.
1176 385 1240 449 177

88 525 298 634 pedimento
329 526 544 608 dirimente
575 527 657 610 voti
679 527 905 610 Ecclesiam
929 527 1148 636 aliquando
1169 530 1234 610 di-

85 687 298 766 spensasse,
332 661 368 741 si
399 651 562 742 habitae
592 662 674 743 sint
705 687 851 769 graves
878 660 1058 742 rationes
1080 662 1132 743 ad
1155 663 1234 742 im-

87 795 302 899 peuandam
334 794 696 903 dispensationem.
1144 873 1148 882 .

183 931 240 1008 6.⁰
269 928 414 1009 Potius
445 927 746 1036 dispiciendum
776 938 839 1010 est
868 955 950 1036 quo
966 937 1147 1036 tempore
1170 931 1232 1010 in·

85 1061 233 1142 ductum
263 1063 318 1143 sit
349 1062 391 1142 in
426 1062 612 1143 Ecclesia
649 1063 727 1144 hoc
767 1063 850 1144 voti
891 1063 1227 1172 impedimentum

85 1196 271 1278 dirimens.
306 1196 360 1276 Et
390 1197 551 1278 videtur
581 1196 658 1278 hoc
698 1197 912 1279 inductum
954 1224 1044 1278 esse
1084 1197 1231 1279 saltem

89 1329 290 1411 incohatioe
320 1339 501 1438 tempore
532 1331 716 1438 Gregorii
749 1331 892 1438 Magni
923 1339 1015 1439 post
1042 1341 1230 1412 exortum

88 1462 270 1544 Benedicti
301 1464 537 1546 institutum
567 1467 617 1546 de
648 1464 863 1546 Monachis
904 1465 947 1544 in
989 1464 1226 1566 Occidente;

86 1604 159 1674 tum
184 1623 276 1676 vero
307 1623 402 1678 cum
433 1597 526 1704 quis
557 1623 608 1676 ex
638 1597 853 1678 monachis
883 1597 1132 1678 monasterio
1162 1625 1228 1678 re·

87 1727 166 1810 licto
189 1731 381 1838 conjugia
410 1731 611 1832 inivisset,
639 1739 860 1813 renovatae
883 1731 1047 1812 luerunt
1068 1739 1226 1812 veteres

89 1860 178 1966 leges
196 1863 235 1942 in
257 1863 441 1944 Concilio
460 1864 718 1944 Triburiensi
736 1892 887 1944 conone
908 1868 954 1944 ll
981 1867 1031 1943 12
1053 1867 1104 1944 13
1119 1873 1156 1944 et
1177 1868 1229 1944 14

12 1979 13 1982 Ὺ
87 2023 210 2080 coccae
238 2001 292 2081 27
325 2007 479 2108 quaest.
519 2004 536 2080 l
573 2003 615 2080 in
651 2004 839 2102 Decreto²
882 2010 922 2082 et
965 2008 1151 2101 cautum,
1185 2011 1230 2082 ut

89 2132 251 2214 monachi
274 2134 441 2240 regulae
461 2134 690 2216 desertores
711 2135 762 2216 ad
783 2135 1080 2216 monasterium
1102 2136 1227 2216 etiam

12 2247 13 2280 ³
88 2263 181 2347 inviti
210 2269 515 2369 reducerentur,
549 2268 658 2376 quod
687 2269 789 2350 satis
818 2268 1036 2350 videbatur
1066 2271 1118 2350 ad
1139 2295 1228 2350 eos-

12 2463 13 2468 *
85 2397 160 2479 dem
187 2402 409 2483 monachos
439 2429 464 2482 a
493 2402 703 2484 voluntate
724 2403 891 2483 ineundi
914 2401 1108 2510 conjugia
1130 2428 1229 2483 avo-

85 2533 228 2616 candos.
263 2537 450 2617 Tandem
471 2535 587 2617 initio
608 2535 762 2616 saeculi
785 2535 1015 2616 duodecimi
1032 2562 1230 2644 suprema

87 2691 214 2750 manus
243 2669 436 2777 imposita
467 2670 543 2752 fuit
572 2669 668 2750 huic
699 2670 953 2778 disciplinae,
987 2677 1027 2751 et
1048 2671 1125 2751 sub
1153 2669 1230 2749 Ca·

87 2796 166 2880 lixto
192 2803 372 2883 secundo
403 2801 445 2882 in
477 2802 657 2883 Concilio
687 2802 953 2882 Lateraneusi
985 2802 1081 2882 anni
1119 2804 1229 2882 1123

86 2957 159 3012 oco.
190 2937 245 3014 24
274 2943 475 3016 statutum
508 2943 584 3034 est,
619 2943 665 3014 ut
694 2935 810 3016 irrita
839 2935 1007 3028 omnino
1029 2934 1161 3015 forent
1181 2961 1229 3014 ea

84 3066 254 3174 conjugia
284 3095 375 3148 eon.
411 3071 436 3147 8
468 3067 647 3149 distinct.
683 3069 753 3168 27,
781 3069 850 3149 ubi
872 3077 1033 3177 praeter
1053 3089 1227 3176 poenam

86 3193 119 3276 in
143 3227 331 3307 personas
362 3201 453 3281 illas
483 3201 722 3309 conjugium
753 3202 1039 3284 contrahentes
1071 3201 1225 3280 illatam

84 3329 212 3416 dicitur
241 3343 451 3416 contracto
482 3361 636 3442 quoquc
665 3336 854 3444 conjupia
886 3335 1081 3442 disjungi}
1124 3359 1230 3441 quaa

86 3465 187 3546 verba
217 3475 356 3577 utpote
387 3467 428 3546 in
459 3467 697 3575 conjugium
719 3494 882 3576 quoque
903 3469 1040 3575 ipsum
1062 3466 1226 3564 collata,

84 3597 152 3678 vim
171 3601 314 3684 decreti
337 3602 533 3684 irritantis
560 3602 857 3710 praeseferunt.
881 3603 924 3683 ld
945 3603 1083 3710 ipsum
1105 3599 1231 3708 paulo

84 3743 219 3836 postea,
251 3763 326 3818 seu
358 3763 467 3818 anno
501 3739 611 3818 1139
637 3737 893 3818 confirmavit
913 3735 1176 3817 Innocentius
1196 3735 1229 3814 ll

12 3933 14 3966 p
83 3861 115 3943 in
124 3866 382 3952 Lateranensi
395 3867 577 3950 Concilio
594 3895 685 3951 cun.
698 3874 753 3952 40
770 3869 1015 3950 distinctae
1033 3872 1230 3976 quaestl

12 4091 14 4118 ,
84 3995 128 4078 ila
158 4003 367 4085 deliniens:
415 4005 708 4112 «Hujusmoclr'
747 4005 1042 4116 copulationem
1083 4003 1232 4096 mutri-

12 4131 14 4138 ’
82 4138 241 4217 monium
271 4165 351 4217 noa
383 4163 465 4216 csse
494 4163 733 4218 censemus»
768 4148 890 4246 atque
921 4137 961 4217 id
992 4136 1044 4216 ad
1075 4133 1231 4216 sancti-

84 4268 262 4352 moniales
283 4270 485 4351 loeminas
507 4269 704 4351 extendit.
729 4270 894 4364 Quibus
914 4270 1033 4350 hodie
1055 4267 1230 4349 accessit

83 4401 222 4502 pondus
243 4403 501 4485 auctoritatis
523 4429 574 4484 ex
597 4403 778 4484 Concilio
798 4403 1037 4486 Tridentino
1056 4425 1151 4480 sess.
1174 4401 1232 4477 24

211 4559 237 4601 r.
249 4558 293 4601 m.
307 4571 322 4584 ·
333 4559 360 4602 r.
375 4559 394 4601 1.
1049 4557 1076 4598 ῃ
