3360 5126
330 343 402 410 30ss
638 355 913 402 ranunnormnns
935 354 1027 400 rums
1051 351 1208 398 canorum

330 495 373 568 et
403 483 649 566 Canonistae
680 482 868 587 exigunt,
901 489 948 560 ut
979 478 1219 586 praecedere
1249 475 1396 556 debeat
1424 501 1521 558 mo-
1643 461 1646 498 ³

331 621 449 702 nitio
813 623 815 628 ·

421 754 531 848 Quid
564 759 703 832 autern
733 747 953 830 dicendum
973 748 1022 828 de
1044 746 1218 842 ClericO,
1243 745 1312 853 qui
1335 771 1517 828 censura
1644 715 1649 790 l

332 886 624 971 Ecclesiastica
643 886 812 992 insuper
833 881 989 982 habita,
1018 881 1123 962 idest
1143 880 1178 960 si
1202 881 1423 961 innodatus
1445 908 1521 962 ex·
1652 871 1654 908 ⁵

330 1021 720 1118 communicatione,
755 1019 818 1098 vel
848 1015 1137 1125 suspensione,
1186 1024 1258 1096 aut
1298 1014 1517 1096 interdicto

332 1187 378 1240 se
409 1185 454 1239 se
485 1156 614 1237 sacris
644 1151 884 1234 ministeriis
917 1150 1081 1257 ingerit,
1116 1157 1157 1230 et
1188 1155 1325 1230 actum
1358 1148 1518 1229 ordinis

331 1295 399 1376 sui
431 1293 620 1374 exercet?
653 1287 780 1396 Resp.
818 1286 885 1365 Ab
917 1285 1156 1392 hujusmodi
1188 1283 1344 1364 Clerico
1366 1283 1518 1390 triplex

334 1429 559 1512 incurritur
589 1451 747 1534 poena,
780 1421 959 1502 scilicet:
1000 1423 1059 1500 1.ο
1088 1419 1300 1527 Depositio
1331 1420 1384 1498 ab
1416 1418 1514 1498 olfi-

332 1568 413 1665 cio,
448 1571 487 1645 et
518 1561 714 1642 beneficio
735 1555 1026 1638 Ecclesiastico
1068 1555 1279 1635 inferenda
1308 1581 1381 1663 per
1420 1581 1516 1635 sen-

333 1701 504 1782 tentiam
516 1694 684 1803 judicie,
704 1694 819 1775 nulla
835 1691 1059 1772 monitione
1074 1691 1319 1798 praemissa.
1340 1690 1446 1800 Cap.
1467 1694 1511 1789 3,

335 1834 377 1914 h.
415 1842 443 1914 t.
479 1832 589 1925 Quin
621 1829 755 1911 obstet
786 1829 895 1934 quod
929 1827 971 1905 in
1002 1828 1070 1906 cit.
1101 1853 1192 1937 cop.
1218 1829 1247 1906 3
1279 1824 1429 1906 dicitur
1457 1867 1516 1889 —

335 1967 436 2050 Nisi
464 1967 610 2046 moniti
633 1968 720 2046 sinc
741 1962 941 2044 dilatione
963 1963 1206 2072 resipiscant
1216 1991 1232 2058 ,·
1256 1961 1516 2069 quandoqui-

336 2103 529 2210 damper
560 2100 671 2180 huno
701 2105 857 2180 textum
894 2123 976 2178 non
1008 2097 1103 2204 plus
1135 2096 1514 2202 indicaturpquam

333 2239 444 2346 quod
485 2235 716 2344 Episcopus
743 2233 903 2341 possit,
948 2231 982 2311 si
1026 2232 1146 2330 velit,
1189 2229 1307 2337 prius
1347 2255 1513 2309 monere

336 2400 471 2470 reum,
486 2373 604 2477 eique
621 2369 656 2449 si
673 2367 857 2450 monitus
873 2366 1013 2446 statim
1030 2393 1075 2445 se
1091 2364 1295 2464 emendet,
1316 2389 1364 2444 ex
1380 2362 1515 2470 gratia

334 2503 655 2612 dispensationis
677 2501 783 2580 hanc
805 2500 1069 2610 depositionis
1091 2523 1267 2604 poenam
1288 2497 1507 2577 remittere.

333 2641 393 2720 Ita
427 2634 701 2717 Reiffenstuel
733 2633 774 2711 h.
809 2633 838 2711 t.
875 2661 916 2712 n.
956 2636 1001 2712 3.
1042 2631 1213 2738 Pirhing
1249 2630 1337 2712 eod.
1376 2658 1417 2710 u.
1462 2632 1509 2710 5.

334 2774 396 2852 2.⁰
427 2767 611 2848 Privatio
643 2767 829 2846 omniurn
862 2763 1156 2846 beneficiorum
1182 2765 1306 2871 juxta
1326 2765 1429 2874 Cap.
1466 2771 1510 2867 6,

334 2904 377 2982 h.
399 2910 429 2982 t.
450 2910 489 2982 et
510 2900 676 3008 quidem
707 2898 797 3006 ipso
824 2899 931 3006 jure,
958 2905 1081 3006 prout
1100 2897 1307 3006 colligitur
1327 2926 1379 2980 ex
1406 2899 1509 3009 Cap.

335 3040 406 3118 cit.
427 3036 476 3116 V.
492 3035 690 3144 spoliare,
709 3035 818 3141 quod
835 3033 1061 3114 sententiae
1072 3032 1165 3138 jure
1181 3033 1288 3114 latae
1305 3033 1514 3114 executio-

178 3225 183 3235 ·
334 3197 429 3250 nem
461 3168 639 3249 denotat.
672 3169 855 3275 3.⁰1pso
887 3167 1010 3268 facte,
1044 3173 1084 3246 et
1115 3167 1204 3274 ipso
1230 3167 1323 3274 jure
1355 3169 1516 3273 irregu-

337 3303 510 3384 laritatis
533 3329 680 3410 poena.
706 3303 809 3411 Cap.
841 3307 869 3382 9
897 3301 938 3381 h.
959 3309 989 3382 t.
1014 3303 1206 3411 Cap.1§
1227 3300 1312 3406 fin.
1338 3299 1388 3381 de
1406 3309 1510 3382 sent.

334 3446 375 3520 ct
405 3465 449 3518 rc
468 3437 567 3544 jud.
593 3437 650 3520 Ut
665 3443 803 3516 autem
821 3435 1061 3542 hujusmodi
1078 3433 1359 3541 irregularitas
1375 3436 1517 3514 incur-

334 3581 466 3672 ratur,
480 3581 700 3677 sequentes
713 3569 1513 3680 requirunturconditionesPrimaest,

337 3713 381 3786 ut
402 3731 563 3802 verum,
582 3730 630 3784 ac
651 3706 865 3813 proprium
883 3713 1024 3786 actum
1043 3704 1209 3785 Ordinis
1226 3703 1315 3810 jam
1331 3707 1513 3812 suscepti

333 3843 539 3936 exerceat,
573 3837 807 3944 cujusmodi
839 3845 901 3918 est
931 3837 1150 3918 celebratio
1181 3839 1354 3937 Missae,
1387 3837 1516 3918 colla·

334 3969 390 4051 tio
408 3970 665 4070 Sacramenti
682 3971 865 4073 OrdiniS,
885 3970 1233 4077 Confirmationis,
1249 3971 1516 4053 administra-

333 4103 391 4185 tio
422 4111 627 4185 extremae
658 4104 873 4186 Unctionis
904 4113 1001 4204 etc,
1033 4107 1131 4213 quia
1161 4105 1235 4186 etsi
1263 4107 1515 4186 Censuratcs

334 4238 515 4342 graviter
545 4247 698 4348 peccet,
732 4249 870 4321 tamen
902 4241 1247 4347 irregularitatem
1270 4267 1354 4322 non
1375 4241 1514 4321 incur-

334 4370 387 4449 rit
417 4374 643 4454 exercendo
673 4374 811 4455 solum
849 4383 966 4456 actus
1007 4375 1330 4482 jurisdictionis:
1376 4375 1514 4482 qualis
