3388 5136
573 413 673 460 mssa
695 415 727 460 v.
753 431 791 442 -
820 415 961 461 arnonus
983 413 1033 460 111.
1348 393 1393 458 99

215 539 334 621 nobis
366 547 503 621 tamon
536 565 585 620 ea
615 539 790 646 adjicere
822 538 976 646 placuit
1005 539 1057 620 ad
1078 539 1277 646 majorem
1300 541 1393 647 per'-

214 675 492 782 spicuitatem,
529 685 569 754 et
599 673 825 755 claritatem
857 673 1140 754 dicendorum.
1176 674 1266 754 Hoc
1303 676 1394 754 bra-

217 809 320 889 viter
351 808 630 906 animdverso,
659 807 779 914 juvat
809 833 922 888 nunc
958 807 1105 888 allatae
1145 807 1395 888 definitionis

218 943 342 1023 verba
372 941 505 1022 obiter
524 941 756 1041 enucleare,
783 947 828 1020 ut
848 940 1034 1046 ejusdem
1057 939 1287 1021 intellectus
1309 965 1396 1018 ma-

216 1077 281 1183 gis
311 1103 360 1158 ac
389 1075 525 1182 magis
564 1083 716 1183 pateat.

305 1209 465 1291 Dicitur
483 1210 524 1290 in
542 1211 687 1318 primis
703 1237 728 1290 a
745 1209 850 1289 Divo
868 1208 1029 1290 Thoma
1046 1253 1096 1270 -
1115 1209 1313 1291 Studiose
1330 1235 1397 1288 oo-
1498 1229 1502 1238 '

220 1346 356 1425 luntas
379 1345 431 1426 ad
451 1344 751 1444 denotandum,
770 1344 879 1452 quod
896 1351 1014 1425 actus
1029 1343 1253 1424 voluntatis
1275 1343 1397 1422 debet

217 1505 309 1559 esse
332 1478 597 1579 deliberatus
618 1488 774 1560 etcum
796 1477 1051 1558 advertentia
1081 1478 1178 1557 mali
1210 1475 1393 1556 habitus

219 1611 328 1694 Nam
349 1613 552 1694 simoniae
573 1640 670 1693 reus
690 1613 836 1694 saltem
860 1638 998 1694 coram
1022 1611 1110 1692 Deo
1133 1618 1307 1711 nonest,
1327 1611 1396 1718 qui

220 1745 283 1824 vel
301 1772 351 1825 ex
369 1746 904 1854 inadvertentiatemporale
917 1773 990 1853 pro
1003 1745 1225 1853 spirituali,
1240 1753 1279 1826 et
1292 1745 1399 1826 vice-

220 1904 356 1978 versa,
380 1878 580 1980 amitant
597 1882 756 1963 vendit:
780 1881 843 1961 vel
864 1881 934 1988 qui
953 1907 1004 1960 ex
1023 1879 1255 1985 ignorantia
1270 1877 1395 1985 juria

219 2019 292 2092 aut
308 2011 403 2093 facti
422 2013 462 2094 id
480 2013 656 2120 peragit,
676 2013 832 2096 scilicet
847 2013 882 2093 si
901 2014 1065 2118 ignorat
1085 2012 1187 2092 illud
1208 2037 1298 2092 esse
1322 2009 1399 2090 illi·

218 2145 364 2244 citum,
383 2146 447 2226 vel
463 2146 498 2225 si
518 2173 599 2226 non
627 2148 704 2226 scit
724 2127 811 2226 rem
833 2173 924 2226 esso
946 2145 1219 2252 spiritualem.
1240 2145 1400 2225 Dicitur

221 2277 390 2386 insuper
418 2277 604 2358 studioso
631 2278 817 2358 uoluntas
848 2277 899 2356 ad
931 2275 1267 2382 significandum,
1291 2277 1400 2382 quod

220 2412 421 2493 simoniae
452 2412 609 2493 crimen
631 2437 713 2492 non
735 2411 857 2492 modo
881 2410 938 2492 uti
961 2417 1122 2491 caetera
1142 2417 1310 2517 peccata
1332 2410 1400 2490 de·

220 2544 503 2628 liberationem
534 2543 677 2652 exigit,
712 2546 785 2626 sed
817 2543 941 2624 etiam
973 2544 1083 2652 quod
1119 2545 1171 2624 ad
1202 2543 1401 2624 essentia-

220 2679 301 2758 lem
331 2680 422 2759 eius
452 2679 654 2761 malitiam
684 2705 766 2760 non
789 2679 1026 2786 requiritur,
1054 2685 1099 2760 ut
1119 2685 1287 2786 pactum
1309 2705 1402 2758 mu·

221 2819 292 2892 tuo
324 2837 544 2913 consensu,
580 2811 643 2893 vel
674 2839 819 2921 reapse
861 2814 1112 2920 perficiatur,
1146 2813 1219 2894 sed
1250 2810 1403 2894 sufficit

221 2943 406 3044 interior,
440 2944 500 3026 vel
536 2945 661 3026 unius
694 2943 856 3026 affectio
887 2945 1128 3044 simoniaca,
1165 2945 1400 3054 paciscendi

220 3107 382 3187 nempe,
419 3107 493 3160 seu
524 3079 734 3186 obligandi
767 3079 974 3159 voluntas
1010 3079 1217 3159 Denotant
1236 3079 1400 3159 tandem

221 3213 346 3296 citata
377 3215 502 3296 verba
532 3215 641 3322 quod
673 3213 751 3294 hoc
782 3213 986 3294 simoniae
1022 3213 1180 3294 crimen
1221 3212 1404 3320 procedit

221 3374 303 3430 non
335 3343 495 3430 tantum
527 3375 552 3428 a
582 3341 822 3450 deliberata,
856 3349 928 3428 sed
961 3365 1000 3428 et
1032 3373 1057 3427 a
1087 3345 1236 3430 callida
1256 3347 1403 3426 volun-

222 3491 319 3582 tate,
354 3490 476 3589 atque
507 3511 560 3563 ex
591 3483 722 3563 dolosi
754 3482 880 3562 animi
903 3479 1093 3580 consilia,
1118 3479 1213 3560 hinc
1235 3505 1316 3593 non
1337 3503 1404 3559 so·

223 3615 311 3694 lum
342 3614 496 3693 crimen
527 3614 605 3695 hoc
635 3615 868 3716 committit,
903 3614 973 3723 qui
1006 3621 1144 3723 aperte
1170 3611 1401 3722 spirituale,

224 3747 286 3828 vel
318 3745 522 3854 spirituali
556 3775 767 3830 annexum
788 3749 901 3850 emit,
927 3749 991 3830 vel
1013 3750 1163 3848 vendit,
1190 3747 1404 3830 sedetiam

222 3881 292 3990 qui
325 3880 494 3988 palliato
526 3880 667 3962 animo
699 3884 739 3962 id
772 3884 909 3989 ipsum
942 3884 1052 3966 lacit.
1087 3883 1177 3963 Hac
1207 3882 1257 3963 de
1287 3908 1330 3962 re
1353 3883 1403 3963 ad

223 4014 463 4121 hujusmodi
495 4013 669 4095 artificia
700 4015 927 4122 detegenda
964 4016 1103 4122 plures
1143 4041 1405 4094 summorum

223 4147 476 4230 Pontificum
506 4147 819 4230 constitutiones
852 4147 985 4228 editae
1019 4147 1197 4228 luerunt.

313 4281 472 4363 Dicitur
484 4282 576 4364 inde
588 4281 760 4382 emendi,
776 4281 836 4362 oet
853 4279 1052 4363 uendendi
1063 4281 1114 4362 ad
1126 4280 1401 4383 innuendum,

225 4418 335 4523 quod
354 4443 502 4498 nomen
519 4417 754 4526 emptioniS‚
774 4426 814 4504 et
829 4416 1081 4516 venditionis
1095 4417 1175 4496 late
1193 4415 1259 4498 hic
1275 4416 1404 4524 accipi
