3264 5146
550 427 657 479 urana
680 427 726 478 rr.
753 445 773 458 -
795 427 933 478 rrrunus
954 427 977 476 r.
1311 415 1352 478 33

178 590 199 628 ›
221 553 282 635 nii
313 555 557 663 regulariter
586 565 653 638 est¹
679 565 850 638 mutuus
880 583 1107 637 consensus
1128 583 1200 664 per
1223 558 1347 636 verba

178 721 198 758 ι
221 689 274 794 de
316 689 520 796 praesenti
562 716 841 797 expressus»
886 688 1006 782 Quod
1045 689 1081 768 si
1117 687 1347 770 Concilium

173 821 468 904 Tridentinum
501 824 777 931 praesentiam
805 823 974 930 parochi
996 823 1226 932 requisivit,
1250 850 1345 904 eum

173 955 371 1037 adhibuit
402 955 461 1037 uti
493 965 629 1037 testem
660 955 955 1038 auctorabilem
984 983 1066 1036 non
1088 982 1184 1037 vero
1206 965 1252 1038 ut
1272 959 1349 1036 mi-

172 1091 370 1188 nistrum,
405 1091 755 1196 quemadmodum
794 1090 830 1170 si
861 1091 914 1168 ab
956 1089 1124 1196 antiquo
1165 1089 1350 1170 Ecclesia

173 1221 397 1330 religiosos
428 1223 532 1304 ritus
563 1224 605 1303 in
636 1223 888 1305 matrimonii
921 1223 1194 1304 celebratione
1229 1251 1346 1333 prae-

172 1356 361 1464 scripsit,
387 1383 470 1438 non
491 1357 581 1437 ideo
604 1357 644 1436 id
666 1357 759 1438 lecit
776 1365 821 1438 ut
836 1383 979 1437 socrus
997 1359 1147 1439 iaceret
1162 1358 1341 1466 nuptias

173 1489 299 1596 quasi
331 1490 420 1571 sine
451 1490 532 1570 illis
555 1516 701 1572 sacrae
720 1515 802 1572 non
824 1499 974 1591 essent,
1000 1492 1072 1572 sed
1093 1519 1144 1572 ex
1167 1517 1215 1572 eo
1238 1493 1346 1600 quod

171 1631 325 1704 sancta
353 1633 492 1704 sancte
523 1625 744 1706 tractanda
773 1633 879 1708 sant.

301 1761 389 1838 ll.⁰
418 1758 544 1839 Aliud
566 1769 857 1866 argumentum
879 1762 929 1842 ad
952 1762 1217 1842 asserendam
1238 1761 1349 1869 prin-

176 1889 344 1998 cipibus
374 1891 490 1972 laicis
530 1901 774 2000 potestatem
810 1894 1016 1974 statuendi
1058 1893 1350 2001 impedimenta

173 2024 491 2105 matrimonium
508 2024 778 2106 christianum
795 2027 1042 2128 dirimentia,
1067 2027 1197 2135 deque
1218 2055 1265 2109 eo
1283 2029 1297 2135 j
1305 2057 1350 2108 u·

171 2158 342 2238 dicandi
384 2160 578 2260 alferium
627 2185 773 2268 nempe
818 2161 1127 2242 matrimonium
1173 2151 1353 2268 spectari

172 2317 302 2399 posse
333 2300 380 2372 ut
408 2292 589 2374 officium
620 2302 806 2394 naturae,
832 2300 882 2374 utw
903 2294 1083 2374 officium
1115 2295 1347 2376 communi-

172 2423 292 2524 tatis
316 2432 357 2522 et
378 2433 423 2505 ut
442 2423 624 2506 officium
645 2425 870 2532 religionis,
896 2452 944 2506 ac
964 2427 1043 2506 sub
1065 2427 1246 2534 quolibet
1271 2427 1348 2508 hoc

171 2567 371 2666 respectu
411 2559 555 2666 attingi
586 2559 731 2666 alege
771 2559 965 2660 naturali,
1010 2560 1117 2640 civili
1150 2572 1190 2642 et
1219 2562 1348 2642 eccle-

171 2689 364 2792 siastica;
388 2701 510 2800 atque
540 2691 684 2799 alege
714 2691 823 2772 civili
854 2693 1021 2800 quidem
1053 2701 1257 2800 quatenus
1281 2721 1349 2774 or-

172 2823 348 2905 dinatur
382 2824 434 2904 ad
476 2823 629 2904 bonum
671 2824 897 2932 politicum.
934 2825 1015 2906 Sed
1046 2852 1098 2932 ex
1129 2827 1347 2929 enunciata

173 2957 379 3067 principio
409 2985 492 3039 non
522 2957 723 3067 sequitur,
748 2959 872 3040 talem
903 2985 994 3040 esse
1026 2961 1259 3042 auctoritati
1291 2961 1348 3041 ei·
1455 3055 1459 3066 ,

173 3093 247 3172 vili
291 3094 554 3174 asserendam
596 3101 854 3201 potestatem.
888 3094 928 3171 A
958 3093 1047 3201 lege
1082 3094 1260 3177 naturali
1291 3095 1348 3173 si-

171 3227 344 3335 quidem
374 3228 532 3334 regitur
561 3227 885 3328 matrimonium,
920 3256 971 3308 ne
1000 3227 1073 3308 fiat
1102 3235 1245 3308 contra
1274 3227 1348 3308 ho-

173 3369 396 3462 nestatem3
420 3362 472 3442 ab
494 3361 679 3443 Ecclesia
698 3388 794 3443 vero
817 3362 868 3444 ad
889 3362 1220 3445 determinandas
1251 3387 1347 3442 con-

172 3495 370 3597 ditiones,
393 3503 440 3576 ut
465 3504 699 3578 contractus
729 3497 931 3578 naturalis
962 3505 1084 3606 aptus
1116 3496 1194 3578 diei
1216 3497 1345 3606 possit

171 3629 228 3710 ad
258 3637 584 3731 sacramentum;
618 3656 765 3738 nempe
796 3656 847 3710 ex
884 3630 978 3739 jure
1013 3629 1189 3711 naturali
1223 3639 1265 3713 et
1294 3659 1344 3711 ex

169 3761 268 3868 jure
285 3759 563 3844 ecclesiastico
584 3771 759 3871 possunt
778 3763 927 3872 apponi
951 3747 1245 3871 impedimenta
1260 3789 1348 3844 ma-

171 3896 417 3978 trimonium
450 3897 699 3999 dirimentia,
724 3907 764 3980 et
793 3897 894 3980 haec
924 3899 1046 3980 debet
1075 3897 1277 4006 respicere
1307 3919 1347 3980 61

175 4029 375 4112 inviolata
390 4057 554 4113 servare
571 4033 794 4114 auctoritas
811 4033 958 4134 civilis,
980 4033 1125 4114 saltem
1141 4031 1242 4113 nihil
1265 4040 1348 4114 sta·

173 4163 331 4245 tuendo
361 4163 403 4244 in
433 4165 703 4266 contrarium,
737 4191 831 4247 cum
863 4167 915 4247 ad
946 4165 1103 4246 bonum
1134 4164 1346 4272 politicum

175 4297 343 4379 ordinat
358 4299 682 4382 matrimonium.
707 4299 816 4380 Hinc
835 4299 962 4407 leges,
988 4324 1094 4407 quae
1114 4324 1240 4407 super
1260 4323 1349 4377 ma·

177 4430 374 4512 trirnonio
394 4440 589 4514 emanant
611 4433 663 4513 ab
685 4432 927 4514 auctoritate
948 4431 1059 4514 civili
1075 4457 1158 4514 non
1174 4441 1350 4540 possunt

332 4587 358 4630 ’1.
371 4587 413 4630 111.
427 4599 442 4614 ⁸
453 4587 479 4632 Ρ.
493 4587 513 4630 1.
1186 4589 1198 4629 1
