3136 5138
423 375 531 428 uranu
554 375 598 424 ιν.
625 394 644 407 -
667 377 806 429 rrrucus
830 379 874 428 iv.
1177 364 1240 426 127

89 513 165 614 post
193 504 477 590 Tridentinum
499 503 589 584 illos
610 511 770 586 tantum
792 533 917 587 casus
948 505 1096 612 excipi.
1121 505 1232 612 Ergo

87 639 284 737 sententia,
317 664 442 745 quam
472 645 583 718 tenet
612 637 796 720 Sanohez
829 640 898 720 lib.
925 641 950 720 7
973 638 1022 718 de
1043 641 1225 721 matrim.

88 771 165 852 dist.
199 771 224 850 7
254 799 365 851 num.
397 772 462 867 l3,
487 771 595 880 quod
617 770 772 856 scilicet
792 763 1129 879 impedimentum
1156 800 1234 880 pu-

91 903 197 986 blicae
213 903 439 986 honestatis
456 930 538 985 non
554 913 773 984 enascatur
793 931 842 984 ex
866 903 1127 985 matrimonio
1143 915 1232 988 rato

87 1041 143 1120 sed
158 1040 332 1121 invalido
348 1047 513 1146 propter
533 1064 614 1120 non
635 1046 841 1120 servatam
863 1038 1036 1118 formam
1059 1040 1232 1121 Triden-

88 1173 144 1254 tini
157 1199 229 1253 seu
250 1171 517 1272 clandestine,
541 1171 733 1252 sustineri
755 1171 1051 1252 rationabiliter
1071 1174 1226 1282 nequit,

86 1306 164 1412 quia
182 1306 331 1388 directe
352 1315 414 1386 est
435 1305 625 1414 opposita
644 1306 905 1412 supradictae
936 1304 1228 1388 Constitutioni

86 1439 136 1518 Pii
151 1439 200 1520 V.
218 1439 294 1520 Est
315 1440 482 1547 inquam
509 1439 581 1519 tali
598 1437 887 1520 Constitutioni
905 1440 1108 1547 opposita,
1133 1441 1230 1548 quia

86 1572 169 1653 haee
195 1573 396 1654 sententia
426 1572 611 1654 Sanchez
642 1573 837 1680 supponit
876 1571 1106 1654 Concilium
1135 1573 1229 1653 Tri-

85 1705 275 1787 dentinum
307 1707 348 1786 in
379 1735 468 1816 cup.
505 1709 529 1786 3
559 1733 654 1786 sess.
680 1709 737 1786 24
757 1707 806 1786 de
837 1709 1007 1798 reform.
1041 1709 1223 1789 neutrim.

87 1841 294 1946 respexisse
325 1840 377 1922 ad
409 1840 746 1948 impedimentum
777 1841 965 1948 publicae
1000 1839 1227 1924 honestatis

84 1983 197 2052 ortum
213 1999 265 2054 ex
282 1972 546 2054 matrimonio
562 1985 666 2074 rate,
690 2000 785 2054 cum
801 1975 904 2054 Pius
921 1974 960 2050 V
977 1974 1018 2052 in
1036 1973 1105 2054 illa
1121 1975 1229 2056 Con-

85 2106 272 2188 stitutione
298 2108 442 2190 doceat
473 2109 524 2188 ad
555 2107 632 2188 hoe
654 2107 991 2215 impedimentum
1022 2115 1226 2216 quatenus

83 2241 192 2322 oritur
219 2269 272 2323 ex
301 2241 564 2323 matrimonio
593 2249 681 2323 rato
722 2242 1008 2323 Tridentinum
1049 2268 1130 2322 non
1162 2269 1226 2323 re-

83 2375 260 2480 spexisse,
292 2375 365 2456 sed
381 2374 640 2456 solummodo
661 2382 863 2482 quatenus
884 2375 1155 2456 enaseebatur
1174 2401 1226 2456 ex

8 2537 9 2540 ¹
84 2508 326 2613 sponsalibus
356 2509 405 2589 de
436 2507 590 2592 futuro,
614 2509 666 2589 Et
688 2507 836 2589 iterum
857 2508 914 2589 illi
935 2508 1223 2590 Constitutioni

84 2653 133 2720 est
149 2642 362 2742 contraria,
382 2641 480 2749 quia
495 2641 679 2722 Sanchez
696 2649 789 2749 post
803 2641 1091 2752 Tridentinum
1108 2649 1225 2749 putat

84 2769 144 2854 hoe
161 2775 497 2884 impedimentum
518 2802 600 2855 non
621 2777 760 2856 enasci
783 2779 824 2855 in
844 2777 1025 2856 omnibus
1047 2754 1218 2874 casibus,

84 2903 273 3016 inquibus
294 2908 409 3017 prius
430 2909 654 3006 oriebatur,
678 2917 819 2991 contra
840 2909 880 2990 id
901 2911 1010 3018 quod
1031 2909 1221 2990 Pontifex

83 3037 165 3122 Pius
191 3043 231 3120 V
261 3042 304 3124 iu
333 3069 383 3123 ea
411 3041 711 3124 Constitutione
733 3043 967 3126 authentica
982 3027 1218 3125 declaravit.

82 3167 200 3280 Neque
229 3174 343 3256 dieas
374 3200 446 3282 per
475 3175 763 3256 Tridentinum
798 3175 1026 3257 Concilium
1069 3175 1222 3255 laetum

83 3329 167 3408 esse,
197 3311 305 3418 quod
336 3309 590 3391 clandestina
619 3311 825 3390 connubia
856 3309 1077 3392 laetasint
1107 3309 1223 3388 inva-

83 3435 159 3540 lida,
189 3469 294 3552 quae
323 3443 439 3552 prius
471 3443 608 3524 valida
637 3451 768 3544 erant;
806 3471 901 3524 nam
942 3443 1008 3524 hic
1048 3449 1223 3524 nonest

82 3577 241 3675 quaestio
271 3577 322 3658 de
357 3575 582 3677 validitate,
626 3603 722 3657 cum
762 3577 842 3658 tale
882 3576 1221 3685 impedimentum

82 3705 243 3808 publicae
263 3710 490 3793 honestatis
511 3719 731 3792 enascatur
751 3739 804 3792 ex
823 3710 1096 3792 matrimoniis
1118 3710 1219 3791 ratis

81 3837 202 3922 validis
222 3850 295 3924 aut
314 3843 522 3944 invalidiS,
547 3871 632 3924 una
652 3851 814 3925 tantum
837 3845 945 3926 laeta
964 3843 1219 3950 exceptione,

82 3995 200 4082 nempe
219 3977 442 4059 dummodo
463 4004 546 4058 non
567 3977 651 4058 sint
671 3977 851 4060 invalida
870 4004 922 4058 ex
942 3975 1103 4059 defectu
1124 4001 1222 4057 con-

79 4125 218 4211 sansuS,
249 4136 324 4192 seu
355 4111 454 4219 quia
483 4137 712 4193 consensus
742 4137 824 4192 non
855 4110 1030 4192 habetur
1051 4109 1115 4190 vel
1135 4136 1219 4191 non

14 4251 15 4300 t
81 4247 128 4316 est
152 4239 290 4347 plenus
320 4253 360 4326 et
389 4243 432 4326 id
462 4271 559 4326 cum
591 4243 823 4326 Canonistis
844 4241 1220 4352 probatSehmalz-

81 4375 229 4471 grueber
256 4407 366 4461 num.
406 4379 485 4459 102
515 4377 557 4459 b.
592 4385 622 4458 t.
658 4377 774 4458 Siout
803 4376 1030 4459 notandum
1052 4381 1114 4496 est
1140 4373 1218 4456 hec
