3178 5134
336 401 401 468 200
623 411 916 468 rmunnononus
936 413 1032 465 rums
1054 409 1224 464 eruemur

342 544 426 626 ruit
454 551 496 625 et
523 541 686 625 nonnisi
717 541 761 622 in
789 539 999 648 aliquibus
1029 539 1267 647 regionibus
1287 533 1506 617 Amerioae

343 681 450 760 inter
478 675 723 759 ehristianos
743 673 880 757 adhue
899 674 1024 781 viget,
1048 671 1310 790 matrimonia
1330 696 1356 751 a
1375 669 1508 752 servis

343 817 553 893 eontracta
581 807 704 891 etiam
733 805 1108 890 eontradioentibus
1138 803 1315 886 dominis
1341 811 1381 885 et
1401 803 1506 883 invi-

343 943 397 1023 tis
426 943 541 1024 nulla
569 943 726 1025 ratione
756 949 854 1023 sunt
878 948 1044 1050 propter
1063 939 1141 1021 hoe
1161 937 1437 1040 dissolvenda;
1460 936 1512 1018 li-

343 1081 407 1157 oet
436 1075 575 1157 debita
603 1081 644 1156 et
668 1081 865 1157 consueta
883 1073 1053 1156 servitia
1072 1098 1154 1153 non
1174 1071 1313 1152 minus
1334 1071 1511 1152 debeant

343 1233 369 1288 a
397 1208 529 1290 servis
558 1207 734 1317 propriis
763 1201 942 1288 dominis
972 1206 1170 1288 exhiberi.

459 1342 521 1422 2.⁰
549 1341 692 1448 Longe
722 1337 804 1420 elia
832 1347 895 1421 est
923 1339 1109 1450 quaestio
1135 1339 1185 1420 de
1206 1338 1345 1418 valore
1364 1335 1510 1418 matri·

342 1471 471 1552 monii
492 1470 582 1554 initi
603 1472 790 1579 ignorata
809 1472 1039 1553 conditione
1059 1471 1198 1552 servili
1224 1469 1393 1552 alterius
1415 1496 1509 1579 par·

345 1605 414 1706 tis,
438 1631 544 1714 quae
564 1605 669 1687 inter
688 1603 874 1686 diversos
894 1604 1092 1720 Doetores
1112 1603 1271 1684 diverse
1291 1601 1509 1710 opinantes

344 1738 405 1820 sie
435 1737 488 1820 ab
519 1737 611 1820 aliis
640 1737 709 1818 via
742 1737 879 1819 media
917 1737 1231 1845 procedentibus
1270 1735 1503 1818 resolvitur:

348 1871 475 1954 «Aut
504 1871 613 1953 enim
643 1872 745 1954 liber
775 1869 1050 1952 eum·aneilla
1079 1869 1282 1952 contraxit
1307 1895 1403 1952 oum
1423 1868 1511 1950 'beo

345 2031 543 2115 expressa
570 2005 801 2088 conditione
835 2007 911 2084 <si
941 2005 1070 2087 libera
1097 2005 1191 2084 sit»
1235 2031 1317 2085 non
1347 2011 1511 2085 eontra·

344 2148 502 2240 clarus
535 2138 614 2219 nisi
645 2147 754 2220 esset
782 2137 928 2240 libera;
961 2138 1026 2219 vel
1065 2139 1221 2246 absque
1262 2135 1339 2220 hae
1369 2137 1513 2218 eondi-

343 2273 454 2354 tione
483 2279 738 2354 contractum
758 2271 846 2354 init.
875 2271 918 2353 Si
940 2272 1120 2380 primum
1141 2271 1386 2370 verificetur,
1410 2276 1511 2351 tuno

347 2407 429 2489 tale
458 2406 766 2490 matrimonium
796 2415 859 2488 est
888 2433 939 2487 ex
966 2406 1059 2513 jure
1079 2406 1257 2486 naturali
1283 2404 1511 2486 invalidum
1580 2405 1581 2474 l

346 2539 444 2647 quia
473 2539 586 2620 deest
615 2539 821 2640 voluntas,
855 2565 960 2646 quae
991 2539 1157 2646 alligata
1182 2537 1406 2619 conditioni
1427 2565 1510 2619 non

347 2671 581 2754 verificatur
611 2698 661 2753 ea
689 2671 920 2754 conditione
950 2698 1031 2752 non
1061 2672 1294 2779 adimpleta.
1329 2671 1374 2752 Si
1413 2698 1514 2754 vero

346 2805 445 2886 huie
459 2803 681 2886 conditioni
697 2831 780 2885 non
796 2805 1190 2912 alligaturvoluntas
1201 2805 1508 2906 consentientis,

348 2947 448 3019 tune
478 2936 558 3018 tale
587 2937 897 3019 matrimonium
920 2963 1002 3019 non
1022 2945 1084 3018 est
1104 2937 1329 3018 invalidum
1351 2963 1402 3018 ex
1418 2939 1514 3045 jure

349 3068 526 3152 naturali
556 3071 629 3151 sed
669 3071 955 3153 tantummodo
994 3097 1046 3151 ex
1080 3069 1174 3178 jure
1214 3070 1511 3172 ecelesiasti003
1579 3099 1580 3140 r

348 3205 498 3314 quippe
528 3231 623 3286 oum
654 3231 736 3287 non
767 3205 821 3287 sit
850 3231 963 3286 error
1001 3205 1185 3286 recidens
1216 3205 1258 3284 in
1291 3232 1512 3312 personam

343 3338 436 3444 jure
456 3337 634 3420 naturali
656 3338 966 3422 matrimonium
983 3338 1154 3418 reddens
1171 3337 1411 3440 invalidum,
1436 3341 1510 3423 sed

349 3497 375 3550 a
399 3471 493 3577 jure
509 3449 786 3554 eeclesiastico
801 3472 976 3580 positivo
993 3471 1241 3552 invalidatur
1259 3503 1278 3547 ‹
1298 3481 1511 3581 tamquam

350 3601 523 3710 reliquia
551 3601 690 3709 legum
719 3629 987 3686 romanarum
1016 3610 1056 3684 et
1086 3604 1348 3710 antiquorum
1388 3633 1514 3688 eano-

352 3761 453 3814 num
483 3761 698 3816 servorum
729 3739 921 3846 conjugia
950 3765 1072 3846 aegre
1101 3740 1443 3822 admittentium»
1468 3751 1515 3824 ut

351 3867 531 3974 loquitur
561 3867 716 3950 Giraldi
747 3872 822 3953 loe.
857 3875 926 3954 eit.
966 3873 1056 3954 Hoe
1096 3879 1228 3953 totum
1270 3873 1424 3955 laetum
1454 3885 1517 3956 est

351 4009 539 4110 respectu
569 4030 770 4111 personae
799 4006 967 4108 liberae,
999 4031 1082 4087 non
1113 4014 1251 4087 autem
1281 4033 1440 4090 servae.

470 4136 530 4216 3.⁰
560 4137 675 4219 Haeo
705 4147 841 4221 tamen
871 4138 1063 4246 conjugia
1092 4141 1374 4222 oonvalesoere
1404 4151 1518 4250 pote·

352 4275 444 4350 rant
473 4268 714 4376 antiquitus
749 4272 784 4353 si
805 4273 963 4354 deteota
981 4271 1120 4352 servili
1141 4273 1386 4376 conditione,
1412 4273 1516 4355 liber
1577 4353 1578 4356 a

352 4401 619 4486 nihilominus
649 4407 811 4488 earnale
842 4405 1056 4488 habuisset
1091 4433 1187 4489 eum
1225 4433 1276 4489 ea
1306 4403 1516 4491 'commen
