3380 5132
556 351 663 402 meua
684 353 731 401 1v.
755 369 776 384 ··
798 351 937 402 rrruaus
959 351 1029 401 xix.
1313 340 1377 403 323

209 505 409 562 conversa
438 486 571 588 potest
592 479 656 558 vel
686 479 818 562 divisa
848 507 1013 561 manere
1044 481 1166 562 etiam
1187 481 1221 562 si
1244 482 1373 564 altera

211 643 306 725 pars
336 614 474 723 cupiat
513 607 899 725 reconciliationem,
934 625 1005 696 aut
1035 615 1104 694 illa
1132 615 1374 724 'irrequisita

211 751 261 831 ad
282 773 424 831 sacros
439 748 603 829 ordines
619 749 838 830 ascendere
860 757 931 836 aut
951 747 1244 856 professionem
1266 751 1372 830 sole-

211 887 348 964 mnem
379 881 591 962 inordina
622 872 847 989 approbato
878 881 1011 982 edere,
1035 882 1134 990 quia
1159 882 1228 990 jus
1249 883 1373 964 habet
1431 943 1435 950 -

212 1022 406 1124 perpetuo
437 1015 684 1096 discedendi.
709 1016 791 1096 Sed
812 1015 854 1095 in
876 1042 975 1096 casu
1007 1015 1205 1098 transitus
1236 1017 1287 1098 ad
1308 1044 1373 1098 se-

212 1150 368 1230 cundas
398 1147 563 1258 nuptias
593 1175 675 1228 non
705 1149 839 1248 datur,
865 1149 962 1256 quia
989 1175 1068 1228 non
1090 1155 1223 1257 potest
1244 1149 1373 1256 appli-

212 1281 295 1363 cari
317 1281 576 1390 privilegium
596 1280 705 1381 fidei,
729 1282 837 1388 quod
858 1281 1091 1362 considerat
1113 1282 1373 1388 dispendium

214 1415 398 1495 habitum
429 1440 479 1494 ex
511 1395 776 1494 irrationabili
808 1415 994 1496 discessu
1025 1415 1211 1522 conjugis
1242 1415 1283 1496 in
1313 1417 1375 1494 in-

212 1547 405 1628 fidelitate
435 1546 650 1642 manentis⁴
671 1547 713 1625 in
744 1548 885 1630 odium
915 1557 1101 1654 receptae
1130 1548 1239 1630 fidei.

329 1682 389 1760 8.⁰
410 1679 500 1760 Hoc
531 1687 668 1762 autem
701 1681 914 1790 privilegio
935 1683 985 1761 ad
1007 1681 1128 1762 fidem
1150 1707 1374 1762 conversus

213 1813 272 1894 uti
293 1839 375 1894 non
394 1821 541 1919 potest,
562 1813 641 1892 nisi
662 1815 878 1922 praecedat
898 1814 1166 1923 interpellatio
1188 1814 1375 1921 conjugis

215 1947 401 2044 infidelis,
437 1948 545 2054 quod
577 1955 715 2053 aperte
746 1957 906 2030 constat
936 1975 985 2027 ex
1018 1949 1140 2030 citato
1166 1948 1286 2028 Pauli
1318 1959 1378 2028 te-

214 2081 406 2160 stimonio
437 2089 477 2160 et
507 2107 597 2190 cup.
624 2067 648 2160 7'
671 2080 711 2160 h.
748 2086 777 2160 t.
811 2081 1011 2187 dependet
1040 2057 1148 2161 enim
1181 2109 1206 2163 a
1235 2082 1375 2161 condi-

214 2213 323 2292 tione
344 2213 614 2320 explorandae
631 2212 854 2293 voluntatis
876 2213 1063 2294 infidelis:
1089 2241 1141 2294 an
1163 2213 1259 2294 velit
1280 2240 1378 2294 con-

215 2346 332 2446 verti,
356 2342 428 2427 aut
448 2346 594 2426 saltem
617 2346 850 2428 cohabitare
877 2347 965 2427 sine
986 2347 1233 2428 contumelia
1255 2347 1378 2428 Crea-

214 2479 328 2560 toris
370 2480 487 2561 Unde
518 2479 564 2560 S.
598 2479 869 2586 Congregatio
909 2478 1079 2559 Concilii
1120 2479 1186 2558 die
1215 2482 1271 2559 23
1302 2481 1378 2562 Ju-

214 2616 357 2706 uuurii
376 2617 500 2714 1603,
519 2623 571 2694 ut
591 2613 765 2712 refertur
786 2613 827 2693 in
849 2615 917 2694 ue.
943 2615 994 2694 lt)
1016 2615 1176 2694 Deerat.
1194 2619 1295 2724 pap.
1324 2617 1377 2693 55

215 2747 447 2854 respondit:
487 2748 569 2827 «S.
605 2747 877 2854 Congregatio
916 2746 1075 2828 censuit
1114 2747 1172 2826 ita
1211 2772 1379 2853 rospon-

215 2881 409 2962 dendum:
435 2881 604 2962 minime
624 2908 745 2990 posse
772 2882 1001 2990 praedictos
1022 2881 1072 2962 ad
1095 2907 1234 2961 veram
1255 2880 1378 2960 fidem

217 3039 435 3096 conversos
467 3014 650 3122 accipere
681 3015 784 3096 alias
804 3015 944 3098 fideles
976 3041 1138 3115 uxores,
1162 3015 1240 3094 nisi
1263 3013 1379 3120 prius

216 3145 443 3228 eonstiterit
465 3155 604 3228 utrum
625 3148 781 3256 primae
799 3147 1000 3228 voluerint
1021 3174 1115 3228 oum
1136 3147 1196 3226 eis
1218 3170 1381 3253 perma-

218 3307 312 3361 nere
341 3282 405 3362 vel
437 3308 532 3366 non.
568 3282 687 3374 Quod
718 3282 753 3362 si
790 3279 994 3362 noluerint
1033 3279 1282 3379 cohabitare,
1316 3278 1380 3357 vel

218 3414 252 3494 si
284 3415 486 3496 voluerint
515 3442 596 3496 non
627 3425 764 3496 tamen
796 3416 950 3521 absque
981 3413 1230 3520 contumelia
1260 3411 1383 3491 Crea-

223 3549 334 3648 toriS,
359 3548 421 3630 vel
443 3557 489 3629 ut
519 3575 737 3630 conversos
768 3549 819 3629 ad
852 3554 1064 3656 peccatum
1095 3547 1265 3628 mortale
1292 3571 1384 3654 per-

221 3679 396 3783 trahant,
421 3692 518 3764 tunc
548 3708 668 3790 posse
700 3682 802 3762 alias
831 3681 971 3762 fideles
1002 3681 1184 3790 accipere
1212 3706 1377 3762 uxores.

221 3814 264 3894 Si
297 3813 530 3896 cohabitare
561 3817 716 3923 absque
737 3812 942 3895 Creatoris
972 3813 1220 3896 contumelia
1240 3811 1376 3907 velint,

221 3956 260 4028 et
281 3949 437 4056 absque
459 3975 506 4030 eo
528 3949 637 4057 quod
658 3973 878 4029 conversos
900 3947 952 4028 ad
973 3946 1143 4028 mortale
1169 3951 1383 4053 peccatum

222 4082 469 4190 pertrahant,
504 4081 692 4190 quamvis
723 4108 862 4162 veram
892 4107 1114 4187 agnoscere
1154 4079 1277 4159 fidem
1307 4102 1381 4155 no-

220 4214 382 4314 luerint,
408 4242 491 4295 non
522 4241 643 4322 posse
664 4241 885 4295 conversos
915 4213 1018 4294 alias
1038 4212 1177 4293 fideles
1199 4210 1381 4317 accipere

224 4373 390 4428 uxores.
409 4345 503 4428 Non
523 4347 710 4428 sufficere
731 4373 780 4428 ea
797 4372 900 4454 quae
922 4353 1219 4454 proponuntur,
1240 4367 1384 4448 nempe
