3264 5146
464 394 573 445 nrana
595 395 641 444 iv.
666 413 688 427 ·
710 393 851 446 rrrunus
874 393 895 445 1.
1224 377 1264 440 65

126 525 350 636 dispensatio
380 525 433 606 ab
463 523 649 606 Ecclesia
677 552 760 606 non
800 524 937 623 datur,
979 549 1030 603 ne
1071 523 1258 605 videatur

32 671 33 686 ³
126 661 352 770 dispensatio
372 657 571 766 attingere
591 657 882 740 substantialia
898 664 1132 739 contractus
1148 687 1263 741 nem-

32 809 34 892 !
126 821 163 902 pe
188 819 442 893 consensum,
476 799 516 872 et
545 799 594 873 ut
621 791 781 898 integra
800 792 968 872 libertas
988 791 1030 872 in
1051 794 1263 874 matrimo-

32 929 33 936 ‘
124 927 187 1008 niis
213 934 411 1010 servetur.
445 926 568 1026 Hinc,
602 933 647 1007 ut
668 935 790 1008 antea
811 925 888 1007 luit
909 924 1259 1026 animadversum,

32 1069 33 1076 ‘
126 1065 156 1143 in
169 1061 534 1172 dispensationibus
549 1060 921 1142 matrimonialibus
933 1062 1152 1170 apponitur
1166 1089 1264 1145 con-

125 1196 217 1276 ditio:
253 1193 517 1276 «dummodo
548 1194 696 1274 mulier
725 1201 889 1301 propter
918 1191 996 1274 hoc
1034 1193 1264 1301 (matrimo-

126 1329 236 1436 nium)
257 1336 377 1436 rapta
397 1352 478 1406 non
500 1325 568 1408 sit.
593 1359 611 1402 ›
638 1327 754 1420 Quae
771 1325 959 1408 clausula
975 1326 1263 1436 importatnon

126 1463 225 1544 modo
252 1461 364 1570 quod
394 1460 436 1540 in
466 1459 756 1568 impedimento
788 1467 931 1567 raptus
951 1487 1033 1540 non
1054 1461 1265 1570 dispense-

128 1609 193 1699 tur,
220 1606 262 1679 ul
291 1597 449 1678 dictum
478 1604 556 1696 est;
588 1621 733 1676 verum
764 1594 889 1676 etiam
917 1602 1089 1676 sensum
1125 1599 1261 1700 habet,

127 1738 166 1810 ut
189 1729 218 1810 si
243 1729 372 1838 aliqui
402 1728 612 1810 obtineant
641 1725 988 1836 dispensationem
1019 1729 1133 1810 nulla
1158 1731 1266 1814 facta

127 1863 310 1946 mentione
342 1869 485 1971 raptus
515 1862 558 1942 in
580 1860 892 1969 supplicatione,
916 1861 1083 1943 obtenta
1103 1863 1267 1972 dispen-

126 1997 211 2078 satio
239 2024 263 2077 a
295 2022 555 2106 quocumque
586 1995 667 2076 alio
697 1993 989 2102 impedimento
1031 2003 1093 2076 est
1122 2000 1267 2080 subre-

125 2130 234 2236 ptitia,
268 2139 310 2212 et
339 2129 571 2238 Episcopus
601 2129 721 2212 debet
742 2130 943 2236 denegare
969 2131 1265 2235 executionem,

126 2265 267 2348 etiamsi
299 2273 418 2373 rapta
446 2263 502 2345 sit
520 2272 711 2372 separata
732 2289 757 2342 a
777 2275 940 2371 raptore
961 2273 1001 2345 et
1021 2265 1146 2348 libere
1172 2295 1269 2348 con-

32 2459 33 2478 ,
125 2397 252 2480 sentiat
283 2423 380 2479 eum
410 2397 451 2477 in
483 2397 618 2478 virum
647 2396 813 2496 habere,
847 2405 894 2478 ut
923 2397 1067 2478 decisit
1093 2399 1137 2480 S.
1164 2399 1270 2480 Con-

32 2535 33 2576 r
125 2531 291 2637 gregatic
323 2529 389 2610 dic
424 2533 474 2610 10
505 2527 748 2610 Nouembris
783 2532 892 2610 1583
917 2531 1026 2611 Dab.
1051 2531 1108 2611 acl
1128 2559 1216 2643 cap.
1243 2536 1268 2610 (l

32 2673 33 2740 ς
123 2685 202 2742 sess.
234 2665 293 2742 24
323 2660 373 2742 dc
403 2661 574 2770 reform.
609 2663 791 2742 matrim.
815 2707 835 2721 -
855 2659 1129 2744 Cohaerenter
1148 2664 1200 2744 ad
1221 2690 1270 2743 ea

32 2787 34 2854 ÷
125 2821 212 2900 quae
240 2795 428 2877 diximus
457 2796 507 2877 de
537 2807 650 2876 metu
687 2795 857 2903 ejusque
897 2796 1139 2903 purgatione
1179 2809 1272 2905 post

126 2927 341 3012 Concilium
357 2928 644 3011 Tridentinum
664 2929 730 3009 hic
751 2929 943 3010 addimus
963 2929 1272 3012 matrimonium
1363 2989 1365 2994 -

126 3087 206 3144 cum
224 3069 372 3171 raptus
392 3061 683 3170 impedimento
705 3061 869 3162 initum,
888 3069 1106 3170 postquam
1126 3062 1275 3144 mulier

32 3201 33 3208 '
125 3193 166 3274 de
180 3195 251 3276 viri
267 3202 471 3305 potestate
487 3221 655 3303 egressa
669 3203 746 3296 est,
766 3223 848 3277 non
865 3196 1001 3276 sanari
1018 3223 1092 3304 per
1107 3197 1274 3303 longam

126 3327 455 3412 cohabitationem
487 3327 671 3436 aliosque
702 3329 859 3427 mcdoS,
895 3328 967 3408 sed
1005 3355 1095 3410 esse
1134 3355 1276 3411 neces·

124 3463 269 3544 sarium
301 3461 403 3544 illud
424 3461 526 3543 inire
547 3462 693 3545 iterata
714 3463 846 3544 forma
866 3460 1051 3564 Concilii,
1075 3463 1152 3544 etsi
1182 3463 1276 3545 talis

127 3593 243 3677 torma
264 3596 307 3676 in
329 3595 450 3704 primi
471 3595 722 3678 matrimonii
743 3595 1013 3677 celebratione
1029 3594 1176 3678 luisset
1191 3621 1278 3676 ser-

126 3736 208 3810 vata
236 3729 280 3811 in
311 3729 363 3810 iis
384 3737 523 3812 tamen
543 3729 646 3811 locis
666 3728 737 3809 ubi
760 3729 968 3811 decretum
988 3729 1039 3810 de
1066 3728 1277 3811 abolendis

32 3983 33 3986 p
125 3863 389 3946 matrimoniis
420 3861 684 3948 clandestinis
715 3863 793 3944 fuit
818 3862 1139 3972 promulgatum.

32 4625 34 4660 l

32 4663 34 4706 l

229 3999 323 4080 21.ο
352 3997 557 4092 Quartum
586 3997 941 4106 impedimentum,
967 3998 1117 4105 dequo
1138 3995 1277 4077 inhoc

126 4128 232 4212 titulo
255 4130 405 4238 agitur,
424 4139 487 4214 est
501 4129 838 4238 impedimentum
855 4129 1115 4240 disparitatis
1132 4129 1275 4210 cultas,

126 4262 189 4346 Fst
218 4271 358 4348 autem
388 4265 489 4346 haec
519 4266 583 4346 vel
606 4267 778 4378 proprie
808 4265 917 4365 talis,
953 4265 1015 4344 vel
1039 4265 1276 4376 improprie,

128 4393 267 4480 iterum
287 4395 523 4480 antecedens
544 4397 820 4497 matrimonio,
846 4396 908 4478 vel
925 4397 1175 4504 subsequens.
1200 4394 1282 4474 Lo-
