3360 5126
333 430 399 498 232
639 446 905 494 vurmacrrouss
929 445 1022 494 rums
1044 443 1205 492 carrorum

334 575 508 660 clericus
540 571 851 678 incorrigibilis3
875 577 974 653 tunc
995 571 1104 652 enim
1127 569 1250 652 etiam
1273 569 1514 651 anathema-

333 709 539 810 tizanduS,
584 705 889 814 degradandus
923 713 962 786 et
998 705 1247 812 degradatus
1287 703 1515 785 tradendus

333 855 395 926 est
435 841 584 923 Curiae
615 839 833 923 saeculari.
868 841 934 920 Ita
966 843 1033 922 cit.
1073 841 1177 950 Cap.
1217 839 1320 920 Cu'm
1350 866 1430 920 non
1460 839 1513 919 ab

334 981 509 1063 homine.
545 980 601 1057 2⁰.
636 975 712 1058 Est
742 983 938 1083 perpetuo
976 972 1169 1054 inhabilis
1201 973 1253 1053 ad
1296 973 1510 1074 beneficia,

334 1125 375 1198 et
403 1113 538 1197 officia
567 1110 859 1193 Ecclesiastica
888 1110 1122 1209 obtinenda,
1150 1109 1376 1191 contradit
1407 1109 1516 1192 Con-

335 1250 475 1333 cilium
507 1245 796 1328 Tridentinum
826 1272 923 1328 sess.
962 1248 1036 1339 14,
1071 1247 1174 1357 Cup.
1211 1249 1255 1337 7,
1280 1243 1330 1325 de
1360 1245 1514 1355 Refor-

333 1393 432 1466 mut.
463 1381 602 1463 -ibi
634 1427 693 1444 —
728 1381 845 1475 «Qui
883 1407 962 1462 sua
996 1379 1207 1460 voluntate
1243 1378 1515 1460 homicidium

337 1515 687 1626 »perpetraverit
722 1513 882 1594 etiamsi
914 1513 1068 1596 crimen
1100 1513 1157 1613 id,
1182 1539 1257 1593 nec
1283 1513 1424 1594 ordine
1445 1513 1515 1622 ju·

340 1649 549 1732 »diuiario
581 1648 818 1756 probatum,
852 1675 927 1729 nec
967 1647 1049 1727 alia
1089 1646 1246 1729 ratione
1282 1647 1513 1754 publicum,

340 1784 450 1866 »sed
480 1783 692 1864 occultum
735 1781 870 1882 Fuerit,
915 1783 1027 1864 nullo
1069 1791 1252 1892 tempore
1290 1783 1342 1863 ad
1373 1809 1517 1882 sacros

340 1917 545 2000 >ordines
579 1915 808 2022 promoveri
841 1917 985 2024 possit,
1011 1943 1086 1998 neo
1117 1915 1174 1996 illi
1206 1917 1344 2023 aliqua
1374 1917 1518 1998 Eccle-

340 2085 358 2130 »
379 2050 548 2134 siastica
567 2047 781 2149 beneficia,
797 2048 957 2130 etiarnsi
975 2075 1117 2131 curam
1136 2075 1216 2130 non
1232 2049 1409 2130 habeant
1426 2049 1519 2130 ani-

340 2219 357 2262 ›
380 2209 561 2284 marum,
596 2175 775 2263 conferri
802 2181 937 2285 liceat,
962 2183 1034 2264 sed
1055 2181 1166 2264 omni
1189 2181 1345 2282 ordine,
1370 2207 1418 2262 ac
1443 2183 1517 2264 be-

340 2355 358 2396 »
380 2319 541 2418 nefici0,
566 2325 606 2398 et
626 2317 760 2398 officio
781 2317 1071 2400 Ecclesiastico
1100 2325 1293 2426 perpetuo
1315 2325 1452 2398 careat
1472 2351 1512 2401 ι.

422 2453 659 2558 Spontanea
694 2450 761 2531 hic
790 2451 955 2558 exurgit
990 2452 1177 2560 quaestio
1218 2451 1268 2532 de
1305 2451 1518 2534 beneficiis

337 2586 451 2696 prius
483 2583 558 2665 rite
598 2583 791 2664 obtentis.
837 2583 1061 2676 Quaeritur
1100 2585 1208 2666 enim
1250 2583 1346 2692 quid
1378 2583 1521 2666 dicen-

336 2725 435 2803 dum
467 2720 517 2800 de
547 2717 784 2823 hujusmodi
820 2718 1057 2819 beneficiis?
1090 2717 1401 2827 Respondetur:
1438 2721 1516 2801 etsi

336 2851 511 2933 clericus
552 2847 760 2930 homicida
800 2850 865 2930 his
917 2851 1122 2933 beneficiis
1168 2853 1318 2960 privari
1365 2853 1514 2959 possit,

336 2993 376 3066 et
406 2984 568 3083 debeat,
612 2981 723 3064 haud
766 2991 903 3065 tamen
946 2985 1035 3092 ipso
1071 2987 1180 3093 juro,
1214 2995 1254 3067 et
1284 2986 1375 3092 ipso
1408 2987 1517 3068 facto
1669 2999 1670 3048 ³

337 3117 524 3226 privatus
556 3117 707 3197 existit.
742 3117 866 3226 quue
902 3109 1117 3200 manifeste
1158 3118 1372 3228 perhibent
1407 3121 1512 3232 Cup.
1669 3101 1670 3154 ³

341 3251 494 3332 Clerici
523 3251 552 3330 5
584 3248 651 3331 Ne
686 3251 822 3334 cleric.
859 3253 920 3333 cel
949 3279 1105 3335 monac.
1127 3263 1166 3334 et
1191 3254 1294 3364 Cup.
1319 3255 1396 3334 Εω
1426 3255 1518 3335 lite-

336 3386 396 3466 ris
432 3387 488 3465 10
530 3383 580 3465 de
621 3385 872 3466 Eoecessihus
902 3387 1092 3467 Praelnt.
1138 3385 1260 3468 Ratio
1300 3395 1378 3488 est,
1417 3388 1519 3494 quia

336 3543 429 3599 cum
464 3519 504 3597 in
537 3518 680 3625 poenis
707 3519 921 3625 benignior
952 3521 1232 3628 interpretatio
1253 3519 1308 3602 sit
1329 3519 1518 3603 facienda

337 3651 388 3730 ad
421 3651 605 3731 tramites
631 3653 735 3762 Cup.
765 3653 887 3754 Odia,
914 3662 953 3734 et
977 3655 1081 3765 Cup.
1107 3655 1154 3734 In
1170 3655 1315 3764 poenis
1340 3655 1389 3736 da
1407 3657 1511 3763 Rep.

324 3784 559 3891 juristae,
581 3793 729 3892 sponte
750 3787 854 3887 fluit,
879 3789 989 3895 quod
1012 3788 1282 3896 privationem
1301 3789 1386 3896 ipso
1403 3786 1517 3870 iacto

335 3923 388 4002 ob
410 3919 564 4002 crimen
586 3921 858 4002 commissum
880 3949 1063 4004 asserere
1091 3949 1169 4004 non
1194 3924 1407 4022 debemus
1434 3921 1515 4004 nisi

336 4055 375 4136 id
393 4054 433 4135 in
451 4053 544 4163 jure
568 4054 835 4162 exprimatur.
870 4056 975 4136 Hinc
1005 4055 1179 4138 clericus
1209 4054 1417 4137 homicida
1446 4081 1518 4137 oc-

336 4188 471 4266 cultus
502 4187 700 4268 beneficio
722 4189 942 4295 priusrite
973 4190 1139 4271 obtento
1162 4189 1310 4290 valide,
1337 4197 1377 4272 et
1407 4189 1516 4271 licite

336 4316 415 4396 srui
443 4326 590 4423 potest,
619 4319 697 4400 nisi
729 4319 966 4428 hujusmodi
1000 4323 1244 4404 beneficium
1268 4333 1430 4432 praeter
1452 4329 1518 4405 re-

333 4450 567 4533 citationem
598 4451 792 4534 horarum
829 4455 1122 4537 canonicarum
1165 4457 1348 4566 requirat
1384 4459 1514 4540 etiam
