3264 5146
522 442 630 492 LIBER
652 440 697 490 lv.
724 459 742 472 -
766 441 905 494 Tl'l'ULUS
928 444 952 496 Ι.
1307 435 1326 494 9

153 583 337 653 tuuntur
365 570 612 652 adminiculo
642 571 912 679 probationis.
936 571 1124 654 Profecto
1145 574 1323 656 retinen-

155 708 259 788 dum
277 718 406 788 estex
423 705 516 812 jure
537 705 745 786 communi
762 706 932 814 quaevis
952 707 1162 814 sponsalia
1181 706 1320 788 habita

153 865 248 922 esse
280 840 431 942 valida,
464 839 542 920 etsi
572 839 613 919 in
645 839 732 920 foro
766 848 935 921 externo
970 841 1179 949 sponsalia
1208 841 1320 922 clan-

154 974 321 1056 destina
350 982 515 1082 propter
548 975 751 1054 defectum
792 973 1046 1082 probationis
1077 1001 1159 1056 non
1190 983 1321 1056 atten-

156 1109 324 1188 dantur.
350 1106 493 1214 Neque
515 1106 742 1186 Concilium
763 1107 1050 1189 Tridentinum
1071 1107 1224 1214 aliquid
1244 1107 1321 1188 hac

154 1268 283 1348 super
322 1267 366 1321 re
407 1241 654 1340 immutavit,
688 1240 761 1320 sed
791 1240 930 1320 omnia
968 1241 1047 1320 sub
1079 1240 1225 1321 veteris
1265 1241 1323 1322 le-

155 1373 389 1482 gislationis
420 1373 686 1482 dispositione
716 1383 972 1474 manserunt,
1006 1381 1127 1482 prout
1157 1401 1208 1454 ex
1238 1372 1322 1455 Re·

154 1534 310 1614 sponso
340 1509 435 1590 dato
467 1534 492 1587 a
521 1509 565 1589 S.
601 1509 925 1615 Congregatione
955 1507 1124 1589 Concilii
1154 1509 1225 1590 sab
1256 1509 1322 1588 dic

159 1646 212 1724 19
246 1643 478 1724 Decembris
513 1644 620 1722 1596
653 1643 906 1722 demonstrat
935 1641 1182 1722 Benedictus
1203 1641 1316 1722 XIV.

160 1778 294 1856 instit.
313 1775 449 1855 eccles.
472 1777 524 1854 46
546 1801 656 1856 num.
687 1776 752 1855 12.
778 1773 980 1882 Equidem
1001 1799 1082 1854 non
1104 1773 1320 1854 defuerunt

156 1918 317 1990 veteres
338 1917 377 1990 et
398 1908 641 1989 recentiores
671 1908 888 2016 petitiones
907 1907 1203 1994 nonnullorum
1224 1907 1323 2014 Epi-

154 2069 393 2152 scoporum,
427 2043 579 2150 quibus
609 2043 825 2148 rogabant,
853 2042 1043 2123 utnulla
1072 2051 1112 2124 et
1143 2042 1322 2123 invalida

156 2177 303 2258 fierent
333 2203 381 2258 ea
410 2176 636 2284 sponsalia,
666 2203 771 2284 quae
801 2203 884 2257 non
916 2176 1160 2258 fuissentin
1191 2177 1322 2258 deter-

154 2311 317 2391 minata
347 2311 479 2391 forma
508 2309 624 2411 inita,
653 2311 759 2391 sicut
790 2309 930 2418 petitio
960 2311 1195 2393 continebat
1224 2313 1320 2394 data

154 2445 231 2526 scd>
261 2444 328 2523 die
357 2446 413 2523 24
438 2443 680 2524 Nouembris
705 2446 814 2524 1865
845 2445 897 2524 ad
928 2443 1186 2527 Cardinalem
1215 2447 1321 2527 Poe-

155 2575 440 2658 nitentiarium
470 2577 685 2684 Majorem,
709 2576 777 2656 oui
797 2577 1020 2685 Epistolae,
1044 2577 1152 2660 sicut
1171 2587 1210 2660 et
1230 2605 1323 2659 oae-

155 2712 260 2792 teris
293 2711 470 2818 antiquis
501 2711 767 2819 petitionibus
797 2738 849 2792 ex
871 2712 1094 2826 Audientia
1119 2713 1232 2794 683ῃΕΙ
1259 2739 1323 2792 re-

155 2844 328 2954 sponsio
349 2845 446 2924 data
466 2850 528 2923 est
557 2877 575 2919 ‹
597 2844 702 2923 nillil
723 2869 804 2924 esse
825 2845 1110 2926 innovandam.
1136 2877 1154 2920 »
1179 2843 1322 2952 Neque

159 2978 382 3060 defuerunt
411 2975 637 3084 Synodales
667 2975 827 3084 aliquae
857 2977 1186 3080 constitutiones
1216 3005 1321 3086 quae

158 3111 274 3192 nulla
313 3137 404 3191 esse
444 3109 653 3217 sponsalia
691 3111 958 3212 declararent,
996 3111 1075 3191 nisi
1115 3120 1324 3194 contracta

161 3245 339 3326 luissent
372 3269 511 3324 coram
541 3243 726 3325 Perocho
758 3254 798 3325 et
827 3246 1017 3344 testibus,
1054 3245 1114 3325 vel
1145 3271 1249 3353 quae
1281 3245 1323 3325 in

157 3377 409 3484 scripturam
429 3403 512 3456 non
533 3376 708 3459 fuissent
728 3379 904 3460 redacta.
931 3377 1047 3470 Quae
1067 3385 1205 3458 tamen
1226 3402 1323 3457 con-

162 3510 402 3592 stitutiones
432 3511 588 3592 nullam
619 3512 702 3594 vim
735 3513 902 3615 habent,
936 3540 1032 3594 cum
1071 3513 1179 3595 sicut
1208 3515 1324 3594 docet

158 3643 412 3725 Benedictus
443 3643 542 3724 XlV
572 3645 621 3724 dc
645 3646 745 3755 Syn.
772 3647 956 3728 Dioeces.
991 3648 1060 3728 lib.
1090 3651 1142 3727 12
1163 3673 1251 3758 cap.
1279 3651 1317 3726 5.

157 3776 356 3886 Episcopi
372 3803 456 3859 non
476 3778 653 3860 habeant
673 3787 916 3886 potestatem
937 3807 1068 3889 neque
1090 3779 1323 3887 imponendi

156 3909 426 3992 matrimonio
446 3937 554 3992 nova
574 3911 878 4020 impedimenta,
902 3939 1034 4022 neque
1050 3921 1187 3994 vetera
1206 3913 1326 3994 abro-

155 4043 302 4153 gandi.
328 4045 464 4127 Taceo
495 4044 547 4125 ab
568 4045 794 4138 afferendis
814 4047 1022 4129 nonnullis
1042 4047 1325 4128 sanctionibus

155 4177 431 4286 synodalibus
461 4177 609 4259 similis
638 4181 808 4281 tenoriS,
832 4207 937 4288 quae
966 4180 1086 4263 hodie
1117 4181 1324 4262 emendari

156 4309 380 4418 incipiunt.
405 4311 469 4390 Ex
495 4311 587 4418 jure
617 4313 785 4421 proinde
810 4314 930 4396 hodie
952 4314 1088 4396 valent
1115 4313 1325 4423 sponsalia

155 4455 197 4523 et
218 4443 395 4524 effectus
417 4446 649 4552 producunt
668 4473 926 4558 quacumque
947 4449 1026 4530 sub
1054 4447 1186 4530 lorma
1205 4447 1321 4528 inita.
