3356 5118
316 409 386 476 404
822 431 986 478 uonruu.

316 581 410 636 uem
442 580 469 634 a
498 555 544 636 S.
577 553 905 663 Congregatione
935 555 986 637 de
1006 555 1281 663 Propaganda
1301 556 1402 636 Fide
1421 582 1494 636 eo-

317 687 412 770 dem
447 713 557 768 anno
591 689 759 772 editam.
796 689 1047 798 Hujusmodi
1076 689 1371 770 Instructiones
1401 689 1493 772 fusa

317 829 540 906 tr‘actantes
559 822 610 904 de
641 822 718 905 hac
747 824 922 904 materia
953 823 1214 930 reperiuntur
1244 849 1370 930 penes
1400 831 1496 904 acta

318 957 364 1040 S.
383 957 504 1038 Sedis
519 957 560 1037 in
578 957 787 1040 volumine
805 957 956 1058 XVIII,
976 957 1172 1038 fasciculo
1188 957 1276 1058 VII,
1295 965 1336 1038 et
1354 957 1455 1038 VIII.

403 1091 696 1174 Instructiones
713 1095 815 1172 istae
844 1089 939 1172 licet
969 1117 1042 1200 pro
1073 1091 1284 1171 nonnullis
1303 1091 1495 1172 determi-

320 1223 429 1306 natis
459 1224 697 1332 regionibus
726 1225 913 1306 conditae
944 1223 1111 1325 Iuerint,
1130 1233 1268 1306 tamen
1299 1224 1496 1305 omnibus

319 1359 497 1442 aliarum
527 1357 744 1466 regionum
766 1359 1013 1459 Ordinariis,
1038 1373 1161 1466 atque
1183 1359 1397 1466 judicibus
1418 1358 1497 1440 Ere

319 1493 576 1596 ctesiastieis,
609 1493 679 1602 qui
711 1519 862 1576 causas
893 1494 1221 1576 matrimoniales·
1247 1501 1498 1602 pertractare

319 1629 469 1712 debent
478 1627 673 1738 perutiles
686 1626 770 1708 fore
783 1655 861 1708 non
875 1628 1129 1710 dubitamus.
1145 1627 1495 1736 Quandoquidem

321 1769 554 1873 praecepta,
587 1761 767 1871 quaein
799 1762 899 1870 ipsis
930 1761 1183 1870 praescripta
1217 1763 1494 1870 reperiuntur,

322 1907 362 1981 et
392 1897 575 2006 regulae,
608 1923 715 2006 quae
744 1897 1029 2003 indigitantur,
1054 1905 1195 2004 utpote
1217 1897 1269 1978 ad
1291 1895 1496 1978 tramitem

317 2031 426 2142 juris
456 2031 737 2130 concinnatae,
773 2029 1072 2112 Ecclesiasticis
1101 2031 1287 2140 cujusvis
1315 2031 1499 2138 regionis

322 2167 600 2250 tribunalibus
630 2166 963 2248 accommodatae
992 2175 1105 2266 sunt,
1139 2179 1180 2247 et
1203 2165 1255 2246 ad
1277 2191 1498 2274 processus

323 2304 398 2386 rite
428 2302 703 2385 conficiendos
734 2301 1015 2409 maximopere
1044 2300 1274 2382 conterunt.

597 2705 859 2788 MONITUM
893 2705 1213 2789 SECUNDUM.

410 2973 711 3056 Constitutione
737 2973 800 3056 Pii
817 2973 875 3058 IX
892 3003 928 3057 S.
948 3001 1005 3057 m.
1030 2999 1136 3082 quae
1162 2973 1306 3080 incipit
1322 2976 1498 3084 Aposto-

324 3112 429 3193 Iicue
457 3108 576 3192 Sedis
607 3109 877 3191 moderationi
899 3109 955 3190 IV
984 3109 1040 3190 id.
1065 3109 1157 3191 Oct.
1188 3111 1296 3190 1869
1327 3117 1496 3189 cautum

325 3245 486 3328 fuit-
524 3243 1031 3327 «excommunicationem
1074 3241 1263 3324 Romano
1309 3241 1498 3323 Pontifici
1608 3222 1612 3230 ’

329 3387 619 3461 »reservatam
651 3378 818 3487 speciali
850 3379 972 3459 modo
1004 3378 1286 3459 incurrere-
1304 3379 1499 3486 Cupentes

330 3547 347 3590 »
367 3515 452 3598 sire
467 3513 728 3608 dtrecte,sioc
742 3511 1105 3621 indirectejudiees
1118 3511 1317 3602 tuicosud
1333 3511 1501 3594 truten-

331 3649 466 3732 »dum
497 3647 555 3730 ud
583 3675 700 3731 suum
731 3649 914 3730 tribunat
947 3677 1148 3760 personas
1188 3649 1500 3730 Ecclesiasticus

331 3793 534 3894 »praeter
564 3787 782 3866 canonicus
812 3783 1121 3895 dispositiones:
1151 3789 1244 3867 itum
1265 3782 1423 3864 edentes
1444 3783 1500 3862 le-

331 3943 451 4028 spes,
487 3918 549 4000 oet
578 3917 740 3999 decretu
774 3927 917 3999 contra
948 3919 1189 4012 libertatem,
1223 3927 1260 4000 et
1278 3919 1386 4026 juru
1417 3918 1502 3997 Ec-

330 4053 515 4134 »clesiua
536 4085 574 4135 ».

412 4185 517 4268 Cum
549 4187 599 4268 de
632 4214 727 4267 vero
758 4213 900 4286 sensu,
925 4203 966 4268 et
986 4187 1256 4294 intelligentia
1284 4185 1411 4294 hujus
1431 4211 1501 4265 ca-

327 4321 422 4429 pitis
452 4347 576 4429 saepe
607 4323 840 4403 dubitatum
868 4321 1005 4421 fuerit,
1040 4323 1139 4402 haec
1169 4323 1374 4430 Suprema
1393 4318 1502 4400 Con-

326 4455 511 4566 gregatio
541 4455 586 4539 S.
618 4455 845 4556 Romanae,
872 4464 912 4538 et
933 4455 1188 4538 Universalis
1220 4451 1501 4568 inquisitionis
