3264 5146
438 435 448 452 ·
497 447 607 498 traua
629 448 674 498 ιν.
698 465 720 481 -
742 449 881 501 τιτυιυε
904 451 926 501 1.
1259 441 1302 502 aa

156 577 308 660 »ordini
340 578 405 660 del
422 578 480 658 «S.
505 577 637 658 Padre
669 589 814 686 questa
843 580 887 660 S.
917 580 1213 662 Penitenzieria
1242 581 1296 663 ha

156 713 344 794 »creduto
360 714 400 794 di
416 739 604 820 sagnam,
624 738 645 792 e
662 739 785 821 sopra
804 713 842 793 le
862 713 972 822 quali
994 715 1096 822 gode
1117 712 1143 796 l’
1156 715 1295 798 animo

153 849 219 928 »di
238 849 397 948 vedere,
422 847 495 928 che
517 847 630 928 molti
652 847 828 928 Vescovi
850 849 900 929 ed
922 847 1127 929 Ordinarii
1158 851 1295 931 hanno

152 1013 168 1051 a
186 981 247 1088 gia
260 980 479 1062 modellato
501 979 538 1060 le
553 981 639 1060 loro
656 979 884 1082 istruzioni‚
905 1009 926 1062 e
942 981 978 1062 si
993 989 1112 1063 nutre
1127 983 1293 1085 fiducia,

154 1115 250 1196 »che
271 1115 504 1196 altrettanto
535 1114 706 1195 laranno
736 1116 830 1197 tutti
851 1115 907 1222 gli
929 1116 1035 1216 altri,
1059 1143 1081 1196 e
1102 1127 1187 1198 cosl
1208 1144 1298 1197 mo—

152 1249 382 1328 »strandosi
413 1248 566 1357 pastori
596 1249 783 1356 vigilanti
824 1247 1060 1332 n’avranno
1100 1251 1245 1331 merito
1276 1277 1298 1330 e

153 1416 168 1454 ν
185 1383 334 1490 premio
350 1385 404 1464 da
418 1384 529 1464 Gesu
547 1382 681 1464 Gristo
696 1384 867 1465 Pastore
885 1383 925 1465 di
942 1385 1036 1466 tutti
1052 1385 1065 1462 i
1082 1384 1258 1465 Pastori.
1279 1431 1299 1444 -

154 1514 283 1596 »Dato
315 1515 358 1594 in
378 1514 514 1594 Roma
544 1514 652 1596 dalla
673 1515 716 1596 S.
745 1515 1042 1596 Penitenzieria
1061 1515 1088 1596 li
1115 1519 1165 1596 15
1191 1519 1299 1630 Gen-

155 1650 275 1756 >nuso
302 1649 578 1728 1866.»-1n
607 1649 658 1728 iis
680 1675 775 1728 vero
805 1648 1044 1755 regionibus
1073 1649 1117 1729 in
1148 1649 1298 1756 quibus

148 1781 361 1863 Tridentini
392 1781 562 1862 Concilii
594 1781 812 1863 Decretum
843 1809 925 1862 non
957 1782 1033 1862 fuit
1062 1782 1299 1890 promulga-

149 1927 237 2017 tum,
266 1915 419 2024 pariter
448 1916 515 1996 lex
536 1916 585 1996 de
606 1915 715 1996 civili
746 1917 950 1998 connubio
976 1915 1131 1996 nullius
1151 1925 1213 1996 est
1233 1943 1300 1997 ro·

148 2049 270 2150 boriS,
313 2050 385 2131 sed
426 2050 523 2157 quia
561 2049 627 2130 lex
668 2049 945 2131 ecclesiastica
983 2051 1140 2130 nullam
1180 2078 1299 2158 prae-

146 2184 299 2292 scripsit
338 2184 600 2264 matrimonio
640 2183 815 2264 formam
846 2185 897 2265 ad
928 2184 1017 2291 ejus
1046 2184 1297 2266 validitatem

145 2319 366 2399 necessario
383 2318 643 2424 exigendam,
662 2317 753 2398 ideo
769 2317 868 2398 talia
883 2317 1144 2399 matrimonia
1159 2344 1299 2399 coram

148 2451 245 2531 civili
278 2451 523 2557 magistratu
554 2451 657 2532 inita
686 2451 822 2533 valida
841 2459 953 2552 sunt,
977 2451 1012 2531 si
1034 2452 1145 2533 aliud
1176 2477 1298 2532 cano-

147 2583 276 2665 nicum
298 2585 635 2691 impedimentum
652 2584 849 2666 dirimens
865 2612 946 2665 non
962 2586 1108 2667 obstet.
1130 2587 1301 2693 Semper

145 2727 273 2799 tamen
305 2717 360 2798 ibi
391 2718 701 2799 matrimonium
732 2719 850 2799 civile
881 2728 943 2800 est
962 2719 1133 2800 vetitum
1161 2725 1201 2799 et
1222 2717 1300 2798 illi-

147 2848 282 2952 oitum,
316 2851 412 2959 quia
441 2851 626 2930 Ecclesia
655 2851 730 2931 Dei
757 2852 849 2958 jure
880 2851 1102 2960 praecepit,
1135 2859 1181 2932 ut
1211 2877 1301 2932 ma-

145 2982 378 3070 trimonium
398 2991 538 3092 utpote
568 2961 876 3067 sacramentum
895 2985 937 3066 in
959 2987 1091 3066 forma
1109 2986 1301 3094 liturgica

145 3118 460 3200 contraheretur.

254 3255 342 3332 14⁰
363 3250 576 3359 Denegata
595 3252 818 3332 Guberniis
838 3253 1029 3334 civilibus
1059 3255 1300 3335 auctoritate

148 3384 184 3463 in
197 3387 377 3494 regendo
393 3387 654 3467 matrimonio
675 3386 899 3467 christiano
919 3388 1054 3495 quoad
1069 3387 1295 3487 vinculum,

145 3543 218 3598 non
248 3528 389 3600 tamen
419 3519 446 3597 ii
477 3545 640 3619 sumna,
664 3520 733 3626 qui
755 3546 1057 3628 quamcumque
1078 3547 1220 3602 curam
1241 3521 1301 3602 eis

145 3651 448 3734 interdicamus,
469 3652 662 3734 Libenter
682 3653 884 3762 siquidem
904 3655 1237 3762 recognoscimus
1259 3656 1301 3734 in

145 3795 339 3896 potestate
360 3787 479 3868 laica:
497 3833 518 3848 -
538 3792 595 3869 1.ο
614 3787 690 3869 Jus
711 3789 945 3897 imponendi
965 3789 1184 3870 nonnullas
1205 3815 1303 3869 con-

142 3919 314 4002 ditiones
341 3921 387 4000 in
418 3921 551 4002 torma
580 3921 964 4029 impedimentorum
990 3923 1302 4031 impedientium

143 4063 300 4158 praeter
320 4055 530 4163 appositas
551 4055 603 4135 ab
623 4055 808 4136 Ecclesia
828 4057 950 4138 etiam
973 4059 1015 4136 in
1041 4054 1303 4137 matrimonio

142 4185 377 4287 christiam,
397 4189 557 4297 quoties
573 4189 783 4297 publicum
801 4189 954 4271 bonum
972 4191 1013 4272 id
1029 4190 1183 4297 exigat,
1203 4197 1304 4298 puta

144 4347 189 4400 ne
204 4322 413 4404 minorum
428 4323 690 4404 matrimonia
709 4323 810 4404 fiant
830 4324 985 4432 absque
1007 4351 1210 4405 consensu
1231 4349 1305 4431 pa-

145 4469 319 4558 rentum,
343 4483 394 4537 ne
415 4456 583 4537 militiae
605 4455 754 4538 addicti
776 4437 1039 4538 matrimonia
1059 4454 1304 4538 contrahant
