3388 5136
258 447 278 456 ,,
334 377 401 442 114
634 394 903 440 raerxaacaronus
926 393 1018 438 susis
1041 393 1200 439 canonici

420 524 500 603 Per
531 547 616 602 rem
647 523 906 634 spiritualem
937 527 1091 617 autem,
1137 519 1201 600 vel
1245 519 1409 601 nomine
1452 525 1516 603 rei

332 659 582 770 spiritualis,
616 681 690 763 pro
722 683 805 762 qua
835 664 1046 762 tamquam
1068 654 1256 755 materia,
1280 682 1356 736 seu
1377 681 1514 739 merce

237 899 240 906 ι
335 796 457 876 datur
487 791 710 899 temporale
744 789 782 868 vi
813 789 1031 887 simoniae,
1065 788 1244 870 hicnon
1276 789 1513 897 intelligun-

333 938 401 1009 tur
431 933 644 1007 creaturae
675 923 885 1004 naturales
922 923 1129 1003 entitatiae
1166 924 1422 1034 spirituales,
1466 933 1514 1005 ut

333 1057 627 1165 samtingen,
663 1058 840 1138 Animae
872 1057 1104 1158 rationales,
1142 1064 1260 1138 actus
1300 1059 1512 1140 naturales

335 1194 578 1290 intellectae,
610 1199 650 1272 et
680 1190 915 1286 voluntatis,
946 1192 1018 1272 sed
1050 1217 1184 1286 omne,
1216 1199 1256 1272 et
1285 1192 1423 1272 solum
1464 1193 1512 1273 il-

334 1329 417 1426 lud,
448 1327 558 1434 quod
590 1325 726 1432 aliquo
758 1325 879 1405 modo
912 1325 1066 1405 donum
1093 1325 1408 1432 supernaturale
1430 1333 1508 1428 est,

333 1490 409 1543 seu
431 1489 497 1541 res
519 1459 657 1567 aliquo
679 1459 801 1540 modo
822 1458 1158 1566 supernaturales
1180 1487 1205 1540 a
1225 1459 1324 1554 Dea,
1347 1460 1412 1540 vol
1433 1461 1512 1543 Ec-

332 1595 459 1677 clesia
489 1593 700 1673 ordinatae
731 1593 783 1672 ad
814 1593 972 1674 cultum
1004 1591 1215 1686 Divinum,
1247 1602 1286 1674 et
1317 1593 1512 1701 spiritua-

334 1729 415 1808 lem
446 1725 679 1806 animarum
709 1727 901 1828 salutem,
942 1727 1175 1832 cujusmodi
1221 1735 1321 1808 sunt
1366 1753 1511 1808 omnes

337 1861 493 1967 gratiae
524 1867 688 1965 gratum
720 1857 928 1957 facientes,
960 1869 999 1939 et
1030 1861 1158 1965 gratis
1199 1861 1331 1960 datae,
1368 1861 1513 1942 omnia

334 2001 605 2086 sacramenta,
637 1999 676 2072 et
706 1993 1032 2090 sacramentalia,
1064 1991 1205 2073 omnia
1234 1991 1383 2070 Divina
1418 1993 1511 2072 offi-

333 2128 409 2224 cia,
440 2137 480 2209 et
509 2126 715 2206 orationes
747 2126 948 2232 publicae,
978 2136 1017 2207 et
1047 2127 1244 2234 privatae,
1277 2127 1411 2208 omnis
1443 2153 1512 2208 ao-

332 2269 400 2342 tus
416 2260 715 2369 jurisdictionis
737 2259 1063 2356 Ecclesiastieae‚
1089 2269 1133 2341 ut
1153 2260 1358 2343 absolutio
1375 2287 1399 2340 a
1415 2285 1510 2366 pec-

331 2396 448 2497 catis
479 2403 518 2476 et
549 2393 747 2490 censuris,
780 2395 1045 2500 dispensatio,
1078 2396 1234 2491 electi0,
1268 2395 1507 2504 postulatio,

332 2529 617 2637 praesentatio,
650 2527 888 2622 nominatio,
932 2529 1145 2622 instituti0,
1188 2529 1350 2610 collatio
1388 2530 1511 2609 bene-

332 2663 412 2744 ficii
445 2673 482 2745 et
514 2660 766 2770 hujusmodi,
799 2687 903 2767 quae
946 2689 995 2742 ne
1036 2663 1260 2745 simoniace
1301 2671 1512 2770 praesten-

331 2805 410 2894 tur,
442 2825 517 2878 seu
548 2795 777 2874 efficiantur
807 2798 963 2902 passim
996 2799 1276 2904 prohibentur.
1303 2798 1373 2878 Sic
1404 2797 1511 2878 Doe-

332 2939 441 3010 tores
476 2927 749 3010 communiter
780 2956 851 3036 per
892 2938 1052 3011 textum
1092 2936 1235 3014 Actor.
1270 2931 1506 3044 Apostolor.

332 3090 422 3174 cap.
459 3067 500 3159 8,
532 3091 573 3144 n.
608 3067 669 3144 20
701 3063 839 3142 -ibi
871 3107 923 3118 -
954 3065 1139 3146 Pecunia
1180 3073 1251 3146 tua
1293 3075 1422 3147 tecum
1456 3067 1511 3145 sit

332 3199 374 3276 in
390 3195 674 3306 perditionem,
712 3199 906 3304 quoniam
949 3198 1099 3280 danum
1140 3201 1222 3280 Dei
1261 3202 1513 3281 eatstimasti

323 3332 503 3441 pecunia
527 3330 747 3442 possideri.
785 3330 923 3414 Math.
961 3359 1051 3442 cap.
1087 3337 1160 3430 10,
1181 3363 1223 3414 a.
1249 3338 1357 3414 8-
1376 3332 1430 3412 ibi
1451 3377 1513 3396 -

333 3468 478 3546 Gratis
509 3468 734 3576 accepistis,
765 3467 898 3574 pratis
920 3465 1036 3570 date.

419 3598 503 3678 Res
535 3609 674 3680 autem
712 3599 949 3706 spirituales
990 3602 1249 3710 multiplices
1291 3613 1330 3684 et
1373 3600 1511 3682 variae

330 3740 442 3812 sunt.
478 3731 597 3813 Aliae
627 3733 831 3839 siquidem
863 3747 962 3816 sunt
992 3739 1241 3844 spirituales
1279 3739 1343 3820 vel
1379 3739 1421 3818 in
1450 3763 1508 3836 se,

331 3873 367 3944 et
386 3867 611 3961 intrinsece,
634 3891 710 3946 seu
724 3865 989 3975 formaliter,
1011 3879 1133 3977 prout
1154 3873 1321 3978 gratiae,
1345 3879 1384 3952 et
1404 3871 1513 3952 dona

330 3997 467 4079 Divini
500 3999 714 4095 Paracleti,
747 4000 921 4082 virtutes
954 4002 1220 4110 theologicae,
1253 4013 1293 4086 et
1333 4005 1510 4086 morales

330 4133 528 4216 divinitus
560 4134 734 4230 inlusae,
763 4135 868 4216 aliae
890 4143 990 4218 suut
1010 4139 1248 4245 spirituales
1269 4139 1508 4238 causaliter,

330 4265 428 4372 quia
458 4277 556 4348 sunt
585 4294 736 4350 causae
769 4271 971 4351 donorum
990 4273 1285 4380 spiritualium,
1307 4281 1347 4355 et
1367 4301 1513 4381 super·

331 4401 581 4482 naturalium
615 4403 764 4511 prioris
795 4405 971 4510 generis
1007 4415 1052 4487 ut
1083 4417 1182 4490 sunt
1207 4416 1466 4490 sacramenta
1488 4435 1514 4489 a
