3356 5118
266 401 267 406 η
370 348 439 418 318
677 371 948 416 rananuerronns
971 371 1064 418 sunus
1086 349 1244 418 canotum

372 525 455 579 non
481 497 678 606 jubeatur
698 496 863 604 sartioe
893 497 1129 577 ordinatum
1165 497 1315 577 iterum
1350 496 1563 598 ordinari,

372 633 456 714 imo
488 659 569 713 non
600 630 766 711 sublata
796 656 987 731 censura,
1022 656 1150 738 quarn
1171 629 1359 730 incurrit,
1384 633 1567 737 permit-

373 765 748 864 taturministrare;
769 763 1037 844 manifestum
1054 771 1238 872 apparet,
1258 764 1444 844 ordinem
1448 767 1564 873 far-

369 907 450 985 tice
480 906 720 1007 susceptum
753 897 904 995 valere,
938 897 1111 1006 ideoque
1141 896 1344 1006 sequitur,
1389 899 1566 980 ordina-

371 1037 525 1116 tionem
556 1033 600 1113 in
628 1032 706 1114 hoc
737 1058 837 1112 casu
868 1031 1049 1114 validam
1089 1059 1195 1131 esse,
1240 1033 1432 1140 quamvis
1478 1034 1563 1113 illi-

370 1169 511 1250 citam.

459 1303 618 1383 Verum
647 1300 715 1393 hic
745 1298 858 1379 haud
888 1298 990 1378 levis
1021 1300 1187 1406 exurgit
1223 1301 1428 1406 quaestio,
1474 1301 1560 1382 sci-

372 1438 466 1520 lieet
498 1444 638 1518 utrum
670 1434 769 1514 ordo
790 1434 956 1542 furtiue
986 1443 1208 1540 susceptus
1245 1433 1368 1514 etiam
1400 1435 1555 1535 valeat,

372 1573 408 1652 si
439 1571 670 1678 Episcopus
701 1566 912 1667 ordinans,
937 1566 1023 1646 sive
1045 1593 1118 1674 per
1138 1595 1200 1668 se,
1224 1567 1311 1647 sive
1333 1595 1407 1675 per
1426 1568 1559 1648 alium

373 1702 693 1786 declarationem
714 1700 943 1808 praemisit,
967 1727 1010 1780 se
1030 1728 1109 1780 noa
1132 1700 1339 1782 intendere
1356 1699 1557 1782 ordinare

371 1864 454 1917 non
484 1836 731 1946 approbatos
763 1837 806 1914 in
837 1839 1043 1934 examine,
1079 1835 1142 1914 vel
1173 1861 1353 1936 censura
1386 1834 1553 1942 ligatos,

458 1968 587 2077 Resp.
623 1968 869 2050 Consultum
900 1995 982 2048 non
1014 1976 1092 2068 est,
1114 1974 1172 2048 -ut
1198 1967 1394 2076 Episcopi
1416 1978 1557 2075 prote-

373 2104 607 2205 stationem,
642 2112 682 2185 et
712 2103 982 2184 intentionem
1013 2101 1294 2209 praemittant,
1331 2101 1450 2204 tales,
1492 2102 1556 2182 vel

371 2230 476 2320 tales
507 2266 590 2319 non
621 2238 853 2338 ordinandi,
879 2249 969 2318 tum
1000 2234 1207 2345 quiahoc
1238 2261 1320 2316 non
1360 2243 1423 2316 est
1458 2263 1555 2316 con-

374 2373 504 2452 forme
535 2371 699 2472 ritibus,
734 2380 774 2452 et
803 2372 921 2478 praxi
944 2370 1151 2450 Ecclesiae
1172 2370 1434 2471 universaliS,
1465 2378 1555 2450 turn

372 2505 472 2614 quia
514 2531 658 2586 secum
708 2503 835 2586 trahit
885 2502 1136 2608 gravissima
1180 2503 1460 2600 incommoda,
1512 2509 1557 2581 et

373 2639 572 2747 pericula,
621 2663 727 2744 quae
773 2663 826 2715 ex
871 2635 1017 2736 dubia,
1062 2643 1101 2717 et
1142 2637 1257 2718 irrita
1297 2635 1553 2718 ordinatione

372 2770 581 2868 oriuntur,
625 2768 913 2870 nihilominus,
962 2771 998 2850 si
1039 2777 1244 2851 constaret
1285 2771 1335 2852 de
1374 2771 1454 2851 hac
1493 2771 1554 2850 in·

373 2903 552 2983 tentione
584 2928 666 2983 non
697 2903 913 2986 ordinandi
944 2931 1031 3004 eos,
1061 2911 1220 2984 certum
1242 2913 1304 2985 est
1325 2903 1465 2986 valore
1486 2903 1554 2984 de·

371 3037 488 3118 stitui
519 3035 758 3142 hujusmodi
788 3037 1103 3118 ordinationem.
1139 3037 1250 3130 Quin
1280 3037 1361 3118 dici
1402 3039 1549 3139 valeat,

371 3169 610 3276 hujusmodi
646 3171 962 3279 protestationes
1009 3172 1060 3251 ab
1098 3170 1327 3252 Ordinariis
1374 3173 1554 3280 adjectas

371 3303 581 3413 praesumi
612 3305 751 3412 potius
782 3306 920 3386 animo
967 3306 1217 3413 perterrendi
1261 3309 1324 3386 sic
1370 3307 1554 3388 volentes

373 3439 521 3519 furtive
552 3439 749 3536 ordinari,
774 3465 900 3546 quam
922 3441 1061 3520 animo
1084 3467 1166 3519 non
1188 3439 1421 3540 ordinandi,
1451 3467 1555 3548 quo-

372 3571 485 3652 niam
515 3573 552 3650 si
572 3573 805 3680 Episcopus
826 3572 1079 3654 contrarium
1100 3599 1182 3653 non
1206 3573 1442 3655 manifestat
1463 3602 1556 3655 ver-

371 3702 437 3783 bis
467 3713 659 3786 censetur
680 3705 722 3786 in
744 3706 887 3807 dubio,
922 3733 1020 3787 eum
1042 3707 1165 3788 talem
1186 3707 1454 3789 intentionem
1477 3707 1556 3788 ha·

372 3837 512 3918 buisse
554 3863 646 3947 arp.
691 3840 789 3950 lepis
830 3841 965 3921 Labeo
1002 3846 1047 3935 7,
1082 3847 1107 3944 ἓ
1147 3843 1315 3924 Seruius
1345 3847 1378 3928 2
1408 3840 1468 3950 ff.
1504 3841 1555 3922 dc

369 3973 636 4085 suppellectil.
673 3974 749 4084 lep.
785 3975 989 4056 —ibi—
1009 3975 1141 4056 Nemo
1168 3973 1470 4061 emistimandas
1496 3985 1554 4057 cst

370 4105 542 4200 dimisse,
577 4105 686 4214 qaod
716 4114 846 4188 mente
875 4136 955 4190 non
985 4111 1221 4219 apitaoerit,
1265 4119 1302 4192 ct
1332 4111 1432 4220 Lep.
1472 4111 1553 4192 Ge-
1649 4119 1650 4168 l

371 4240 570 4321 penaliter
599 4242 656 4322 13
691 4241 794 4324 Coa.
839 4242 888 4324 de
918 4271 999 4324 non
1038 4253 1256 4326 cancerata
1278 4250 1459 4357 pecunia
1494 4287 1554 4310 -

372 4369 428 4452 ibi
459 4415 517 4441 —·
545 4373 685 4456 Nimis
706 4378 814 4458 enirn
837 4378 1049 4489 indignam
1057 4381 1317 4488 judicamus,
1343 4380 1454 4492 qaod
1472 4407 1554 4482 saa
