3380 5132
350 401 414 466 320
637 417 930 468 rnnnnnorrouns
951 416 1045 466 Jums
1069 411 1237 465 onnourcr

354 545 609 653 sed'semper
629 553 793 625 maneat
814 546 866 626 ad
887 542 1104 624 arbitrium
1125 543 1251 651 partis
1272 541 1514 646 innocentiS,

245 655 248 660 ⁵
357 687 429 758 aut
459 671 745 784 reintegranda
771 677 831 795 sit
861 703 912 757 ex
942 676 1053 757 illius
1083 677 1363 757 conversione.
1391 676 1519 757 Porro

356 811 396 891 in
427 809 689 891 matrimonio
720 809 902 917 legitimo
930 836 1075 917 nempe
1106 809 1146 888 in
1168 809 1403 891 infidelitate
1424 835 1521 890 con-

354 952 482 1047 tracto
514 953 576 1024 est
596 971 733 1044 casuS,
758 971 839 1052 quo
870 943 970 1025 illud
1001 943 1162 1024 etiamsi
1183 952 1515 1025 consummatum

353 1077 621 1159 nihilominus
661 1077 858 1178 solvatur,
892 1077 928 1156 si
959 1104 1069 1158 unus
1101 1076 1152 1157 ad
1182 1076 1304 1156 fidem
1346 1101 1515 1157 conver-

354 1219 488 1312 tatur,
510 1218 550 1292 et
579 1211 680 1292 alter
711 1219 856 1292 renuat
886 1209 1083 1311 converti,
1112 1218 1184 1290 aut
1214 1209 1361 1290 saltem
1391 1209 1514 1290 coha-

355 1345 484 1425 bitare
514 1343 614 1425 nolit
633 1343 722 1424 sine
743 1343 991 1424 contumelia
1011 1342 1228 1424 creatoris.
1254 1343 1373 1436 Quod
1399 1341 1517 1451 lucu-

352 1479 480 1560 lenter
515 1485 675 1559 constat
711 1505 760 1558 ex
790 1477 908 1558 Pauli
950 1477 1181 1558 testimonio
1212 1476 1254 1556 in
1284 1479 1367 1587 Ep.
1406 1480 1422 1555 l
1458 1474 1516 1555 ad

357 1613 514 1694 Corint.
540 1640 630 1723 cap.
657 1613 681 1692 7
704 1612 813 1719 quod
832 1611 1093 1692 Innocentius
1114 1609 1165 1690 lll
1186 1609 1226 1689 in
1249 1638 1338 1720 cup.
1366 1608 1453 1688 712.
1480 1617 1508 1688 t.

353 1746 417 1826 his
437 1746 573 1826 verbis
594 1745 786 1826 declarat:
816 1775 834 1820 v
851 1745 895 1824 Si
917 1746 1028 1826 euim
1049 1745 1150 1825 alter
1171 1744 1402 1824 infidelium*
1417 1769 1515 1823 con-

347 1882 495 1987 jugum
517 1880 568 1959 ad
589 1879 712 1960 fidem
742 1878 982 1960 catholicam
1005 1886 1280 1978 convertatur,
1305 1878 1516 1968 alterovel

355 2013 465 2094 nullo
481 2013 603 2094 modo
620 2013 682 2094 vel
699 2039 780 2093 non
796 2012 885 2092 sine
901 2010 1156 2119 blasphemia
1171 2011 1297 2092 divini
1318 2010 1512 2112 nominiS,

353 2148 415 2228 vel
433 2154 478 2228 ut
493 2175 587 2230 eum
605 2146 814 2254 pertrahat
834 2146 885 2228 ad
907 2145 1077 2227 mortale
1098 2153 1311 2253 peccatum
1333 2145 1370 2226 ei
1392 2143 1518 2226 coha-

352 2280 480 2362 bitare
510 2281 683 2382 volente,
717 2280 786 2387 qui
819 2279 1061 2387 relinquitur
1090 2279 1141 2360 ad
1171 2279 1354 2360 secunda
1383 2281 1418 2360 si
1440 2307 1512 2360 vo-

352 2413 473 2494 luerit
499 2421 598 2495 vota
626 2413 829 2496 transibit.
855 2415 908 2494 Et
938 2414 979 2492 in
1010 2412 1087 2494 hoc
1117 2439 1218 2495 casu
1247 2411 1514 2519 intelligimus

308 2646 311 2658 ι
351 2547 460 2654 quod
482 2547 538 2626 ait
558 2546 798 2655 Apostolus
822 2545 857 2624 si
889 2545 1062 2626 infidelis
1094 2545 1278 2646 discedit,
1312 2545 1508 2626 discedat:

351 2681 475 2759 trater
504 2679 613 2760 enim
641 2679 703 2758 vel
733 2704 850 2759 soror
880 2704 960 2758 non
992 2685 1055 2759 est
1084 2677 1270 2759 servituti
1302 2677 1512 2784 subjectus

351 2815 392 2894 in
413 2813 666 2921 hujusmodi:
700 2821 740 2894 ct
770 2838 984 2914 canonem,
1010 2813 1153 2920 inquo
1183 2811 1347 2912 dicitur,
1372 2820 1525 2912 contu·⁴

351 2935 472 3028 melia
502 2947 707 3028 Creatoris
737 2947 858 3028 solvit
880 2946 950 3054 jus
981 2945 1230 3028 matrimonii
1262 2945 1370 3027 circa
1401 2973 1511 3048 eum,

287 3191 290 3196 Ι
349 3082 419 3190 qui
460 3081 760 3190 relinquitur.»
796 3081 847 3162 Et
886 3081 964 3163 hoc
1003 3081 1263 3189 privilegium
1294 3107 1319 3160 a
1349 3061 1510 3161 Christo

351 3217 562 3297 inductum
595 3226 656 3297 est
686 3216 930 3334 inviavorem
961 3215 1070 3315 fidei,
1095 3242 1146 3294 ne
1168 3215 1351 3296 infideles
1372 3241 1397 3294 a
1417 3241 1514 3294 con-

350 3349 536 3430 versione
567 3351 880 3448 deterrerentur,
904 3347 939 3427 si
961 3347 1144 3429 obstricti
1176 3346 1300 3456 priori
1327 3348 1506 3448 vincu10,

349 3509 443 3563 cum
474 3501 556 3562 non
588 3489 756 3590 possent
787 3481 898 3562 aliud
934 3481 1242 3562 matrimonium
1272 3481 1510 3563 contrahere

348 3643 399 3694 cx
430 3617 659 3697 instaurata
689 3615 967 3722 monogamia,
1001 3615 1171 3696 alterius
1202 3643 1251 3696 ex
1280 3616 1507 3724 iniquitate,

349 3747 417 3857 qui
448 3749 572 3830 nollet
601 3750 768 3855 pacifice
798 3749 1049 3850 cohabitare,
1083 3758 1318 3832 tenerentur
1348 3776 1512 3832 servare

350 3889 537 3962 coactum
572 3882 833 3963 caelibatum.
870 3883 922 3962 Et
952 3882 993 3963 in
1024 3882 1108 3963 vim
1149 3883 1269 3964 istius
1309 3883 1511 3992 privilegii

348 4016 474 4096 divini
505 4015 678 4098 solvitur
707 4017 962 4125 conjugium,
985 4044 1068 4098 non
1099 4025 1237 4098 autem
1264 4043 1314 4099 ex
1337 4019 1514 4099 auctori-

349 4157 431 4229 tate
461 4149 614 4256 Papae,
651 4157 695 4230 ut
725 4151 833 4232 clarc
864 4150 1116 4230 demonstrat
1142 4149 1390 4232 Benedictus
1412 4149 1512 4229 XIV

348 4285 413 4394 Dc
432 4282 531 4392 Syn.
557 4285 697 4364 Dicae.
735 4285 804 4364 lib.
834 4285 886 4364 13
917 4310 1007 4394 cup.
1034 4285 1105 4385 21;
1139 4286 1214 4365 etsi
1245 4285 1436 4366 Pontilex
1468 4281 1509 4363 in

349 4414 501 4496 talibus
524 4416 689 4496 casibus
711 4415 953 4498 interveniat
976 4423 1019 4496 ut
1039 4417 1166 4497 divini
1183 4418 1289 4525 juris
1311 4419 1509 4526 interpres
