3380 5132
551 419 659 473 cisun
681 423 727 471 rv.
752 441 773 455 -
795 425 935 476 rrrouos
958 423 1027 476 xrx.
1312 411 1375 476 327

209 549 323 632 nium
354 548 607 650 contrahere,
632 575 684 629 ex
710 558 884 659 utraque
914 553 1023 632 enim
1054 559 1168 659 parte
1189 551 1371 632 solutum

209 693 271 764 est
290 683 517 786 vinculum;
541 683 645 763 vel·
666 695 712 778 (β)
733 683 865 792 primo
891 711 1114 766 conversus
1145 711 1286 767 sacros
1307 715 1374 767 or·
1477 771 1479 778 Α

209 819 323 900 dines
340 819 535 925 suscepit,
555 825 628 898 aut
644 825 738 898 vota
758 820 958 900 solemnia
978 819 1103 901 edidit
1119 819 1160 898 in
1175 820 1371 927 religione
1488 855 1491 860 ·

191 947 447 1061 ⁸approbate,
483 961 522 1033 et
551 961 665 1052 tunc,
689 953 786 1059 quia
816 953 1066 1036 matrimonii
1097 957 1371 1036 consummati

210 1089 418 1170 vinculum
447 1114 530 1168 non
562 1087 801 1168 dissolvitur
841 1117 913 1196 per
952 1069 1178 1170 solemnem
1219 1089 1375 1196 profes·

208 1225 365 1306 sionem
396 1231 469 1304 aut
498 1249 571 1328 per
600 1224 903 1330 susceptionem
924 1223 1080 1304 ordinis
1100 1223 1222 1323 sacri,
1248 1223 1375 1306 altera

210 1381 303 1462 pars
335 1353 661 1437 deineonverse'
685 1354 826 1464 nequit
866 1355 976 1436 aliud
1009 1355 1201 1463 copulare
1232 1355 1411 1464 conju-'

205 1490 340 1596 glum:
365 1489 437 1569 sed
468 1514 543 1568 nec
572 1489 683 1593 prior
713 1489 864 1596 conjux
894 1485 1056 1569 tenetur
1076 1489 1139 1569 vel
1169 1499 1303 1596 potest
1323 1492 1374 1571 ad

209 1624 341 1731 ipsam
373 1622 520 1721 redire,
555 1621 652 1728 quia
681 1621 849 1729 impleta
884 1621 1207 1731 interpellatione
1238 1631 1277 1704 et
1307 1651 1376 1705 ao-

208 1765 324 1866 cepto
355 1756 546 1864 negativo
571 1781 769 1862 responso
792 1783 895 1836 usus
916 1763 978 1837 est
1004 1756 1098 1862 jure
1120 1782 1197 1837 suo
1219 1755 1374 1863 eligens

209 1897 361 1970 statum
383 1887 666 1968 monachalem
687 1913 761 1967 seu
784 1887 1094 1970 sacerdotalem:
1115 1888 1179 1968 vel
1194 1933 1214 1948 -
1230 1903 1274 1989 (γ)
1290 1889 1375 1996 pri-

131 2026 142 2054 ’
167 2083 170 2090 .
209 2049 277 2103 mo
298 2048 522 2104 conversus
543 2020 678 2100 adhuc
698 2029 836 2102 manet
856 2021 973 2123 liber,
993 2031 1033 2103 et
1053 2031 1151 2103 tunc
1171 2049 1262 2102 sero
1279 2048 1376 2103 con-

208 2183 353 2236 versus
384 2157 434 2236 ad
458 2155 633 2266 primam
663 2155 993 2257 redire.tenetur;
1016 2155 1051 2235 si
1073 2165 1225 2237 tamen
1242 2155 1375 2262 prima

206 2289 381 2370 alterum
411 2288 509 2369 velit
539 2290 732 2395 recipere,
766 2297 806 2369 et
835 2315 917 2369 non
959 2289 1096 2397 potius
1136 2315 1301 2370 manere
1332 2290 1374 2368 in

173 2413 176 2421 ’
208 2423 411 2504 coelibatu
442 2423 623 2530 elegerit,
648 2424 757 2531 quod
788 2431 922 2532 potest
944 2449 994 2503 ex
1016 2422 1156 2504 habito
1184 2423 1373 2531 negativo

206 2583 403 2665 responso
425 2555 476 2636 ad
498 2555 858 2663 interpellationes:
880 2571 921 2638 at
943 2557 983 2636 in
1005 2557 1082 2638 hoc
1103 2557 1248 2638 ultimo
1270 2583 1371 2639 casu
1496 2573 1497 2579 ‘

208 2700 350 2772 neuter
371 2690 479 2770 valet
500 2690 672 2770 alterum
704 2691 852 2772 exinde
882 2691 1375 2778 matrimoniumcontra-

205 2826 315 2907 herc.
341 2824 447 2904 Hinc
468 2823 690 2930 disputatio
711 2823 799 2904 'luit
820 2824 927 2938 inter
947 2825 1158 2906 Doctores:
1192 2853 1243 2906 an
1265 2827 1375 2906 Pon-

204 2960 305 3041 tifex
332 2965 446 3040 extra
465 2984 608 3039 casum
631 2957 794 3038 Paulini
817 2959 1019 3066 privilegii
1042 2959 1280 3067 dispensare
1303 2987 1374 3039 va-

207 3094 287 3174 leat
303 3119 427 3199 super
442 3091 634 3198 conjugio
656 3091 698 3169 in
722 3091 958 3172 infidelitate
974 3090 1090 3191 inite,
1111 3092 1273 3199 quando
1291 3117 1375 3172 una

206 3253 302 3334 pars
320 3227 371 3306 ad
387 3225 508 3306 fidem
527 3224 798 3305 convertiturl
820 3225 872 3306 Et
888 3225 940 3305 ab
957 3217 1151 3306 omnibus
1172 3225 1368 3323 admisso,

204 3357 314 3463 quod
336 3357 376 3437 id
403 3339 612 3464 praestare
633 3356 825 3438 Pontifex
855 3366 992 3467 queat,
1026 3358 1125 3439 dum
1157 3357 1294 3464 agitur
1324 3359 1372 3438 de

206 3491 468 3571 matrimonio
509 3517 590 3570 non
631 3501 940 3594 consummato,
989 3499 1202 3600 assumpto
1249 3518 1374 3598 argu·
1475 3495 1478 3502 ’

208 3632 345 3704 mento
366 3651 394 3703 o
414 3625 566 3730 majori
586 3624 643 3705 od
663 3626 795 3705 minus
817 3651 869 3705 ex
888 3625 1151 3706 matrimonio
1174 3651 1255 3704 non
1277 3651 1374 3706 con-

204 3765 413 3838 summato
435 3757 766 3859 christianorum,
791 3758 1018 3866 antiquitus
1039 3757 1201 3865 magnis
1223 3756 1373 3837 animis

182 3897 186 3900 ’
204 3891 440 3972 certabatur
469 3889 593 3970 relate
615 3891 667 3971 ad
689 3891 998 3973 matrimonium
1020 3889 1245 3972 infidelium
1275 3917 1372 3972 con-

204 4031 474 4104 summatum.
501 4022 580 4114 Qui
612 4021 721 4102 enirn
752 4025 987 4132 negativam
1018 4024 1262 4104 sententiam
1282 4029 1373 4104 tue-

208 4158 370 4256 bantur,
391 4181 482 4236 eam
499 4157 766 4264 sequentibus
783 4159 1039 4266 argumentis
1056 4159 1367 4257 confirmabant,

205 4317 351 4399 nempe
368 4289 675 4372 matrimonium
692 4291 734 4372 in
751 4293 987 4376 infidelitate
1003 4301 1259 4376 contractum
1276 4319 1371 4373 curn

203 4431 539 4506 consummatum
570 4431 646 4525 est,
680 4424 937 4508 retinendum
968 4453 1058 4508 esse
1088 4423 1371 4507 indissolubile
