3388 5136
588 317 689 364 amun
710 318 740 362 v.
767 334 810 344 —
836 317 978 363 r1ronos
1000 317 1050 362 111.
1346 297 1407 364 131

228 471 370 528 rarum
402 469 604 524 numerus
634 451 757 543 esset,
801 443 909 548 quod
951 443 1093 543 menti,
1137 452 1177 524 et
1207 443 1409 526 voluntati

227 579 271 659 S.
308 574 540 656 Pontificiis
570 573 818 681 refragatur,
852 575 1185 682 quandoquidem
1215 575 1294 658 hoo
1325 576 1411 657 evi-

227 719 314 794 tare
340 711 472 792 voluit
504 709 548 790 S.
577 707 769 790 Pontifex
801 707 844 787 in
874 707 986 790 citat.
1022 707 1196 792 Constit.
1226 707 1411 821 'Aposto-

228 845 333 926 licae
372 842 508 940 Sedis,
554 868 628 922 ceu
675 841 784 922 clare
825 847 935 948 patet
965 869 1017 922 ex
1048 841 1185 924 verbis
1225 843 1411 950 ejusdem

226 1022 284 1042 —
305 979 361 1059 ibi
382 1021 442 1040 ·-
462 974 551 1059 Nos
578 976 779 1083 a'usmodi
810 975 1075 1056 incommodis
1107 1003 1322 1058 occurrere
1343 1004 1410 1058 oo·

228 1113 364 1212 tentes,
390 1110 522 1194 Nobis
537 1111 719 1222 proponi
751 1111 943 1192 iussimus
974 1118 1071 1209 etc,
1095 1116 1184 1190 tum
1211 1110 1310 1218 quia
1329 1139 1408 1195 su·

227 1245 426 1353 perallata
456 1244 629 1326 Constit.
665 1243 883 1326 confirmat
912 1269 1125 1343 censuras,
1159 1269 1263 1352 quas
1303 1245 1410 1325 Con·

227 1377 371 1460 cilium
412 1378 700 1460 Tridentinum
741 1377 907 1458 inflixit.
942 1377 1071 1458 Porro
1107 1379 1272 1484 quando
1303 1377 1411 1458 Con-

229 1512 371 1594 cilium
402 1519 572 1594 renovat
599 1511 864 1619 antiquorum
895 1535 1099 1591 canonum
1132 1537 1302 1618 poenas,
1327 1537 1410 1594 non

228 1653 292 1728 est
321 1647 473 1752 ipsum,
495 1645 605 1752 quod
625 1669 782 1753 poenas
814 1643 1006 1742 decernit,
1029 1645 1100 1724 sed
1126 1643 1265 1752 potius
1286 1669 1411 1726 cano-

230 1805 305 1859 nes
326 1777 484 1886 antqui.
503 1777 612 1860 Hinc
635 1783 759 1886 patet,
785 1777 896 1884 quod
918 1803 991 1884 per
1021 1777 1171 1858 dietam
1202 1775 1406 1860 Constitu-

230 1911 382 1992 tionom
419 1911 715 1994 confirmantur
750 1911 1011 1992 solummodo
1056 1935 1271 2011 censurae,
1306 1935 1410 2018 quas

232 2043 520 2126 Tridentinum
567 2045 734 2145 directe,
784 2051 906 2150 atque
945 2044 1132 2152 explicite
1178 2043 1405 2126 constituit.

228 2179 491 2284 Quapropter
521 2176 811 2256 concludimus
842 2177 884 2254 in
905 2177 1206 2258 Constitutione
1235 2180 1411 2287 Aposto-

226 2313 334 2394 licae
353 2309 471 2392 Sedis
493 2335 575 2389 non
609 2307 899 2416 comprehendi
926 2335 1125 2389 censuras
1163 2309 1270 2406 illae,
1304 2336 1409 2418 quas

228 2443 459 2526 Concilium
502 2441 638 2524 verbis
676 2441 961 2522 tantummodo
1007 2441 1284 2548 generalibus
1333 2469 1409 2524 seu

228 2587 386 2659 veteres
416 2601 596 2658 canones
638 2575 869 2656 invocando
910 2575 1104 2658 decernit.

285 2710 411 2790 Modo
443 2709 749 2790 descendamus
779 2717 939 2815 oportet
960 2710 1011 2790 ad
1032 2709 1269 2810 simoniam,
1302 2735 1408 2816 quae

227 2841 498 2924 committitur
529 2843 571 2922 in
604 2842 809 2950 ingressu,
844 2851 883 2924 el
912 2843 1168 2950 professione
1200 2843 1407 2952 religiosa,

228 2986 269 3060 et
289 2979 341 3060 ad
362 3003 518 3084 poenas
542 2975 674 3058 obiter
694 2979 980 3077 recensendas
1006 3004 1111 3085 quae
1134 3006 1158 3059 a
1174 2979 1268 3086 jure
1285 3007 1411 3062 cano-

229 3111 320 3191 nico
351 3109 571 3216 hacsuper
601 3135 644 3190 re
675 3117 855 3190 statutae
875 3117 988 3191 sunt.
1019 3109 1210 3191 Dubitari
1241 3111 1410 3193 minime

229 3253 376 3353 potest,
402 3245 511 3353 quod
548 3245 765 3350 ingressus
795 3244 838 3324 in
869 3243 1054 3324 ordinem
1089 3243 1346 3350 religiosum,
1370 3257 1411 3326 et

229 3377 431 3488 professio
462 3377 657 3484 religiosa
678 3377 960 3458 consideretur
980 3381 1041 3457 uti
1073 3401 1139 3456 res
1164 3377 1407 3484 spiritualia,

228 3513 325 3594 hine
346 3518 470 3619 patet,
505 3511 672 3618 quodsi
695 3511 849 3619 aliquid
864 3509 1088 3618 temporale
1109 3509 1291 3618 exigitur
1320 3519 1411 3594 tan-

229 3671 354 3753 quam
395 3642 574 3724 oonditio
607 3645 658 3726 ad
690 3645 966 3752 receptionem
1003 3670 1221 3753 personae,
1253 3645 1317 3727 vel
1359 3647 1411 3728 ad

229 3777 497 3860 emittendam
528 3777 827 3885 professionem
865 3777 907 3859 in
943 3779 1085 3860 ordine
1116 3777 1308 3885 religioso
1339 3780 1412 3866 ad-

230 3914 403 4020 probato
423 3911 605 3994 simonia
625 3912 917 4013 committitur,
936 3919 977 3994 et
996 3913 1161 4020 quidem
1180 3913 1287 4019 juris
1309 3913 1414 3994 divi-
1462 3909 1472 3932 ⁶

231 4047 288 4128 ni.
308 4046 384 4128 Est
404 4053 530 4146 corta,
551 4055 591 4128 et
615 4045 825 4128 unanimis
842 4073 893 4126 ex
915 4045 1037 4128 claris
1048 4045 1214 4154 juribus
1239 4047 1343 4160 Cup.
1363 4051 1409 4130 8.

230 4179 302 4279 19,
335 4181 412 4276 30,
434 4179 493 4258 40
518 4177 559 4261 h.
584 4185 615 4262 t.
650 4185 688 4260 et
719 4180 904 4262 Eutrac.
948 4183 990 4261 1.
1031 4179 1072 4260 h.
1114 4187 1143 4260 t.
1170 4179 1276 4260 inter
1306 4207 1413 4262 com-

227 4338 382 4394 munes.
421 4312 508 4392 Imo
539 4338 589 4394 ex
620 4312 690 4394 cit.
731 4313 835 4423 Cup.
875 4317 936 4394 30
979 4312 1208 4420 injungitur
1243 4314 1414 4423 Episco-
