3386 5126
571 433 671 480 uraca
690 433 723 478 v.
747 451 790 463 —
814 435 954 484 rmuccs
976 437 1007 482 v.
1311 419 1375 487 163

199 557 301 658 sica,
337 563 477 665 utpote
493 582 599 665 quae
629 559 835 640 censenda
852 560 956 643 foret
976 563 1273 671 comprehensa
1298 567 1377 646 sub

201 689 470 798 dispositione
500 689 711 773 Benedicti
742 692 834 772 XIll
865 720 939 800 pro
972 694 1105 797 Italia,
1149 706 1189 778 et
1229 698 1379 780 insulis

202 824 500 932 adjacentibus.
537 823 619 905 Sed
650 825 774 906 etiam
807 825 877 908 illa
897 827 1084 910 Ecclesia
1104 830 1282 911 extincte
1304 830 1380 914 luit

200 985 274 1068 per
304 957 633 1049 bullam-Qui
682 957 842 1041 Christi
886 961 1083 1064 Domini,
1131 989 1230 1044 nam
1275 964 1381 1045 inter

198 1117 448 1201 suppressas
489 1099 781 1194 enumeratur3
825 1094 934 1175 unde
970 1121 1076 1203 quae
1118 1095 1250 1204 ipsius
1289 1097 1380 1180 loco

202 1251 273 1333 per
304 1225 492 1305 eamdem
522 1223 864 1307 Constitutionem
897 1236 1031 1308 erecta
1061 1237 1138 1331 est,
1173 1233 1254 1312 sub
1287 1231 1380 1338 jure

200 1357 428 1456 communi,
462 1357 570 1439 sicut
609 1368 649 1440 et
685 1367 869 1442 caeterae
905 1360 1113 1443 Ecclesiae
1150 1363 1379 1445 Galliarum

199 1493 359 1575 censeri
390 1491 553 1574 debent.
1193 1509 1196 1514 ’

286 1631 385 1708 Item
416 1627 552 1734 quoad
585 1625 868 1708 necessitatem
915 1629 1151 1711 doctoratus
1183 1630 1223 1711 in
1256 1631 1377 1712 theo·

201 1759 324 1867 logali
356 1759 553 1840 canonico
600 1760 754 1867 pariter
794 1759 1131 1868 distinguendum
1174 1771 1237 1846 est
1277 1765 1381 1846 inter

196 1892 270 1999 jus
300 1913 533 1992 commune,
569 1898 610 1974 et
644 1894 716 2002 jus
757 1895 1019 2001 particulare.
1065 1897 1132 1977 Ad
1158 1897 1229 2005 jus
1260 1924 1379 1979 com-

203 2053 328 2108 mune
360 2028 468 2134 quod
499 2028 657 2128 attinet,
698 2028 857 2109 nullum
900 2032 1074 2112 verbum
1106 2031 1203 2112 lacit
1235 2031 1382 2114 Conci·

204 2160 308 2240 lium
323 2159 613 2239 Tridentinum
633 2161 683 2240 de
705 2162 948 2243 necessitate
979 2164 1133 2268 gradus
1156 2165 1380 2245 academici

203 2293 244 2373 in
265 2317 343 2374 suo
366 2293 528 2372 decreto
548 2315 645 2372 sess.
670 2293 715 2384 5,
746 2293 850 2403 Cap.
871 2295 913 2392 1,
933 2294 1004 2374 sed
1027 2294 1199 2401 requirit
1219 2301 1382 2377 tantum

202 2428 254 2508 ab
286 2425 491 2534 Episcopo
533 2425 629 2532 eligi
678 2425 879 2509 idoneum.
915 2425 1006 2509 Dici
1039 2426 1206 2536 quidem
1247 2436 1381 2538 potest

202 2559 331 2642 luisse
371 2566 550 2640 mentem
581 2560 696 2640 Sacri
739 2560 912 2668 Synodi,
947 2569 1106 2644 utnon
1144 2563 1379 2679 eligeretur,

206 2693 286 2775 nisi
308 2695 448 2774 doctor
469 2693 511 2772 in
532 2693 577 2772 S.
598 2691 826 2799 Theologia
839 2724 850 2795 ;
875 2721 970 2775 cum
993 2696 1103 2776 enlm
1125 2695 1166 2777 id
1189 2721 1383 2803 expresse

205 2825 396 2908 statuerit
439 2852 512 2934 pro
553 2826 880 2935 poenitentiario,
923 2837 964 2910 et
1003 2857 1077 2937 pro
1112 2822 1380 2931 scholastice,

156 2949 159 2954 ’
208 2959 396 3043 concludi
427 2985 549 3068 posse
580 2959 742 3041 videtur
762 2985 787 3040 a
809 2957 981 3060 fortiori,
1006 2988 1097 3044 eam
1121 2964 1230 3044 idem
1253 2963 1385 3045 inten-

207 3093 337 3174 disse·
357 3119 429 3200 pro
461 3092 703 3200 theologalis
743 3115 931 3194 munere;
955 3095 1028 3175 sed
1058 3102 1196 3176 tamen
1243 3096 1283 3177 id
1315 3121 1385 3176 ex-

206 3252 349 3334 presse
383 3251 465 3308 non
489 3226 608 3328 dixit,
642 3251 691 3307 ec
720 3227 890 3334 proinde
921 3227 1157 3309 doctoratus
1188 3229 1239 3310 ad
1270 3228 1385 3310 theo-

206 3359 384 3469 legalem
405 3360 683 3470 praebendam
706 3359 968 3442 obtinendam
991 3359 1151 3468 dejure
1172 3361 1383 3448 communi

206 3521 289 3574 non
320 3493 583 3601 praecipitur.

292 3625 405 3717 Quin
436 3625 590 3705 officiat
630 3625 886 3734 supracitata
915 3625 1163 3709 Constitutio
1185 3627 1384 3709 Benedic-

206 3759 236 3842 ti
272 3759 366 3841 XIII
400 3759 613 3866 requirens
650 3759 837 3842 lauream
855 3761 896 3841 in
928 3761 1056 3842 Sacra
1084 3761 1326 3869 Theologia,
1345 3771 1385 3844 et

210 3893 424 4002 praemuni
456 3919 705 3975 concursum
722 3923 733 3996 ;
756 3894 959 4003 siquidem
992 3895 1034 3975 in
1065 3895 1241 4003 ipsamet
1270 3896 1387 3980 bulla

211 4027 361 4109 dicitur
391 4027 432 4108 id
463 4029 625 4109 decerni
643 4055 722 4140 pro
752 4028 896 4122 Italic,
915 4037 953 4108 et
985 4029 1128 4110 insulis
1158 4029 1386 4135 affeceriti-

208 4163 293 4246 bus.
320 4161 380 4244 De
404 4189 486 4272 quo
519 4161 619 4244 nihil
648 4187 823 4246 monens
849 4163 1098 4245 Benedictus
1119 4164 1219 4245 XIV
1235 4165 1276 4244 in
1307 4192 1385 4248 suo

206 4281 382 4380 tractatu
424 4299 474 4378 de
505 4299 681 4408 Synodo,
708 4297 966 4380 Dioecesana
996 4299 1066 4380 lib.
1103 4301 1173 4392 13,
1209 4327 1300 4410 cap.
1336 4307 1380 4395 9,

207 4459 248 4512 a.
274 4433 330 4514 16
352 4439 389 4514 et
410 4433 464 4514 17
493 4459 575 4515 non
598 4459 753 4541 paucos
777 4431 916 4515 forsan
948 4433 1119 4516 lectores
1139 4433 1182 4514 in
1203 4461 1383 4516 errorem
