3386 5126
1258 1 1286 31 ‘⁴‘
1299 1 1314 26 'a
1340 1 1374 20 f*

1677 139 1679 154 t

335 429 402 498 190
636 445 908 492 mamam
930 445 1024 492 mais
1046 443 1203 491 cuam

333 577 410 656 Est
438 575 542 654 levis
581 571 653 652 ubi
694 571 818 678 signa
857 570 1201 652 manifestationis
1229 597 1283 650 ex
1318 574 1518 680 operibus

333 719 376 790 et
405 707 542 789 verbis
572 705 714 785 minus
744 711 850 802 tuta,
885 713 926 784 et
955 705 1096 783 minus
1128 713 1240 785 certa
1268 703 1383 805 s'unt,
1408 715 1453 788 ut
1478 709 1516 789 si

333 841 429 950 quis
458 839 586 921 semel
617 837 919 919 baereticorum
950 837 1124 944 sinapsi‚
1149 837 1213 918 vel
1244 841 1517 923 conventibus

334 973 589 1074 interfuerit3
623 972 905 1080 praesumitur
933 971 1045 1052 enim
1086 972 1224 1078 potius
1254 973 1512 1075 curiositate,

334 1133 461 1216 quam
473 1106 611 1186 animo
624 1105 852 1212 irreligioso
864 1105 904 1185 id
918 1105 1078 1185 iecisse:
1098 1113 1162 1185 est
1178 1105 1399 1208 uehemens,
1418 1135 1516 1189 cum

334 1243 456 1348 signa
476 1237 821 1320 manifestationis
841 1265 895 1318 ex
915 1238 1129 1346 operibuS,
1153 1245 1227 1319 aut
1247 1241 1385 1321 verbis
1405 1250 1516 1323 certa

335 1385 375 1457 et
403 1375 526 1457 firma
554 1400 694 1482 saepe,
735 1373 801 1453 vel
830 1379 878 1453 ut
908 1373 1133 1480 plurimum
1169 1381 1282 1472 suut,
1321 1374 1448 1456 veluti
1478 1375 1513 1457 si

333 1509 429 1616 quis
459 1509 637 1589 scienter
676 1507 948 1615 pluribusque
989 1506 1151 1587 vicibus
1183 1533 1343 1588 ermres
1373 1517 1515 1590 contra

335 1641 457 1722 fidem
489 1643 690 1740 docuerit,
715 1651 788 1721 aut
807 1641 957 1722 diebus
977 1639 1244 1741 esurialibuS,
1268 1643 1356 1724 sive
1376 1643 1514 1750 probi-

335 1773 433 1854 bitis
463 1799 610 1854 carnes
631 1774 788 1880 absque
820 1774 905 1854 ulla
930 1775 1045 1880 justa
1065 1775 1310 1855 necessitate
1339 1774 1514 1856 mandu-

333 1909 501 1990 caverit.
536 1908 612 1988 Est
650 1907 827 2014 denique
868 1909 1059 2000 violenta,
1094 1935 1189 1988 cum
1231 1907 1350 2014 signa
1380 1907 1514 1987 mani-

336 2042 563 2123 festationis
579 2041 680 2122 adeo
702 2042 854 2140 lucida,
879 2042 1125 2140 adsociare,
1149 2051 1189 2123 et
1204 2047 1441 2139 comesum,
1467 2048 1515 2120 ut

335 2175 496 2256 nullum
513 2175 563 2255 de
579 2173 738 2256 haeresi
756 2174 929 2256 dubium
947 2175 1195 2282 relinquant.
1215 2177 1260 2254 ln
1277 2173 1512 2281 suspicione

334 2309 554 2391 uehenienti
569 2309 700 2389 oritur
720 2319 864 2390 contra
884 2311 1135 2416 imputatum
1152 2307 1431 2416 praesumptio
1443 2307 1513 2413 ju-

333 2441 406 2540 ris,
430 2467 536 2550 quae
565 2443 774 2522 contraria
803 2441 1045 2549 probatione
1081 2441 1175 2522 elidi
1206 2449 1354 2548 potest.
1397 2440 1512 2522 Unde

331 2578 470 2658 Innoc.
495 2577 559 2657 Ill.
585 2575 720 2683 quoad
753 2575 854 2654 istos
875 2576 924 2656 de
946 2575 1105 2656 haeresi
1123 2586 1340 2684 suspectos
1357 2573 1512 2655 itaedi-

332 2711 466 2791 xit-
483 2711 564 2800 Qui
580 2713 733 2790 inuenti
742 2709 912 2817 suerint
934 2711 1025 2790 sola
1045 2714 1274 2820 suspicione
1294 2709 1508 2798 notabiles,

330 2849 416 2925 nisi
441 2844 577 2948 juata
616 2843 984 2926 considerationem
1024 2847 1287 2954 suspicionis,
1332 2844 1513 2952 qualita-

332 2983 487 3083 temque
520 3003 722 3084 personae
756 2981 978 3087 propriam
1020 2981 1293 3058 innocentiam
1333 3001 1513 3084 conprua

325 3113 574 3219 perpatione
603 3115 935 3203 monstraverint,
968 3111 1247 3192 anathematis
1276 3111 1418 3218 plodio
1439 3110 1513 3218 se-

332 3245 511 3324 riantur.
550 3243 654 3353 Cap.
694 3247 766 3324 13.
802 3243 852 3324 de
882 3243 1037 3324 haeret.
1067 3243 1131 3322 Ex
1165 3243 1342 3324 uiolenta
1372 3253 1513 3323 autem

330 3375 567 3486 suspicione
607 3377 739 3458 oritur
779 3378 1060 3485 praesumptio
1101 3377 1210 3483 juris
1251 3385 1291 3457 et
1331 3377 1380 3456 de
1415 3376 1513 3480 jure

328 3535 436 3618 quae
467 3511 674 3591 contraria
705 3509 945 3618 probatione
960 3510 1071 3592 baud
1088 3509 1270 3593 eliditur.
1295 3509 1436 3603 Quare
1458 3510 1513 3590 ad

330 3667 416 3722 rem
447 3641 569 3722 Alex.
593 3645 658 3722 111.
684 3644 726 3723 in
747 3671 848 3725 casu
879 3673 960 3726 non
992 3643 1172 3726 absimili
1204 3651 1343 3752 aperte
1372 3643 1513 3724 decla-

331 3773 506 3854 ravit-
525 3774 644 3866 Quod
672 3803 727 3856 ea:
758 3779 949 3880 violenta,
984 3789 1021 3859 et
1053 3789 1165 3860 certa
1184 3781 1413 3888 suspicione
1432 3803 1513 3886 po-

327 3915 404 3990 test
423 3913 623 3992 sententia
637 3912 916 4021 promulpari.
947 3914 1051 4023 Cap.
1082 3919 1154 3998 12.
1180 3913 1231 3994 de
1245 3919 1503 4023 praesumpt.

328 4044 478 4126 Merito
499 4043 594 4125 hinc
609 4047 733 4127 tradit
753 4045 915 4128 clariss.
942 4049 1091 4129 Deooti
1110 4049 1211 4128 Inst.
1236 4047 1344 4127 Can.
1370 4045 1441 4128 lib.
1463 4049 1506 4125 4.

286 4187 290 4196 ’
328 4181 370 4278 ἐ.
405 4181 449 4257 8.
485 4205 597 4280 eum,
632 4179 702 4287 qui
742 4179 818 4280 sic,
853 4179 959 4262 idest
996 4181 1187 4281 violenta,
1222 4189 1263 4261 et
1292 4187 1405 4260 certa
1435 4205 1512 4257 su-

325 4307 510 4414 spicione
527 4311 755 4419 imputatus
773 4313 864 4416 luit,
886 4324 1098 4424 tamquam
1115 4314 1371 4397 haereticum
1393 4311 1512 4395 dam-
