3386 5126
553 369 654 415 meaa
676 371 706 414 v.
733 386 775 400 -
798 371 937 417 rrrucus
960 373 1019 416 vn.
1316 352 1381 419 195

208 496 486 578 clesiasticum
517 522 569 575 ex
600 495 731 576 sacris
761 495 905 595 literis,
929 507 970 578 et
989 495 1197 579 Ecclesiae
1213 500 1382 580 canoni-

208 631 287 712 bus
313 630 601 737 judicandum,
636 629 760 710 etiam
790 631 832 710 in
863 631 1105 739 quaestione
1141 632 1251 734 facti,
1276 659 1381 741 quae

209 765 279 846 vix
309 771 525 872 separatur
555 792 580 845 a
610 764 849 872 quaestione
875 765 996 872 juris

294 898 461 980 Judices
492 905 634 979 autem
671 897 867 980 ordinarii
904 899 946 978 in
986 925 1117 980 causa
1144 897 1383 1006 hujusmodi

206 1040 330 1114 sunt:
370 1037 428 1114 l.⁰
458 1033 587 1140 Papa.
623 1035 685 1113 23³
715 1034 896 1139 Legatus
928 1058 953 1112 a
983 1033 1123 1114 latere.
1163 1034 1267 1144 Cap.
1305 1039 1379 1128 12,

208 1165 251 1246 h.
277 1175 327 1266 t.,
360 1158 454 1247 licet
483 1165 604 1247 hodie
634 1167 790 1274 absque
820 1166 988 1274 speciali
1019 1167 1213 1248 mandato
1243 1167 1382 1277 Papae

208 1299 333 1407 legati
353 1299 617 1408 Apostolicae
638 1301 758 1382 Sedis
780 1300 1048 1382 intromittere
1064 1327 1109 1381 se
1125 1328 1208 1381 non
1224 1301 1383 1408 possint

209 1434 351 1516 causis
381 1433 715 1516 haereticalibus.
752 1437 812 1516 3.⁰
842 1433 1087 1542 Episcopus,
1117 1434 1186 1542 qui
1219 1434 1261 1513 in
1290 1459 1386 1540 pro-

210 1569 301 1676 pria
321 1569 497 1650 dioecesi
518 1576 580 1649 est
610 1575 752 1649 custos
762 1567 870 1650 fidei.
894 1570 999 1679 Cap.
1023 1573 1097 1660 13,
1117 1568 1159 1650 h.
1180 1575 1210 1650 t.
1226 1567 1386 1675 §Adji-

211 1707 355 1801 cimus,
374 1703 637 1806 etClem.1.,
659 1707 685 1804 ἓ
705 1702 887 1813 Propter
906 1701 1028 1810 quod.
1054 1701 1212 1783 Verum
1232 1701 1268 1781 si
1289 1700 1388 1782 hee-

212 1836 363 1918 reticus
394 1845 456 1919 est
485 1863 664 1945 persona
694 1846 887 1944 exempta
917 1843 1049 1944 potest
1078 1844 1221 1917 contra
1250 1835 1387 1943 ipsum

212 1970 430 2076 procedere
466 1971 526 2052 uti
546 1969 809 2078 Apostolicae
830 1968 949 2050 Sedis
971 1971 1184 2076 delegatus
1210 1969 1313 2079 cap.
1338 1972 1383 2050 3.

215 2105 337 2205 §alt
364 2103 404 2182 a.
430 2115 460 2186 t.
487 2105 679 2185 Gravitas
710 2111 850 2184 autem
881 2129 1034 2184 causae
1061 2103 1209 2183 suadet
1239 2104 1282 2182 in
1311 2102 1390 2183 hoo

219 2235 392 2343 negocio
418 2235 632 2346 Vicariqm
663 2233 904 2314 Generalcm
935 2235 1127 2342 Episcopi
1149 2260 1224 2314 nec
1245 2234 1385 2334 citare,

216 2395 292 2449 nec
307 2367 493 2476 judicare
514 2393 636 2475 posse
657 2367 699 2446 in
720 2365 804 2447 vim
825 2366 1008 2447 mandeti
1023 2365 1235 2447 ordinarii.
1260 2369 1321 2448 ita
1341 2393 1390 2448 ex

220 2502 344 2584 Cone.
369 2499 485 2583 Trid.
506 2525 603 2582 sess.
623 2503 702 2592 24,
722 2500 772 2581 de
786 2500 935 2608 Refer.
956 2501 1059 2610 Cap.
1075 2506 1138 2600 6,.
1153 2503 1215 2580 4.⁰
1235 2499 1392 2582 Poterit

219 2643 363 2716 contra
383 2662 466 2717 non
497 2641 711 2742 exemptos
731 2633 950 2742 procedere
972 2633 1014 2714 in
1039 2659 1141 2714 casu
1171 2632 1391 2714 haereseos

222 2770 309 2875 ipse
330 2767 524 2848 Vicarius
554 2768 819 2876 Capitularis,
853 2767 958 2848 Sede
989 2775 1159 2850 vacante
1169 2797 1180 2869 ;
1214 2793 1262 2848 co
1283 2767 1393 2875 quod

222 2901 417 2983 Vicarius
447 2901 695 3009 Capitularis
724 2900 928 3008 Episcopo
949 2901 1132 2983 succedit
1152 2903 1195 2982 in
1224 2901 1393 3009 jurisdi-
1471 2991 1475 3004 ,

219 3035 370 3136 ctione,
415 3043 454 3116 et
493 3033 847 3116 administratione
892 3033 1101 3115 ordinaria
1140 3033 1389 3116 dioeceseos

225 3171 285 3247 5.⁰
316 3167 360 3246 Si
392 3167 579 3249 instituta
609 3168 731 3249 fuerit
761 3167 803 3247 in
832 3167 921 3248 loco
952 3167 997 3247 S.
1031 3167 1262 3274 Inquisitio,
1295 3175 1394 3247 tunc

228 3299 353 3380 etiam
383 3300 646 3408 inquisitores
666 3307 841 3410 possunt
862 3300 1053 3382 facultate
1075 3301 1282 3382 ordinaria
1301 3325 1395 3407 pro-

222 3433 366 3516 cedere
408 3459 491 3514 una
530 3459 626 3514 cum
665 3434 887 3542 Episcopo,
920 3432 1014 3514 licet
1042 3431 1282 3540 separatim,
1319 3431 1397 3512 hac

223 3575 363 3648 tamen
394 3566 641 3669 conditione,
676 3575 722 3648 ut
752 3574 974 3675 antequem
1010 3565 1062 3647 ab
1099 3564 1295 3647 alterutro
1326 3563 1398 3644 tri-

219 3699 363 3781 bunali
393 3701 597 3783 sententia
629 3699 875 3808 proferatur,
908 3707 1058 3783 mutua
1087 3707 1274 3782 actorum
1303 3724 1399 3808 pro-

215 3833 470 3916 cessualium
502 3833 863 3943 comparticipatio
894 3835 980 3917 fiat.
1020 3835 1123 3948 Cap.
1161 3840 1236 3930 11,
1260 3843 1299 3916 et
1322 3840 1396 3929 17,

220 3965 263 4050 h.
298 3975 328 4049 t.
364 3969 407 4049 in
438 3975 482 4050 6.
520 3968 641 4062 Quod
664 3969 698 4049 si
720 3969 960 4076 hujusmodi
983 3967 1193 4076 inquisitio
1213 3969 1402 4050 instituta

218 4099 333 4182 haud
364 4101 501 4204 fuerit,
536 4111 641 4184 tunc
671 4103 821 4211 poterit
851 4101 1083 4210 Episcopus
1113 4129 1164 4183 ex
1194 4127 1240 4182 se
1260 4127 1403 4210 proce-

232 4234 328 4315 dere
359 4243 503 4318 contra
532 4235 761 4319 haereticos
790 4262 923 4344 usque
954 4236 1007 4318 ad
1037 4235 1282 4318 sententiam
1303 4235 1402 4317 defi·-

233 4365 421 4472 nitivam,
440 4369 538 4478 quin
556 4369 869 4478 inquisitoribus
886 4369 1044 4452 alienae
1059 4371 1294 4478 provinciae
1311 4379 1403 4452 acta
