3080 5136
376 444 484 497 tuan
504 445 550 494 lv.
574 462 594 478 -
616 444 755 498 rrrunus
776 447 861 498 xvn.
979 463 986 473 ·
1139 435 1204 500 273

58 573 130 654 rale
155 571 218 651 vel
242 571 349 679 juris
369 571 533 681 positivi
555 573 682 654 divini
705 581 777 656 aut
798 573 1077 683 ecclesiastici,
1101 581 1199 658 tunc

59 706 146 788 tales
173 703 366 787 dicuntur
393 732 444 786 ex
473 706 665 787 damnato
695 706 806 788 coitu
837 707 1051 816 procreati.

157 837 217 920 3.⁰
236 837 367 932 Quod
397 837 571 947 pertinet
600 839 652 919 ad
682 863 824 920 eorum
864 839 1197 946 legitimationem

57 999 98 1052 ea
122 971 348 1054 recolantur
377 997 482 1080 quae
512 972 621 1053 dicta
650 979 748 1054 sunt
777 973 841 1054 tit.
875 973 1007 1055 XVII
1041 975 1109 1055 lib.
1158 978 1194 1056 l.

60 1104 163 1187 Nunc
192 1113 353 1188 tantum
373 1106 476 1187 haec
496 1106 699 1188 addimus:
723 1152 744 1166 -
765 1107 825 1214 (a)
848 1132 920 1215 per
939 1108 1198 1216 subsequens

60 1240 351 1322 matrimonium
380 1266 462 1321 non
491 1267 612 1348 posse
642 1239 858 1348 legitimari
891 1240 971 1320 nisi
1000 1241 1107 1323 filios
1128 1267 1201 1322 na-

60 1372 195 1454 turales
223 1399 306 1453 non
337 1399 432 1454 vero
463 1398 533 1454 eos
564 1373 633 1483 qui
663 1382 761 1455 sunt
790 1399 841 1454 ex
877 1373 1030 1456 incerto
1068 1383 1197 1484 patre,

62 1515 121 1587 aut
147 1506 214 1614 qui
247 1532 300 1587 ex
329 1504 520 1588 damnato
555 1507 664 1588 coitu
703 1507 902 1615 progeniti
942 1513 1053 1608 sunt,
1085 1553 1106 1568 -
1136 1509 1198 1616 (b)

62 1639 121 1719 sed
145 1639 360 1746 Rescripto
390 1641 572 1748 supremi
601 1640 803 1749 Principis
828 1667 948 1749 posse
982 1668 1202 1748 quoscum·

62 1797 127 1878 que
153 1772 387 1881 illegitimos
415 1771 649 1882 legitimari,
682 1774 740 1855 ita
770 1781 815 1856 ut
844 1775 1035 1856 Pontifex
1064 1775 1105 1857 id
1130 1802 1201 1856 va-

63 1903 129 1987 leat
155 1913 362 2015 praestare
392 1934 466 2014 pro
490 1907 683 1989 societate
704 1907 992 2011 ecclesiastica,
1017 1911 1203 1992 modera-

64 2047 155 2120 tores
182 2065 280 2119 vero
309 2039 491 2148 supremi
528 2067 664 2122 rerum
703 2040 961 2148 publicarum
991 2041 1035 2120 in
1074 2041 1203 2123 socie-

62 2177 130 2251 tate
149 2171 268 2270 civili,
293 2180 416 2280 prout
434 2199 628 2280 expresse
649 2173 879 2254 declaratur
903 2173 943 2252 in
966 2200 1055 2284 cap.
1085 2177 1136 2254 13
1159 2173 1198 2255 n.

64 2310 86 2381 t.
115 2348 133 2363 -
160 2305 215 2412 (c)
247 2305 328 2386 Sed
358 2306 558 2414 numquid
587 2303 778 2386 Pontifex
806 2333 1019 2414 nunquam
1058 2307 1204 2414 poterit

63 2433 270 2542 legitimare
300 2438 435 2545 quoad
465 2438 794 2519 consecutionem
815 2438 972 2546 jurium
1002 2437 1198 2540 civilium,

63 2592 151 2673 quae
179 2572 228 2654 ad
258 2571 461 2678 legitimos
490 2573 720 2679 pertinenti
751 2571 828 2653 Cui
869 2573 1096 2681 quaestioni
1137 2599 1201 2652 re-

64 2703 308 2808 spondemus,
341 2705 449 2811 quod
479 2704 729 2812 praecisione
760 2703 922 2786 factae
962 2730 1077 2804 casu,
1121 2729 1201 2811 quo

65 2831 262 2917 Romanus
293 2837 485 2919 Pontifex
524 2837 673 2918 habeat
711 2838 873 2918 civilem
912 2837 1200 2945 principatum,

65 2993 146 3047 curn
173 2977 261 3051 tum
290 2969 330 3051 id
362 2971 511 3070 valeat,
544 2972 652 3079 quod
691 2998 884 3079 supremo
915 2970 1061 3078 cuique
1096 2971 1203 3051 civili

66 3096 226 3210 Principi
256 3102 462 3212 competit,
494 3103 635 3210 nequit
663 3103 750 3211 ipse
780 3103 1004 3210 legitimare
1035 3101 1078 3181 in
1103 3101 1202 3180 civi-

66 3229 160 3314 libus
187 3236 266 3315 nisi
299 3237 505 3336 indirecte,
538 3236 578 3316 id
609 3242 671 3316 est
689 3235 874 3315 sanando
896 3235 938 3314 in
959 3232 1098 3314 radice
1117 3259 1205 3314 ma·

66 3366 300 3470 trimonium,
334 3370 442 3478 quod
471 3370 658 3452 obstante
688 3367 962 3450 ecclesiastica
1001 3367 1089 3471 lege
1129 3366 1206 3445 ini-

66 3503 141 3578 tum
169 3510 254 3582 erat
284 3501 475 3605 invalide3
497 3509 595 3582 tuno
625 3501 733 3582 enim
763 3507 907 3579 sanato
929 3497 1119 3604 conjugio
1139 3523 1206 3576 sa-

66 3641 198 3714 nantur
226 3636 473 3745 quicumque
503 3635 592 3744 ejus
622 3635 804 3736 effectus,
838 3633 946 3714 unde
966 3631 1038 3712 filii
1060 3629 1130 3738 qui
1151 3659 1202 3712 ex

66 3757 123 3845 illo
150 3769 336 3877 conjugio
367 3770 452 3851 nati
483 3778 594 3870 sunt,
627 3768 777 3878 quique
817 3776 909 3849 ante
949 3766 1205 3847 sanationem

67 3895 100 3977 in
126 3903 254 3984 radice
289 3911 405 3984 erant
440 3903 653 4010 illegitimi,
695 3909 788 4011 post
824 3926 914 3982 earn
951 3901 1207 3982 sanationem

65 4027 249 4117 habentur
286 4036 456 4144 legitimi
502 4045 542 4116 et
584 4061 666 4114 non
696 4033 817 4114 modo
848 4033 891 4113 in
921 4031 1207 4114 ecclesiasticis

67 4166 126 4245 scd
152 4195 310 4278 quoque
339 4169 382 4248 in
412 4167 615 4268 civilibus,
648 4192 744 4246 narn
774 4191 827 4244 ex
851 4165 964 4271 justo
996 4163 1209 4246 matrimo-

68 4296 124 4377 nio
150 4301 230 4382 nati
261 4308 373 4382 sunt.
408 4300 524 4393 Quae
553 4297 712 4380 sanatio
741 4295 990 4378 matrimonii
1011 4297 1053 4376 in
1073 4295 1207 4376 radice

66 4439 181 4534 potest
210 4433 376 4516 concedi
406 4433 638 4516 viventibus
668 4429 803 4512 adhuc
832 4427 1091 4537 conjugibuS,
1136 4431 1208 4504 aut

197 4585 404 4632 r.m.·r.1.·
1032 4581 1060 4623 ,ὃ
