3264 5146
346 406 387 471 74
632 415 924 470 rmnnnorronna
947 413 1040 468 runis
1064 413 1232 468 onnonrcr

349 545 495 647 ritatis,
529 571 580 625 ne
610 543 800 625 validitas
829 542 1079 625 matrimonii
1110 541 1341 624 celebrandi
1377 541 1421 622 in
1451 543 1527 624 di-

349 679 525 760 scrimen
554 685 735 757 vocetur.
770 676 814 758 Si
846 702 940 758 vero
975 674 1285 758 matrimonium
1320 683 1383 757 est
1417 701 1528 757 oon·

349 820 542 914 tractum,
574 819 672 895 tune
703 811 907 894 reiteratio
928 809 1029 892 haee
1050 809 1243 918 baptismi
1274 809 1528 917 intelligitur

349 973 440 1027 esse
472 945 580 1027 faeta
609 945 696 1026 sine
726 943 977 1053 praejudieio
1008 943 1275 1044 matrimonii,
1299 960 1421 1051 prout
1441 967 1527 1023 no-

350 1087 482 1160 tatum
513 1077 648 1160 estin
679 1079 742 1156 tit.
777 1079 833 1156 42
865 1077 934 1156 lib.
968 1077 1037 1155 III
1061 1101 1172 1156 num.
1207 1080 1248 1174 4,
1284 1084 1405 1157 etex
1431 1073 1527 1156 Re-

349 1237 501 1319 sponso
533 1209 873 1316 Congregationis
903 1210 947 1291 S.
983 1208 1117 1291 Offioii
1148 1210 1232 1290 diei
1267 1212 1317 1290 17
1339 1208 1528 1290 Nonam-

354 1345 437 1422 brr's
474 1345 599 1424 1830.
634 1342 687 1423 Et
715 1343 820 1423 ratio
850 1342 1016 1424 evidens
1046 1352 1124 1444 est,
1157 1369 1254 1424 nam
1284 1343 1526 1450 baptismus

353 1477 388 1554 si
419 1485 481 1557 est
509 1477 645 1585 quoad
666 1476 916 1558 validitatem
937 1477 1103 1578 dubiuS,
1127 1477 1300 1558 iteratur
1318 1477 1397 1557 snb
1418 1501 1526 1556 oon-

351 1608 502 1690 ditione
532 1617 698 1718 propter
727 1609 817 1717 ejus
839 1610 1137 1691 necessitatem:
1163 1617 1205 1690 at
1225 1617 1247 1689 e
1268 1616 1411 1690 contra
1425 1633 1525 1688 ma-

352 1744 590 1825 trimonium
621 1743 785 1852 qnando
815 1750 954 1825 aetum
985 1751 1062 1845 est,
1095 1744 1316 1825 tenendum
1351 1751 1413 1823 est
1443 1769 1524 1850 pro

354 1877 443 1984 ejus
474 1877 696 1978 validitate,
730 1903 853 1985 usque
883 1877 979 1957 dum
999 1905 1078 1957 non
1099 1883 1247 1957 constet
1269 1876 1372 1956 illud
1378 1877 1526 1984 fuisse

355 2011 594 2112 inualidum,
628 2012 736 2120 quod
767 2038 849 2091 non
888 2010 1123 2092 verificatur
1161 1989 1359 2118 quamdiu
1399 2009 1521 2090 dubii

352 2170 499 2224 sumus
529 2145 579 2225 de
609 2143 698 2251 ejus
731 2145 880 2225 valore.
917 2143 1100 2236 Quartus
1129 2171 1268 2245 casua,
1302 2143 1373 2250 qui
1409 2143 1523 2222 veri-

353 2277 465 2357 lioari
496 2278 637 2384 nequit
667 2276 747 2358 nisi
768 2277 817 2358 de
839 2276 1100 2357 matrimonio
1115 2276 1204 2383 jam
1224 2276 1428 2358 celebrato
1454 2302 1524 2355 re-

353 2407 527 2489 solvitur
556 2435 608 2489 ex
638 2409 823 2517 sequenti
854 2387 1051 2517 responso
1083 2410 1127 2491 S.
1163 2408 1296 2490 Offioii
1326 2409 1421 2490 dato
1451 2407 1524 2487 die
1609 2481 1610 2516 3

354 2541 409 2620 20
429 2541 538 2622 Julir'
563 2543 686 2623 1840:
711 2573 730 2618 ‹
750 2543 828 2621 Vir
843 2542 1011 2650 quidam
1027 2549 1259 2651 protestans
1276 2541 1523 2648 anglicanae

359 2673 594 2755 »eeclesiae
624 2676 712 2757 vult
747 2677 936 2784 ampleoti
976 2676 1215 2784 religionem
1254 2673 1519 2757 catholicam.

360 2807 442 2886 »ln
472 2807 624 2915 Anglia
653 2811 962 2892 matrimonium
1003 2803 1153 2892 feoerat
1191 2837 1287 2892 oum
1325 2807 1518 2906 muliere,

360 2965 504 3046 »quae
545 2941 596 3022 ad
636 2949 792 3022 seotam
828 2943 1167 3050 anabaptistioam
1202 2942 1444 3050 pertinebat,
1480 2953 1525 3020 et
1608 3027 1609 3052 ,

360 3099 518 3180 »quae,
551 3084 673 3182 prout
703 3076 791 3184 ipse
821 3077 1013 3176 affirmat,
1047 3101 1275 3184 numquam
1310 3077 1523 3182 baptizata
1608 3053 1609 3062 .

361 3205 490 3287 »luit
526 3206 666 3301 Quum
706 3234 802 3289 vero
843 3208 930 3316 ipse
971 3209 1222 3317 baptismum
1263 3233 1289 3287 a
1328 3207 1521 3288 ministro

363 3373 379 3412 »
401 3349 649 3448 protestante
670 3343 887 3451 anglicano
908 3345 1119 3452 receperit,
1138 3344 1187 3425 de
1204 3342 1413 3424 validitate
1429 3341 1524 3447 ejus

365 3475 555 3582 »proprii
577 3475 835 3584 baptismatis
857 3478 960 3558 ratio
990 3483 1152 3586 quoque
1181 3475 1395 3558 dubitandi
1425 3499 1525 3581 gra·

364 3606 464 3686 »vis
494 3607 648 3690 existit.
688 3611 860 3718 Propter
893 3610 1034 3719 jurgia
1072 3611 1267 3692 continua
1305 3611 1521 3692 mulierem

363 3771 379 3812 »
401 3739 703 3847 anabaptistam
724 3741 786 3820 vir
805 3742 1014 3849 praelatus
1035 3744 1230 3844 deseruit,
1253 3743 1445 3850 venitque
1461 3741 1516 3822 N.

362 3903 379 3944 »
402 3870 473 3951 ubi
504 3873 813 3954 matrimonium
843 3875 992 3957 iterum
1023 3876 1117 3958 feeit
1135 3876 1208 3957 sed
1229 3903 1326 3957 oum
1347 3873 1521 3954 muliere

363 4041 380 4080 »
400 4007 631 4089 lutherana.
643 4007 857 4101 Quaenam
873 4035 924 4089 ex
941 4009 1032 4092 istis
1048 4011 1292 4093 mulieribus
1307 4019 1521 4116 tamquam
1606 4079 1607 4112 ,

363 4141 492 4249 »ejus
521 4169 630 4223 uxor
657 4142 801 4225 haberi
830 4143 1013 4226 debetl»
1054 4146 1099 4228 S.
1143 4145 1417 4253 Congregatio
1456 4169 1522 4223 re-

357 4274 535 4383 spondit:
584 4271 857 4358 «Dummodo
896 4285 1054 4358 oonstet
1093 4278 1143 4358 de
1182 4303 1264 4358 non
1304 4275 1521 4359 collatione

363 4407 596 4518 »baptismi
627 4407 811 4490 mulieris
841 4409 1139 4519 anabaptistae,
1172 4410 1352 4519 primum
1378 4409 1522 4490 matri-
