3178 5134
688 1877 923 1960 TITULUS
953 1876 1082 1958 XVII.

626 2147 705 2237 Qut
727 2145 820 2252 fita·
850 2147 932 2225 sint
962 2145 1144 2254 lepitimi.

428 2547 485 2627 l.⁰
514 2547 812 2655 Legitimorum
842 2573 923 2628 vox
954 2554 1025 2627 aut
1055 2545 1363 2654 contraponitur
1396 2571 1470 2626 na-

308 2681 524 2780 turalibuS,
558 2691 598 2762 et
633 2689 729 2762 tunc
769 2679 932 2760 nomine
972 2679 1149 2761 filiorum
1188 2679 1467 2786 legitimorum

308 2814 476 2894 veniunt
505 2813 700 2924 ocloptioi,
725 2815 774 2894 de
794 2813 944 2921 quibus
964 2814 1087 2894 locuti
1108 2839 1254 2893 sumus
1276 2814 1338 2892 tit.
1364 2813 1462 2910 XII,

308 2955 379 3028 aut
419 2947 723 3054 contraponitur
762 2947 998 3053 illegitimiS,
1041 2955 1080 3028 et
1119 2955 1217 3027 tunc
1255 2944 1465 3052 legitimus

307 3081 416 3162 filius
445 3079 512 3161 ille
541 3087 616 3182 est,
651 3079 719 3188 qui
740 3088 976 3187 procreatus
996 3087 1058 3160 est
1079 3078 1271 3186 exjustis
1291 3076 1463 3184 nuptiiS,

308 3242 483 3323 quarum
515 3243 637 3296 usum
667 3214 852 3296 Ecclesia
881 3213 1114 3296 solemniter
1134 3239 1215 3292 non
1237 3209 1459 3292 interdixit.

306 3349 510 3430 Addimus
526 3349 626 3430 haee
642 3347 788 3430 ultima
799 3347 994 3446 verba‚nt
1009 3373 1060 3426 ex
1076 3371 1247 3426 numero
1262 3343 1468 3452 legitimo·

306 3508 397 3562 rum
428 3509 498 3563 eos
528 3483 812 3582 excludamus,
847 3479 916 3588 qui
948 3487 1040 3588 post
1060 3480 1244 3559 ordinem
1265 3475 1467 3584 majorem

304 3623 556 3723 susceptum,
590 3624 661 3697 aut
680 3623 772 3722 post
793 3613 943 3696 editam
964 3613 1146 3694 validam
1166 3611 1468 3721 professionem

304 3746 538 3854 religiosam
554 3747 777 3830 solemnem
798 3745 1000 3856 progeniti
1020 3753 1119 3826 sunt
1140 3772 1188 3826 ex
1205 3743 1472 3826 matrimonio

306 3881 587 3961 antecedenter
602 3879 737 3961 valide
753 3887 974 3962 contracto,
989 3877 1166 3960 Nomine
1183 3885 1321 3960 autem
1333 3878 1477 3985 justa-

307 4037 399 4092 rum
417 4013 653 4119 nuptiarum
669 4013 838 4093 veniunt
858 4022 946 4093 tum
963 4012 1224 4094 matrimonia
1240 4011 1282 4091 in
1299 4011 1476 4091 veritate

306 4143 455 4245 valida,
474 4167 562 4225 tum
583 4171 686 4252 quae
695 4147 882 4256 putative
897 4145 995 4226 talia
1013 4145 1230 4246 habentur,
1255 4169 1401 4252 nempe
1420 4143 1475 4223 in

265 4259 267 4264 ⁵
307 4277 459 4385 quibus
490 4278 541 4358 ad
561 4279 740 4360 valorem
760 4277 1017 4360 retinendum
1039 4280 1243 4361 concurrit
1262 4288 1352 4360 tum
1370 4303 1476 4386 pro-

309 4409 455 4492 babilis
495 4411 799 4493 communitatis
835 4411 1077 4511 credulitas,
1122 4419 1211 4495 turn
1250 4411 1476 4518 utriusque
