3360 5126
527 386 628 431 unna
650 387 680 431 v.
706 405 750 414 -
772 387 912 434 munus
935 389 979 434 x1.
1278 367 1347 434 223

167 511 381 592 homicidii
403 514 464 592 rei
486 514 798 593 inveniantur...
834 516 933 620 quio
962 515 1000 592 si
1032 513 1114 612 ilie,
1149 516 1220 620 qui
1250 541 1346 594 con-

166 652 324 754 ceptum
355 646 397 724 in
427 653 542 726 utero
567 672 646 756 per
675 647 863 726 obortum
895 645 1102 744 deleverit,
1137 645 1343 727 homicide

166 787 239 879 est,
262 787 414 886 quanto
446 786 576 888 mepte
597 779 672 888 qni
692 780 812 860 unios
841 779 985 859 saltem
1016 778 1100 858 diei
1123 781 1343 888 puerulum

162 916 394 1023 peremerit,
417 913 668 995 homicidam
682 941 724 994 se
740 939 822 994 esse
839 939 1040 994 accensere
1056 913 1266 1021 nequibit?
1285 957 1345 976 -

253 1047 405 1128 Contra
434 1047 536 1130 istos
567 1048 608 1128 in
644 1049 747 1158 Cup.
783 1048 857 1130 ult.
888 1048 929 1129 b.
956 1055 985 1127 t.
1010 1047 1223 1128 triennalis
1244 1072 1344 1154 poe-

165 1181 336 1262 nitentia
367 1189 522 1262 statuta
562 1181 651 1280 luit,
698 1209 803 1290 quae
844 1182 937 1263 dein
977 1208 1049 1289 per
1079 1180 1338 1262 immutatam

166 1314 425 1421 disciplinam
465 1315 680 1416 obsolevit,
724 1323 764 1397 et
803 1315 939 1396 solum
980 1313 1182 1421 superfuit
1222 1340 1343 1420 prae-

164 1456 327 1555 ceptum
350 1445 687 1530 Ecclesiasticum
704 1449 754 1529 da
775 1448 972 1546 canende,
993 1474 1043 1528 ne
1059 1447 1277 1528 suffocatio
1293 1447 1344 1525 fi-

164 1581 315 1662 liorum
346 1581 539 1664 eveniret.
565 1585 651 1664 lmo
673 1583 715 1662 in
737 1581 946 1663 nonnullis
972 1580 1231 1662 dioecesibus
1253 1578 1342 1659 sul-

7 1795 9 1800 .
165 1714 313 1797 locatio
345 1741 567 1824 puerorum
599 1725 661 1797 est
691 1743 814 1799 casus
845 1715 1051 1824 Episcopo
1081 1719 1333 1796 reservatus

585 2232 822 2312 TITULUS
854 2231 927 2313 XI.

299 2501 366 2580 De
397 2499 643 2606 infantibus,
683 2507 719 2580 et
751 2499 958 2608 lonpuiciis
988 2499 1201 2608 conpositis.

7 2851 8 2860 p
250 2767 422 2865 Parum,
457 2776 530 2847 aut
559 2766 660 2848 nihil
682 2767 865 2867 interest,
891 2773 1030 2847 utrum
1052 2765 1145 2873 quis
1162 2765 1335 2867 occidat,

7 2947 9 2998 ς
164 2898 227 2980 vel
249 2923 420 2980 causam
452 2899 596 2979 mortis
616 2899 827 3006 praebeat,
851 2926 926 2979 oeu
947 2899 1071 2980 tradit
1098 2901 1167 2978 lece
1202 2902 1259 2980 15
1277 2901 1337 3007 ff.

130 3098 133 3106 .
163 3030 220 3111 ud
240 3033 316 3140 lep.
343 3032 505 3113 Cornet.
526 3033 576 3112 cte
590 3032 771 3123 sicariis,
789 3009 891 3111 'hine
912 3031 1191 3112 Decretalium
1213 3032 1335 3112 Com-

7 3159 9 3180 ²
164 3163 313 3270 pilator
328 3165 420 3270 jure
442 3173 700 3270 praesentem
720 3165 928 3244 subnectit
947 3163 1133 3262 titulum,
1161 3189 1210 3243 eo
1232 3166 1341 3271 quod

7 3313 8 3346 ³
164 3295 384 3405 parricidio
425 3299 656 3404 propinqua
696 3305 758 3378 est
787 3296 1024 3404 hujusmodi
1057 3295 1339 3378 inhumanitas

164 3430 394 3538 exponendi
417 3431 612 3530 infantes,
631 3439 670 3512 et
692 3429 910 3538 languidos
931 3437 971 3512 et
991 3427 1207 3510 homicidis
1228 3439 1336 3510 recte

165 3572 515 3646 connumerantur
545 3564 618 3664 illi,
652 3563 722 3671 qui
754 3590 825 3645 eas
856 3587 1055 3671 personas
1091 3569 1234 3642 contra
1254 3562 1343 3642 offi-

164 3695 274 3778 cium
307 3697 469 3806 pietatis
500 3705 726 3806 exponunt,
761 3707 801 3779 et
831 3698 1041 3796 deserunt,
1067 3695 1219 3802 quibus
1241 3696 1341 3778 edu·

164 3831 286 3930 catio,
312 3831 519 3931 alimenta,
557 3841 597 3913 et
627 3857 729 3914 cura
758 3832 799 3912 in
831 3831 1121 3938 languoribus
1155 3839 1194 3910 et
1226 3831 1339 3910 infir·

165 3965 378 4044 mitatibus
409 3966 607 4072 praestari
641 3967 804 4048 debent.
838 3964 1001 4046 Necore
1033 3965 1140 4044 enim
1160 3963 1335 4055 uidetur,

164 4101 236 4206 qui
264 4099 462 4180 alimento
493 4109 627 4210 nepot,
663 4101 720 4188 ait
751 4101 821 4180 lere
843 4103 909 4181 4.*
919 4100 979 4207 ff.
1005 4099 1055 4180 cte
1074 4095 1341 4208 agnoscendis

166 4232 318 4327 tiberis,
353 4234 423 4313 ten
445 4233 531 4340 fin.
572 4233 673 4314 Cot.
708 4233 750 4314 n.
786 4241 814 4313 t.
841 4240 877 4313 et
903 4233 1007 4344 Cop.
1026 4233 1110 4338 fin.
1137 4231 1232 4312 dist.
1258 4234 1338 4316 87.

165 4393 256 4449 oon.
292 4369 401 4448 unic.
439 4367 480 4450 h.
517 4375 547 4450 t.
