3356 5118
506 1075 775 1157 nounuu
809 1073 1046 1158 rumuu.
1128 1039 1131 1044 ’

276 1515 326 1595 In
357 1513 461 1594 libro
491 1514 571 1606 IV,
596 1515 661 1596 tit.
685 1514 783 1607 XV,
807 1539 917 1594 num.
944 1519 972 1592 6
994 1513 1131 1620 operis
1152 1513 1216 1594 sui
1241 1515 1281 1597 b.
1303 1541 1359 1597 m.

191 1649 405 1730 Professor
438 1649 689 1754 De-Angelis
712 1649 969 1756 promiserat,
994 1675 1038 1728 se
1060 1647 1196 1730 fusius
1217 1649 1363 1757 loquu-

191 1791 331 1865 turum
363 1783 412 1864 de
444 1783 566 1863 modo
597 1783 839 1890 procedendi
864 1783 903 1862 in
926 1781 1064 1863 causis
1081 1783 1366 1874 matrimoniu-¹

192 1917 301 1998 libus
333 1917 373 1998 in
406 1919 477 1998 lib.
512 1920 577 2000 De
606 1919 806 2014 leontio
840 1917 911 1998 sed
948 1925 1077 1998 morte
1117 1927 1364 2026 praeventus

192 2051 231 2132 id
263 2052 407 2160 exequi
441 2051 549 2131 haud
583 2055 728 2159 potuit.
1276 2076 1278 2079 ·
1364 2047 1365 2050 “

278 2187 559 2292 Prosequutor
590 2185 736 2292 Operis
773 2187 815 2264 in
853 2186 922 2266 nt.
962 2187 1019 2279 H,
1058 2187 1121 2266 tit.
1156 2187 1192 2283 I,
1230 2217 1271 2268 n.
1308 2189 1363 2269 13

191 2321 303 2400 circu
328 2321 460 2427 finem
490 2320 539 2400 de
557 2319 734 2426 judiciis
765 2346 997 2401 sermonem
1028 2320 1173 2401 habuit
1193 2322 1243 2401 de
1264 2349 1362 2403 ouu-

189 2455 248 2535 sis
294 2455 383 2536 istis
427 2455 802 2536 matrimonialibus
816 2517 827 2556 ‚
876 2480 1101 2562 earumque
1146 2481 1359 2562 processu,

189 2589 292 2670 satis
322 2599 459 2671 tamen
481 2617 573 2672 esse
594 2589 713 2672 duxit
734 2589 914 2670 indicare
935 2589 1157 2670 Constitut.
1183 2591 1265 2671 Dei
1284 2593 1363 2670 mi-

188 2727 395 2802 seratione
416 2725 568 2804 Bened.
595 2725 709 2823 XIV,
729 2733 768 2804 et
789 2723 1099 2805 instructionem
1124 2725 1169 2806 S.
1190 2724 1233 2804 C.
1257 2723 1363 2805 Con·

190 2854 271 2934 cilii
304 2857 369 2936 die
410 2859 466 2936 22
496 2859 687 2964 ,Augusti
729 2858 897 2960 editam,
940 2867 1080 2967 utpote
1121 2887 1227 2967 quae
1261 2859 1363 2940 satis

190 3001 327 3100 aperte
344 2992 493 3073 inuunt
508 2994 675 3072 modum
695 2995 935 3100 procedendi
960 2995 1000 3073 in
1023 2995 1175 3074 tabulis
1200 3023 1364 3102 prooes-

189 3127 380 3208 sualibus
415 3152 636 3209 causarum
673 3127 1038 3216 matrimonialium
1075 3127 1358 3211 conficiendis

189 3261 304 3342 Dixit
334 3262 442 3342 enim
465 3312 518 3324 -
539 3263 690 3344 Verum
721 3262 841 3343 hodie
871 3289 1017 3342 consue
1037 3265 1366 3344 matrimoniales

180 3396 1362 3508 pertractantnrjuoetnordinemspecialemprueseriptum

186 3557 215 3611 a
244 3530 453 3614 Benedici.
488 3533 599 3613 XIV
627 3535 668 3612 in
703 3533 873 3613 Constit.
900 3535 981 3614 Dei
1007 3535 1267 3614 miseratione
1289 3561 1363 3614 nn-

187 3693 239 3746 no
271 3666 403 3759 1741,
427 3667 478 3747 'et
518 3666 574 3746 nd
614 3694 804 3746 normam
846 3668 1122 3749 instructionis
1162 3667 1297 3747 editae
1335 3695 1362 3748 u

186 3800 231 3881 S.
271 3801 593 3910 Congregationo
629 3802 807 3881 Concitii
836 3801 903 3883 die
931 3804 1358 3911 22Ao9nsn1840.

186 3934 311 4014 Modo
342 3936 376 4013 si
409 3937 502 4043 quis
533 3935 610 4014 heo
639 3961 765 4042 super
795 3963 837 4016 re
869 3936 1080 4017 uberiores
1103 3937 1268 4016 notitias
1290 3936 1362 4016 ha·

189 4067 281 4148 bere
313 4068 535 4168 desiderat,
569 4069 758 4150 consulat
787 4069 1100 4152 Instructionem
1141 4071 1186 4151 S.
1227 4070 1363 4177 Inqui-

184 4201 348 4282 sitionis
378 4203 721 4309 Congregationis
752 4203 818 4284 die
853 4207 909 4284 20
951 4203 1054 4283 Iunii
1096 4203 1246 4284 editam
1288 4231 1359 4310 pro

185 4337 339 4419 tabulis
371 4337 708 4444 prooessualibus
739 4339 978 4419 earumdem
1020 4363 1242 4418 causarum
1275 4365 1369 4426 mu-‚

187 4470 483 4582 trimonialium
514 4471 798 4573 conficiendis
836 4481 876 4553 et
915 4473 1085 4553 alteram
1126 4474 1381 4564 Instructioe¹
