3264 5146
440 465 442 472 ,
485 425 592 476 Lmen
614 427 661 478 ιν.
687 445 706 458 -
729 427 868 477 τιτυιυε
891 429 912 476 1.
1245 417 1286 478 49

133 565 190 635 tus
217 555 400 656 effectus;
434 567 556 662 prout
586 557 663 638 loc.
698 559 766 638 cit.
791 557 985 638 laudatus
1006 557 1196 638 Pontifex
1219 559 1280 638 di-

131 696 226 770 serte
255 689 482 770 confirmat.
516 690 577 770 De
609 690 913 797 impedimentis
934 717 1030 770 vero
1052 691 1278 798 impedien-

132 823 230 902 tibus
259 823 475 905 dicendum
507 833 569 904 est
599 851 649 904 ca
678 824 831 932 pariter
871 851 993 932 posse
1023 826 1193 932 proponi
1217 827 1279 906 vel

131 956 363 1038 admodum
395 960 558 1066 regulae
587 984 661 1066 pro
692 958 886 1038 universa
906 958 1104 1058 Ecclesia,
1140 959 1202 1038 vel
1224 959 1281 1040 ad

133 1091 280 1172 mortum
302 1095 515 1203 praecepti
537 1120 618 1202 pro
650 1093 790 1200 atiquo
822 1119 919 1172 casu
943 1093 1164 1202 peculiari.
1199 1093 1281 1172 As-

133 1237 228 1306 serta
256 1253 352 1305 vero
382 1227 571 1308 Pontifici
603 1235 641 1306 et
673 1227 1066 1333 Conciliolgenerali
1090 1226 1280 1306 facultate

134 1385 175 1440 ea
202 1361 447 1466 proponendi
471 1372 642 1468 utroque
665 1363 786 1442 modo
808 1362 915 1469 quod
937 1361 1079 1441 attinet
1105 1361 1156 1442 ad
1178 1361 1281 1441 alios

135 1492 360 1574 Ordinarios
390 1495 610 1576 dicendum
642 1504 704 1576 est
733 1523 805 1576 cos
835 1523 917 1576 non
958 1496 1092 1576 valere
1134 1521 1282 1603 propo·

134 1652 216 1706 nore
244 1627 342 1707 talia
373 1627 662 1735 impedimenta
692 1627 748 1708 ad
778 1629 939 1709 modum
976 1629 1153 1737 rapotae,
1187 1655 1281 1736 pro-

134 1767 210 1864 pter
223 1761 406 1840 eamdem
431 1759 631 1842 rationem
653 1761 961 1859 uniformitatis
986 1760 1089 1840 beno
1111 1787 1205 1840 vcro
1228 1760 1278 1840 ad

130 1893 282 1974 modum
313 1895 534 2000 praecepti,
569 1901 615 1973 ut
634 1894 888 1976 demonstrat
907 1893 1156 1974 Benedictus
1177 1894 1275 1973 XIV

132 2024 281 2136 chyn.
306 2027 475 2108 dioeces,
503 2027 573 2108 lib.
602 2032 733 2138 Scczp.
759 2031 810 2106 14
840 2055 950 2108 num.
984 2032 1024 2128 53
1048 2036 1146 2108 tunc
1167 2027 1275 2107 enim

132 2161 253 2264 potius
283 2169 346 2242 est
378 2161 573 2268 impedire
615 2161 897 2242 infractionem
934 2161 1019 2268 jam
1060 2160 1275 2242 existentis

132 2293 220 2400 legis
239 2294 556 2396 ecclesiasticae,
577 2296 627 2375 ad
648 2295 757 2403 quod
775 2293 979 2376 Ordinarii
1001 2295 1185 2375 locorum
1208 2295 1280 2374 de-

28 2503 29 2538 ?
135 2429 216 2508 bent
244 2429 342 2510 totis
364 2429 521 2510 viribus
543 2431 765 2510 attendere.
790 2429 1096 2508 Consuetudine
1118 2455 1279 2535 quoquc

28 2547 29 2550 Ὺ
133 2561 396 2644 ecclesiastica
436 2590 557 2670 posse
597 2563 891 2671 impedimenta
926 2562 1002 2644 etsi
1049 2560 1281 2642 dirimentia

134 2695 342 2778 inolescere
365 2706 571 2805 receptum
593 2709 670 2778 cst.
704 2697 756 2776 Et
780 2723 924 2777 revera
943 2696 1279 2804 impedimentum

132 2831 247 2912 cattus
270 2833 531 2943 disparitatis
551 2831 740 2942 quamvis
762 2831 959 2913 dirimens
979 2838 1114 2911 ortum
1135 2829 1281 2910 habuit

29 2989 30 2994 ‘
132 2968 484 3068 exconsuctudine,
508 2994 603 3048 cum
619 2966 733 3046 nulla
749 2965 1026 3046 ecclesiastica
1040 2963 1109 3044 lex
1125 2963 1278 3069 scripta

29 3087 30 3092 Ν
130 3099 306 3180 statuerit
341 3098 523 3180 invalida
562 3125 652 3180 esso
693 3098 956 3178 matrimonia
995 3124 1020 3177 a
1063 3095 1280 3203 baptizatis

29 3265 30 3268 κ
133 3227 221 3311 inite
248 3259 344 3313 eum
377 3259 459 3312 non
490 3231 722 3338 baptizatis²
756 3230 828 3311 sed
859 3237 1020 3310 tantum
1060 3237 1282 3308 consuetu-

132 3361 228 3462 dine,
253 3366 372 3473 cujus
390 3366 555 3444 brevem
576 3363 791 3445 historiam
812 3357 1005 3442 dabimus
1027 3387 1122 3442 cum
1144 3359 1193 3440 dc
1213 3358 1281 3439 illo

133 3496 411 3604 impedimento
427 3525 614 3607 agemus,
640 3499 797 3578 Verum
812 3496 931 3578 hodic
953 3495 1051 3604 quid
1073 3501 1280 3602 praestaro

132 3631 266 3734 poterit
297 3632 551 3714 consuetudo
577 3639 666 3712 tum
687 3631 729 3708 in
751 3629 993 3709 inducendis
1014 3627 1131 3708 novis
1153 3626 1283 3733 impe·

132 3761 310 3848 dimentis
339 3767 580 3874 praesertim
601 3764 905 3864 dirimentibus,
929 3761 1080 3843 sivein
1102 3760 1282 3867 antiquis

132 3897 359 3982 abolendis?
380 3899 730 4008 Respondendum
751 3899 942 4006 estquod
965 3899 1016 3978 ad
1032 3897 1282 3978 servandum

133 4029 230 4114 idem
259 4033 506 4142 principium
538 4034 852 4144 uniformitatis,
886 4032 1141 4113 consuetudo
1162 4031 1197 4110 si
1220 4037 1282 4110 cst

133 4167 397 4270 particularis
422 4177 511 4249 tum
532 4168 568 4248 si
590 4167 758 4248 inducat
772 4193 926 4248 novum
942 4165 1280 4274 impedimentum

133 4306 212 4379 tum
241 4302 276 4382 si
308 4302 522 4411 antiquum
555 4303 730 4401 aboleat,
764 4308 826 4382 est
866 4327 1029 4408 semper
1069 4298 1283 4380 irrationa-

136 4431 233 4535 bilis,
266 4435 433 4542 proinde
463 4463 608 4516 carens
639 4435 803 4535 effectu,
837 4441 958 4542 prout
998 4434 1115 4513 docet
1153 4431 1285 4510 Bene-

271 4588 298 4630 Τ.
312 4585 354 4631 lll.
365 4585 380 4614 ¹·
393 4591 419 4631 l‘.
432 4591 451 4630 l.
1122 4585 1134 4624 d
