3342 5126
320 319 387 386 ast
618 335 887 382 racmncrrorurs
910 335 1002 381 eurus
1025 333 1184 380 oenomai

320 475 433 564 sunt,
467 487 572 569 quae
603 460 867 559 adhibentur,
892 470 938 540 ut
959 461 1072 540 Deus
1102 458 1306 541 occullam
1339 458 1510 540 verita-

319 611 402 683 tem
424 595 670 693 manifestet,
703 596 767 676 vel
798 623 949 706 anceps
980 593 1199 676 consilium
1231 593 1399 698 dirigat,
1424 621 1508 674 seu

319 741 417 816 sunt
442 755 529 821 eae,
555 755 627 836 per
647 755 751 836 quas
772 731 912 812 divina
932 730 1124 810 voluutas
1155 725 1391 834 inquiritur.
1421 731 1509 810 Di·

319 865 550 951 cinatorioe
580 865 746 944 tandem
777 874 890 963 sunt,
924 890 1030 971 quae
1065 863 1313 943 adhibentur
1343 862 1397 941 ad
1431 889 1508 945 oc-

318 1003 441 1100 culte,
485 998 548 1078 vel
581 997 719 1078 lutura
759 999 1040 1104 contingentia
1080 995 1384 1102 cognoscenda,
1422 1023 1504 1078 seu

318 1135 564 1216 adhibentur
585 1129 636 1211 ad
657 1134 988 1237 cognoscendum
1011 1131 1176 1238 aliquod
1203 1129 1408 1230 laturum,
1434 1133 1503 1212 vel

315 1269 539 1366 occultum,
564 1265 672 1372 quod
695 1265 935 1344 naturaliter
970 1262 1180 1369 cognosci,
1215 1289 1262 1342 ac
1292 1263 1499 1342 determi-
1623 1288 1629 1305 ·

315 1404 404 1484 nari
436 1401 590 1508 nequit.

373 1538 513 1616 Sortes
544 1533 764 1637 divisoriae
797 1533 896 1612 nihil
929 1532 1026 1614 mali
1059 1532 1355 1631 secumfcrunt,
1381 1531 1499 1612 ideo-

314 1697 394 1776 que
424 1668 485 1747 uti
519 1665 656 1747 licitae
687 1667 934 1772 generaliter
975 1665 1193 1762 habentur,
1228 1675 1267 1744 et
1298 1665 1499 1772 antiquus

314 1809 376 1881 est
406 1825 550 1880 earum
583 1825 702 1878 usus
748 1799 855 1877 Hinc
888 1799 992 1878 inter
1032 1797 1242 1896 haeredeS,
1276 1805 1317 1876 et
1357 1797 1499 1878 socios

312 1931 551 2040 hujusmodi
574 1931 833 2038 sortilegium
856 1941 964 2012 recte
986 1931 1171 2011 adhiberi
1195 1937 1343 2038 potest,
1369 1933 1496 2011 modo

312 2068 448 2148 omnis
479 2093 651 2174 prorsus
682 2066 919 2172 superstitio
951 2066 1104 2166 exulat,
1145 2065 1208 2145 vel
1240 2065 1361 2144 modo
1404 2065 1494 2144 cir-

311 2201 563 2282 cumstantia
600 2200 888 2307 superstitiosa
925 2227 1006 2280 non
1038 2201 1222 2297 accedat,
1261 2226 1336 2280 seu
1366 2201 1495 2280 modo

311 2351 484 2416 eventus
524 2361 605 2414 non
646 2341 885 2440 expectetur
916 2359 940 2412 a
966 2335 1182 2430 daemone,
1221 2334 1291 2413 sed
1324 2333 1392 2411 via
1421 2360 1495 2412 or-

310 2469 471 2551 dinaria
501 2495 527 2547 a
561 2469 663 2548 Deo.
705 2467 802 2546 Dixi
834 2469 1090 2574 generaliter,
1127 2467 1226 2576 quia
1258 2468 1397 2546 electio
1430 2469 1488 2548 ad

308 2603 590 2702 praelaturae,
625 2608 665 2718 et
696 2600 894 2681 beneficia
929 2601 1218 2684 Ecclesiastico
1253 2626 1321 2708 per
1350 2609 1491 2682 sortes

306 2736 395 2816 lieri
427 2735 583 2841 nequit,
618 2759 714 2814 cum
746 2735 888 2816 electio
926 2762 1196 2842 personarum
1229 2735 1491 2817 Ecclesiasti-

307 2893 450 2947 carum
478 2893 560 2947 non
583 2867 703 2948 debet
723 2869 920 2969 sortibuS,
945 2897 1020 2949 seu
1042 2896 1165 2951 caeca
1197 2870 1360 2951 lortuna
1378 2871 1485 2970 lieri,

305 3001 378 3082 sed
420 3027 471 3081 ex
513 3001 689 3094 delectu,
724 3010 764 3082 et
794 3003 917 3108 juxta
956 3003 1155 3110 majorem
1196 3003 1485 3111 capacitatem,

305 3159 427 3214 secus
457 3143 643 3241 vergeret
673 3136 714 3215 in
747 3137 946 3217 damnum
977 3137 1200 3238 Ecclesiae,
1235 3164 1312 3218 ceu
1345 3149 1489 3220 monet

308 3268 412 3378 Cap.
441 3270 530 3376 fin:
563 3271 604 3352 h.
640 3280 669 3353 t.
705 3279 742 3350 et
778 3273 882 3382 Cap.
920 3275 994 3354 42.
1029 3271 1079 3352 dc
1108 3273 1241 3353 Elect.

391 3403 532 3486 Sortes
564 3405 838 3486 comultorioe
869 3405 1112 3512 regulariter
1132 3407 1192 3486 uti
1215 3405 1378 3486 illicitae
1399 3405 1485 3486 ha-

302 3533 459 3615 bendae
480 3541 649 3619 suntad
679 3539 882 3619 monitum
920 3565 1011 3620 oon.
1039 3545 1066 3619 7
1087 3550 1216 3620 sortes
1236 3544 1314 3632 26,
1349 3567 1483 3648 quoc-

299 3667 377 3746 stc‘o
408 3670 453 3748 5.
490 3667 597 3750 Nam
629 3698 701 3779 per
732 3672 823 3753 illas
852 3673 965 3754 Deus
997 3681 1193 3776 tentatur,
1227 3683 1269 3755 et
1296 3675 1480 3781 sortilegi

299 3811 513 3906 exponunt
541 3831 586 3884 se
617 3807 814 3913 periculo,
850 3833 900 3886 ne
931 3807 1018 3888 Deo
1047 3810 1307 3915 permittente
1337 3835 1363 3888 a
1390 3807 1484 3888 dia-

299 3934 392 4015 bolo
423 3937 697 4045 decipiantur.
734 3939 778 4020 Si
809 3948 948 4022 tamen
978 3941 1078 4022 fiant
1109 3967 1161 4022 ex
1192 3941 1371 4044 levitate,
1407 3967 1483 4022 cu·

296 4066 494 4170 riositate,
530 4079 570 4152 et
601 4073 780 4156 vanitate
812 4073 969 4182 absque
999 4074 1083 4155 ullo
1110 4077 1358 4158 commercio
1379 4103 1478 4158 cum

296 4199 511 4302 daemone,
546 4213 586 4285 ct
616 4207 705 4288 sine
735 4208 815 4289 fide
836 4207 954 4316 quasi
978 4209 1129 4320 veritas
1145 4235 1217 4316 per
1239 4211 1376 4292 Deum
1397 4209 1479 4291 hoc

295 4331 417 4412 modo
448 4337 795 4443 manifestaretur,
828 4341 974 4422 saltem
1006 4351 1105 4424 sunt
1133 4353 1303 4452 peccata
1333 4345 1480 4427 venia·
