3356 5118
521 457 620 502 ursan
642 457 672 502 v.
699 475 741 484 -
766 458 904 504 rrruuus
927 458 1040 505 xxxnr.
1302 439 1368 505 333

196 581 357 664 trahere
388 589 537 691 potest,
572 584 830 689 apertiorem,
866 591 905 663 et
935 584 1148 666 clariorem
1170 585 1278 692 juris
1299 587 1367 667 de-

196 715 463 797 cierationem
483 715 648 797 habere.
674 715 838 796 Interim
857 725 1076 824 antequam
1094 744 1143 798 ea
1159 719 1211 798 ab
1232 718 1369 827 aliquo

197 851 240 930 S.
276 849 472 930 Pontifice
503 871 679 950 emanet,
713 849 888 931 liberum
920 850 1088 932 cuilibet
1127 851 1372 958 relinquitur

197 1010 339 1084 unam,
374 993 445 1064 aut
477 983 647 1064 alteram
689 1005 741 1064 ex
781 984 921 1065 relatis
961 984 1226 1092 opinionibus
1267 994 1372 1066 tam·

198 1143 319 1223 quarn
351 1117 671 1225 probabiliorem
701 1118 835 1225 sequi.
861 1117 963 1198 Mihi
987 1127 1122 1199 tamen
1145 1119 1259 1201 salvo
1287 1145 1373 1200 me-

197 1251 285 1334 liori
313 1253 485 1361 judicio,
520 1253 682 1334 videtur
711 1252 931 1335 difficultas
973 1253 1165 1334 facillime
1204 1254 1370 1334 enodari

198 1413 423 1496 posse—per
452 1387 564 1468 illam
596 1389 895 1495 exceptionem,
929 1414 1054 1494 quam
1086 1386 1279 1494 superius
1320 1413 1372 1466 ex

196 1521 332 1602 Gloss.
380 1523 421 1602 in
461 1518 502 1600 d}
539 1548 629 1631 cap.
665 1521 955 1604 decedentibus
987 1521 1027 1600 b.
1064 1531 1092 1602 t.
1137 1519 1384 1620 attulimuS,

196 1655 392 1736 nimirum
425 1654 532 1762 quod
567 1655 719 1736 mentio
751 1657 800 1736 de
834 1657 903 1756 30,
928 1665 967 1738 et
987 1659 1043 1736 40
1075 1654 1195 1738 annis
1226 1655 1267 1734 in
1299 1655 1367 1735 dd.

198 1815 258 1868 cc.
294 1788 348 1870 sit
377 1795 541 1870 tantum
564 1789 743 1870 narratio
755 1791 887 1899 facti,
913 1817 994 1871 uon
1016 1789 1229 1898 dispositio
1247 1790 1369 1897 juris,

199 1922 365 2004 Scilicet
397 1927 437 2004 in
475 1923 580 2034 Cap.
615 1929 643 2003 6
675 1923 909 2032 expositum
941 1924 1018 2004 fuit
1046 1925 1284 2005 Alexandro
1305 1923 1370 2022 ΙΙΙ,

198 2057 428 2138 Monachos
463 2083 535 2163 per
570 2057 738 2163 triginta
779 2085 908 2138 annos
949 2057 1122 2137 solvisse
1163 2057 1369 2140 decimas:

204 2193 245 2270 in
280 2193 383 2302 Cap.
419 2191 489 2288 14,
526 2197 664 2270 autem
695 2191 926 2296 expositum
953 2191 1029 2271 fuit
1049 2186 1285 2270 Innocentio
1306 2190 1370 2291 ΙΙΙ,

198 2324 456 2432 Templarios
487 2349 559 2430 per
590 2323 862 2429 quadraginta
892 2347 1024 2403 annos
1054 2321 1228 2404 solvisse
1265 2321 1373 2404 deci·
1418 2403 1425 2420 ‚

195 2485 300 2539 mas.
327 2457 435 2538 Hinc
455 2456 625 2565 praefati
658 2444 879 2537 Pontifices
909 2458 1223 2565 responderunt,
1258 2457 1293 2536 si
1317 2457 1373 2538 ita

199 2618 264 2673 res
295 2619 340 2672 se
375 2591 541 2690 habeat,
585 2590 729 2671 merito
773 2591 1053 2699 praesumitur
1098 2591 1369 2692 renunciati0,

197 2725 296 2833 quin
329 2731 500 2832 uterque
535 2724 726 2804 Pontifex
767 2727 1048 2832 quaestionem
1091 2725 1374 2833 ingrederetur

196 2862 246 2942 de
278 2869 460 2967 tempore
492 2858 660 2945 definito
692 2858 742 2938 ad
779 2859 979 2970 privilegii
1022 2859 1373 2942 renunciationem

198 2993 556 3103 praesumendam.

289 3129 392 3208 Post
431 3126 534 3207 haec
569 3127 603 3206 si
641 3132 875 3233 quaeratur,
911 3133 1065 3234 quanto
1102 3125 1228 3233 igitur
1264 3135 1373 3224 tem-

205 3287 338 3361 usum,
372 3259 435 3338 rel
472 3287 596 3340 usum
638 3259 917 3340 contrarium?
951 3259 1205 3366 Responderi
1242 3266 1376 3366 potest

204 3421 301 3502 pore
332 3419 437 3502 opus
459 3393 592 3473 estad
616 3393 884 3474 amittendum
907 3391 1168 3500 privilegium
1196 3418 1269 3498 per
1295 3417 1374 3471 non

201 3527 544 3636 distinguendum
586 3536 648 3608 est
681 3526 785 3608 inter
825 3509 874 3606 ea
913 3525 1143 3635 privilegia,
1187 3551 1292 3634 quae
1332 3523 1373 3604 in
1418 3613 1422 3618 ,

199 3662 374 3745 aliorum
407 3689 631 3770 gravamen
663 3663 908 3764 redundant,
932 3669 972 3744 et
992 3690 1055 3762 ea,
1080 3689 1185 3772 quae
1206 3688 1288 3743 uon
1311 3687 1375 3742 re-

198 3799 398 3898 dundant,
423 3796 495 3878 sed
518 3775 558 3876 in
581 3823 696 3878 mera
717 3797 910 3879 facultate
932 3796 1086 3905 aliquid
1108 3796 1255 3904 agendi
1277 3821 1375 3876 con-

199 3931 365 4032 sistunt,
399 3931 458 4012 uti
492 3939 554 4012 est
586 3929 759 4012 facultas
791 3931 949 4014 dicendi
981 3931 1153 4012 missam
1185 3936 1279 4011 ante
1301 3955 1375 4008 au·

204 4089 354 4164 noram,
391 4065 655 4171 dispensandi
689 4065 728 4146 in
756 4063 893 4172 aliquo
915 4064 1208 4173 impedimento
1229 4068 1306 4143 etc.
1331 4062 1375 4142 In

199 4197 408 4306 prioribus
438 4197 645 4279 inducitur
667 4197 850 4305 legitima
870 4198 1135 4307 praescriptio
1159 4200 1212 4280 30
1235 4195 1298 4278 vel
1319 4197 1374 4278 40

205 4358 424 4432 annorum,
468 4331 549 4413 imo
586 4332 707 4439 juxta
747 4333 886 4416 Gloss,
925 4337 967 4416 in
1010 4334 1114 4446 Cap.
1156 4333 1214 4413 15
1255 4329 1297 4414 Ιι.
1342 4336 1370 4412 t.

203 4467 310 4548 cerb.
342 4495 420 4578 per
452 4471 511 4548 40
538 4493 638 4548 nnn.
665 4466 877 4574 privilegia
898 4465 1000 4548 haec
1021 4467 1377 4572 amittunturspa-
