3360 5126
548 411 646 458 nmen
669 413 702 458 v.
728 428 769 441 -
794 411 932 458 nicusus
955 396 1028 456 x'xv.
1308 390 1372 456 301

203 539 299 620 dist.
326 542 402 638 45,
427 592 477 605 -
510 537 565 615 ibi
602 582 654 592 -
684 538 948 648 Episcopum,
972 545 1043 616 aut
1065 538 1370 646 Presbyterum,

205 680 276 754 aut
313 675 546 754 Diaconum
570 675 861 782 percutientem
894 671 1043 779 fideles
1083 671 1369 780 delinquentes,

205 813 276 886 aut
308 803 493 912 infideles
535 807 671 912 inique
711 813 872 914 agentes
902 802 1026 911 dejici·
1056 804 1105 882 ab
1137 805 1273 912 officie
1303 801 1375 883 suo

128 1043 130 1049 ,
200 941 493 1049 praecipimus.
520 938 709 1018 Concinit
738 937 841 1019 Can.
867 940 938 1036 25,
963 937 1057 1019 dist.
1080 939 1149 1037 86,
1174 985 1226 996 -
1248 936 1301 1014 ibi
1323 981 1377 997 -

203 1073 299 1154 Non
331 1073 422 1153 ticet
454 1073 656 1184 Episcopo
688 1073 874 1154 manibus
905 1075 990 1153 sais
1010 1072 1187 1179 aliquem
1209 1069 1376 1150 caedere

208 1206 281 1286 boc
297 1211 403 1288 enim
419 1207 598 1288 alienam
620 1233 645 1285 a
657 1206 878 1288 Sacerdote
894 1233 975 1286 csse
986 1206 1110 1286 debet.
1131 1207 1188 1284 Et
1204 1206 1305 1314 Cap.
1333 1209 1354 1284 t
1364 1267 1373 1300 ,

206 1339 246 1420 h.
293 1348 322 1421 t.
357 1385 410 1395 -
442 1339 495 1420 ibi
527 1341 658 1421 —Si
696 1344 787 1448 quis
829 1345 869 1422 in
911 1339 1049 1448 atiquo
1088 1338 1222 1448 prada
1256 1363 1375 1417 sacro

201 1500 422 1584 percussor
461 1476 659 1574 eatiterit,
694 1476 948 1584 corripiatur
987 1501 1014 1553 a
1055 1475 1239 1574 crimine,
1275 1474 1379 1552 etsi

202 1633 353 1688 senon
392 1607 679 1703 emendaverit,
719 1607 960 1716 deponatur.
1005 1603 1127 1686 Ratio
1168 1613 1245 1705 est,
1279 1603 1377 1712 quia

207 1741 415 1846 percussio
447 1737 649 1848 repugnat
680 1741 905 1821 modestiae
936 1739 1138 1840 Clementi,
1172 1740 1232 1820 uti
1255 1763 1379 1845 supe-

208 1875 293 1955 rius
310 1875 536 1974 innuimuS,
564 1883 604 1956 et
625 1875 866 1954 adversatur
883 1873 1187 1956 mansuetudini
1208 1871 1374 1972 Christi

207 2033 331 2114 quam
362 2008 496 2088 clerici
538 2008 688 2089 imitari
721 2009 881 2088 debent.
927 2009 1034 2088 Hinc
1065 2015 1141 2106 est,
1176 2007 1285 2114 quod
1337 2005 1376 2085 in

209 2145 324 2220 citat.
360 2167 451 2220 can.
487 2143 749 2250 Episcopum,
787 2149 1004 2248 postquam
1041 2140 1251 2247 percussio
1276 2165 1375 2246 pro-

206 2271 337 2352 hibita
370 2272 463 2372 init,
496 2273 634 2352 statim
668 2273 831 2354 additur
862 2318 909 2330 -
946 2273 1055 2363 Quia
1086 2297 1285 2380 nusquam
1306 2298 1378 2352 nos

207 2405 344 2488 docuit
375 2405 449 2486 boc
480 2407 695 2488 Dominus.
730 2408 771 2486 E
802 2407 1010 2486 contrario
1043 2432 1136 2487 acro
1175 2407 1258 2515 ipse
1288 2432 1378 2485 cam
1527 2393 1529 2398 ¹

199 2547 496 2650 percuteretur,
520 2568 599 2620 nen
614 2541 895 2650 percutiebat:
928 2567 1017 2621 cum
1049 2539 1374 2636 malediceretur,

209 2701 292 2753 non
307 2674 600 2755 maledicebat:
624 2683 934 2784 cumpateretur
946 2702 1024 2754 non
1037 2674 1375 2754 comminabatur.

293 2806 590 2888 Verumtamen
622 2807 766 2913 raguta
787 2807 903 2906 haec,
928 2807 1021 2888 licet
1037 2808 1181 2916 perdat
1197 2806 1377 2886 officium

210 2967 333 3022 suum
365 2942 498 3048 quoad
531 2940 711 3022 Clericus
737 2951 1036 3048 praeceptores
1072 2939 1118 3022 et
1140 2941 1374 3045 magistros,

171 3147 175 3158 .
210 3074 360 3180 quibus
393 3075 638 3180 permissum
672 3081 734 3154 est
765 3072 994 3173 inferiores,
1018 3081 1057 3153 et
1091 3073 1170 3152 sibi
1192 3074 1379 3153 subditos

205 3205 327 3285 otiam
359 3205 538 3286 Clericos
570 3207 775 3287 moderate
810 3214 1035 3312 percutere,
1069 3206 1109 3286 id
1128 3211 1264 3286 autem
1277 3203 1376 3312 Epi-

208 3339 464 3447 scopishaud
485 3365 666 3446 unquam
689 3340 794 3420 licet.
814 3339 893 3447 ipsi
918 3339 1026 3418 enim
1050 3338 1225 3446 propriis
1248 3339 1380 3416 mani-

213 3475 292 3554 bus
323 3473 444 3554 etiam
478 3473 741 3554 correctionis
771 3475 904 3580 gratia
935 3472 1139 3552 Clericum
1171 3478 1380 3578 percutere

210 3607 322 3689 haud
354 3616 529 3715 possunt
550 3609 601 3689 ad
623 3609 829 3688 tramitem
861 3607 928 3688 cit.
960 3633 1051 3688 can.
1076 3608 1153 3706 25,
1178 3603 1271 3685 dist.
1299 3607 1375 3686 86.

108 3751 110 3756 '
211 3740 330 3834 Quod
353 3741 453 3821 adeo
483 3767 626 3822 verum
649 3751 724 3841 est,
750 3747 795 3820 ut
816 3741 953 3850 potius
975 3741 1015 3820 id
1036 3739 1290 3822 committere
1312 3739 1382 3818 de-

210 3877 337 3955 beant
358 3875 489 3976 alteri,
524 3884 563 3956 et
594 3877 759 3983 quidem
788 3875 960 3975 Clariae,
994 3900 1075 3955 non
1107 3874 1226 3973 laico,
1261 3897 1382 3952 secus

210 3993 295 4090 tam
319 4008 550 4119 Episcopus
581 4011 856 4110 committens,
882 4035 1005 4118 quam
1038 4008 1168 4088 laicus
1194 4033 1244 4086 ex
1267 4031 1384 4084 man-

216 4145 310 4224 dato
332 4143 564 4251 percutiens
581 4143 713 4225 forent
728 4141 1088 4224 excommunicati.
1104 4143 1164 4220 lta
1179 4141 1282 4254 Can.
1302 4139 1380 4238 25,

88 4379 90 4386 Ι
214 4277 309 4360 dist.
344 4282 419 4375 86,
456 4287 493 4358 a
520 4265 631 4389 Cap.
666 4281 728 4362 24
769 4278 818 4358 de
858 4277 1018 4358 Senten.
1052 4302 1270 4378 cacomm.‚
1303 4273 1381 4354 nisi
