3360 5126
528 422 632 499 'mna
653 455 685 499 v.
711 471 753 482 -
777 454 1006 500 r1rnnusxvr.
1292 433 1358 500 265

178 577 356 678 catione,
390 577 545 659 scilicet
573 587 735 685 practer
766 578 963 659 malitiam
996 579 1171 660 castitati
1194 587 1355 660 contra-

177 712 298 813 riam,
342 711 525 793 continet
564 711 688 792 etiam
729 712 928 794 malitiam
969 711 1210 819 injustitiae.
1248 712 1352 793 Illud
1417 777 1422 784 .

180 872 290 947 vcro,
326 845 435 954 quod
457 844 604 952 virgini
628 845 717 927 sine
741 845 795 946 vi,
820 847 909 926 sine
940 846 1050 949 dolo,
1083 845 1172 926 sine
1195 846 1351 944 fraude,

179 987 219 1060 et
249 979 339 1061 sine
371 979 526 1088 injusto
558 989 689 1081 metu,
721 981 793 1061 sed
824 980 949 1060 libere
989 980 1156 1081 volenti,
1192 985 1232 1060 ct
1261 1005 1357 1060 con-

179 1111 368 1194 sentienti
392 1113 578 1214 infertur,
604 1113 830 1221 probabilis
850 1115 1055 1195 sententia
1075 1121 1139 1196 est
1160 1141 1241 1194 non
1259 1140 1356 1194 con-

179 1246 308 1327 tinere
339 1247 516 1354 speciem
548 1247 704 1354 peccati
735 1275 760 1328 a
789 1247 965 1355 simplici
993 1246 1260 1328 fornicatione
1290 1245 1352 1328 di-

180 1380 387 1479 stinctam,
421 1382 493 1463 sed
514 1381 590 1461 soli
613 1381 787 1463 castitati
811 1382 1036 1480 adversari,
1061 1381 1233 1489 ideoque
1266 1379 1354 1460 uni-

180 1540 274 1595 cum
297 1520 476 1615 tantum,
500 1523 540 1594 et
560 1514 735 1623 simplex
757 1529 971 1622 peccatum
1003 1515 1223 1596 involvere.
1249 1513 1364 1593 Cum·

180 1647 288 1729 enim
311 1656 520 1755 stuprum,
544 1647 630 1728 sive
653 1647 866 1729 fornicatio
883 1675 978 1730 cum
996 1648 1153 1756 virgine
1175 1645 1352 1728 naturali

179 1781 301 1860 modo
332 1781 578 1862 concubitus
608 1781 695 1882 fiet,
729 1781 1127 1890 praeterquamquod
1151 1788 1269 1860 extra
1299 1778 1357 1859 le-

181 1913 369 2021 gitimum
412 1916 739 2018 matrimonium,
779 1944 859 1998 non
901 1925 1035 2025 potest
1066 1916 1217 1997 habere
1252 1915 1359 1995 intra

181 2075 313 2154 genus
344 2048 698 2156 intemperantiae,
724 2059 763 2131 et
787 2051 979 2131 luxuriae
1012 2051 1135 2130 aliam
1167 2047 1359 2129 deformi-

180 2180 278 2266 tatis¹
308 2181 503 2288 speciem,
529 2209 654 2289 quam
677 2209 783 2281 earn,
817 2209 922 2288 quae
952 2193 1014 2262 est
1045 2179 1246 2288 simplicis
1278 2180 1360 2260 for·

181 2312 414 2396 nicationis.
429 2317 489 2396 Ita
501 2315 687 2424 Leyrnau
700 2315 769 2396 tib.
784 2317 854 2395 III
863 2315 913 2396 dc
928 2316 1105 2398 Justr'tio
1123 2317 1261 2395 Tract.
1276 2315 1354 2395 III.

104 2549 107 2554 Δ
173 2474 294 2560 pars.
328 2449 408 2530 III.
448 2449 551 2560 Cap.
586 2449 707 2530 XIII.

237 2581 450 2682 DiximuS,
495 2607 612 2682 eum,
656 2583 725 2690 qui
762 2590 954 2689 stuprum
988 2581 1153 2689 virgini,
1189 2580 1355 2662 alterive

181 2715 341 2822 puellae
374 2715 560 2822 pervim
591 2715 714 2796 infert
744 2733 905 2824 praeter
935 2724 1151 2824 peccatum
1179 2714 1358 2796 deflora-

181 2847 320 2948 tionis
350 2847 514 2929 laedere
536 2849 659 2929 etiam
677 2848 881 2955 justitiam
904 2850 957 2930 ob
979 2849 1172 2958 injuriam
1204 2847 1358 2929 illatam

181 2981 377 3063 honestae
408 2981 585 3089 puellae,
611 3007 716 3090 quae
732 2981 938 3089 jacturam
960 3009 1085 3090 passa
1106 2990 1168 3063 cst
1194 2981 1361 3062 honoris
1496 2989 1499 2997 '

182 3115 263 3214 sui,
289 3123 329 3196 et
349 3141 466 3222 spem
499 3115 638 3197 forsan
670 3115 812 3197 amisit
852 3114 1091 3223 nuptiarum
1123 3143 1225 3197 suae
1256 3141 1359 3196 con·

182 3247 322 3329 ditioni
365 3250 712 3332 convenientium.
755 3249 892 3344 Quare
929 3249 1081 3356 injuria
1122 3251 1202 3331 ista
1242 3275 1361 3357 repa-

182 3381 312 3464 randa
343 3389 420 3482 est,
456 3390 495 3463 et
516 3410 637 3464 omne
658 3385 871 3483 damnum,
897 3382 1006 3492 quod
1029 3382 1121 3463 inde
1152 3381 1354 3490 provenit,

183 3522 245 3596 est
276 3517 593 3598 restituendum.
618 3518 810 3624 idemque
841 3515 928 3624 pari
960 3515 1118 3596 ratione
1139 3513 1356 3596 dicendum

183 3655 257 3750 est,
292 3648 327 3728 si
365 3648 537 3731 honesta
576 3650 715 3758 puella
755 3677 827 3758 per
857 3650 1044 3731 fraudem
1080 3649 1249 3731 inducta
1279 3647 1360 3729 fuit

182 3809 223 3864 v.
258 3809 299 3889 g.
336 3781 452 3864 falsis
472 3783 851 3891 pollicitationibus
886 3783 948 3866 vel
980 3810 1052 3892 per
1077 3808 1249 3893 precum
1286 3781 1363 3862 im·

182 3915 490 4020 portunitatem,
517 3916 747 4024 conjunctis
767 3916 907 4016 miniS,
926 3943 1001 3998 nec
1022 3944 1102 3997 non
1124 3917 1159 3996 si
1182 3942 1254 4024 per
1273 3939 1361 3996 me-

183 4055 271 4128 tum
305 4048 456 4156 injuste
487 4049 702 4135 incussum
734 4051 880 4134 allecta
910 4049 1051 4132 fuerit.

241 4181 305 4262 Ex
341 4186 446 4295 Cap.
484 4188 547 4268 1.⁰
576 4193 613 4267 et
642 4189 708 4271 2?
737 4184 779 4265 h.
811 4192 840 4266 t.
876 4182 1080 4292 reparatio
1111 4179 1285 4290 injuriae
1316 4187 1355 4261 et

184 4317 464 4425 compensatio
486 4319 734 4401 damnorum
756 4317 812 4399 ita
833 4317 1020 4400 facienda
1045 4315 1353 4426 praescribitur,

182 4447 336 4533 scilicet
367 4459 577 4562 stuprator
597 4452 777 4562 puellam
801 4451 995 4534 violatam
1021 4451 1172 4533 ducere
1194 4449 1234 4530 in
1255 4473 1361 4530 uxo·
