3360 5126
552 338 653 384 113113
676 337 709 382 v.
732 352 776 364 -
800 337 942 384 mannus
964 337 1081 382 xxvm.
1331 317 1397 382 311

213 465 516 573 cujuscumque
548 462 665 566 (nem
697 459 912 568 dispositio
953 463 1058 572 Cup.
1091 463 1175 567 fin.
1202 461 1245 542 a.
1270 467 1299 540 t.
1326 461 1397 541 ubi

213 597 435 706 suspensio
457 597 538 678 ista
558 595 770 696 statuitur,
790 594 977 703 poenalis
998 601 1075 695 est,
1101 603 1398 702 consequenter

183 722 267 812 'ad
299 731 475 811 Ordines
507 755 589 810 non
619 753 838 836 expressos
880 727 993 808 haud
1023 725 1291 834 porrigenda)
1324 727 1397 808 sed

212 866 268 944 ab
300 863 495 946 exercitio
518 861 684 944 Ordinis
701 861 903 970 proxime,
928 887 1004 941 scu
1027 859 1173 942 ultimo
1196 861 1395 966 suscepti,

216 1001 260 1081 in
281 1024 363 1106 quo
388 1005 540 1079 temere
559 997 794 1078 ministrare
812 995 1092 1105 praesumpsit
1117 995 1222 1106 Cup.
1247 993 1342 1079 ah.
1363 1003 1393 1076 t.

215 1136 278 1214 3st
298 1132 601 1239 Irregularitas‚
635 1157 741 1238 quae
763 1139 825 1212 est
845 1130 1047 1238 partialis,
1084 1130 1189 1210 idest
1220 1157 1302 1210 non
1323 1154 1398 1237 po-

212 1274 294 1348 test
309 1265 541 1374 promoveri
559 1265 611 1346 ad
632 1264 798 1346 ordines
815 1264 1050 1372 superiores
1086 1265 1192 1375 Cap.
1227 1269 1251 1344 1
1271 1263 1314 1346 h
1338 1271 1367 1343 t.
1378 1294 1394 1360 ;

212 1401 322 1480 atsi
355 1401 528 1480 durante
568 1400 842 1508 suspensione
874 1399 1070 1498 biennali,
1107 1399 1172 1480 vel
1208 1397 1397 1478 triennali

211 1535 445 1616 exercuerit
486 1543 604 1615 actus
635 1534 807 1635 ordinis,
857 1561 883 1614 a
927 1561 1009 1641 quo
1038 1558 1270 1642 suspensus
1300 1530 1391 1629 fuit,

212 1675 313 1746 tunc
344 1666 537 1768 totaliter,
572 1694 620 1748 ao
661 1665 780 1774 plene
816 1664 1056 1773 irregularis
1087 1665 1246 1746 evadet.
1282 1664 1398 1744 Haeo

212 1808 354 1882 autern
371 1799 670 1908 irregularitas
686 1808 733 1882 ut
745 1801 982 1882 incurratur
994 1799 1234 1908 requiritur,
1250 1803 1296 1877 ut
1307 1795 1398 1877 Cle·

213 1933 326 2014 ricus
357 1935 466 2035 dolo,
500 1933 655 2016 scilicet
685 1934 794 2014 serio
824 1935 1018 2036 scienter,
1043 1941 1083 2013 et
1104 1941 1257 2013 temere
1279 1957 1399 2011 exer-

213 2073 310 2147 ceat
330 2067 531 2164 ordinem,
558 2093 639 2172 quo
662 2093 742 2146 non
770 2074 831 2146 est
862 2065 1099 2170 insignitus
1130 2066 1211 2144 Cit.
1242 2065 1344 2173 Cap.
1369 2067 1394 2142 1

214 2197 257 2280 h.
293 2205 322 2279 t.
346 2244 415 2294 ‚-
444 2199 580 2279 ibi-
605 2199 788 2308 Propter
818 2201 1101 2280 temeritatem.

302 2333 479 2414 Easdem
511 2358 609 2412 vero
639 2357 794 2440 poenas
816 2331 1043 2432 innovavit,
1068 2340 1108 2412 et
1129 2331 1302 2438 insuper
1321 2355 1397 2410 no-

214 2493 289 2549 ves
310 2465 455 2548 statuit
475 2473 569 2574 post
589 2466 834 2572 Gregorium
857 2466 966 2566 XIII,
986 2474 1025 2547 et
1046 2467 1211 2547 Sixtum
1230 2464 1286 2566 V,
1305 2464 1397 2546 Cle·
1478 2461 1480 2464 ’

214 2627 332 2682 mens
373 2601 464 2682 VIII
503 2601 676 2682 Constit.
720 2599 846 2708 Inoip.
891 2602 989 2681 Etsi
1029 2601 1152 2692 ottus,
1186 2606 1226 2680 et
1262 2598 1397 2680 Urba-

215 2761 297 2814 nus
327 2735 416 2813 VIII
453 2735 625 2814 Consttt.
661 2735 785 2840 inoip.
810 2735 1095 2844 Apostototus,
1116 2733 1186 2842 qui
1218 2732 1397 2814 decrevit
1525 2775 1528 2783 Δ

214 2867 359 2976 poenis
391 2895 416 2949 a
446 2867 655 2948 Clemente
686 2865 852 2948 statutis
894 2867 1059 2974 procedi
1101 2895 1222 2975 posse
1254 2875 1398 2949 contra

212 3027 361 3082 omnes
390 3009 703 3107 praesumentes
733 2999 889 3080 Missas
920 3001 1144 3100 celebrare,
1179 3008 1219 3080 ct
1258 3025 1398 3080 sacra-

215 3135 418 3213 mentales
460 3133 739 3215 contessiones
780 3133 939 3232 audire,
983 3134 1208 3214 dummodo
1244 3131 1398 3238 vigesi-

214 3291 333 3346 mum
364 3265 511 3347 aetatis
541 3292 698 3346 annum
735 3265 1042 3372 compleverint.
1084 3325 1085 3330 ,

303 3399 467 3494 Quibus
511 3399 706 3481 omnibus
754 3399 929 3482 accessit
974 3398 1225 3480 Benedictus
1266 3388 1393 3497 XIV,

214 3534 287 3642 qui
320 3535 361 3614 in
391 3562 470 3614 sua
505 3536 678 3617 Constit.
713 3534 839 3642 incip.
874 3531 1078 3616 Sacerdos
1110 3537 1151 3615 in
1187 3541 1398 3613 aeternum

214 3666 296 3748 diei
337 3669 405 3756 20,
433 3659 595 3776 Aprilis
636 3669 749 3750 1744
789 3667 946 3776 poenas
988 3667 1153 3748 easdem
1185 3665 1416 3748 renovavit-

213 3811 361 3882 oontra
399 3802 580 3883 Clericos
625 3823 706 3882 non
754 3801 1025 3909 Presbyteros
1072 3799 1247 3882 Missam
1293 3799 1399 3880 cele-

216 3933 398 4036 brantes,
432 3943 472 4017 et
502 3935 823 4018 sacramentales
853 3934 1133 4016 confessiones
1164 3933 1396 4031 audientes,

213 4067 370 4150 seilicet
401 4077 447 4150 ul
482 4069 557 4150 rite
579 4071 860 4176 degradentur
881 4069 934 4149 ab
956 4067 1172 4149 ordinibus
1192 4067 1399 4149 Ecclesia-

213 4203 349 4306 sticiS,
373 4203 597 4313 statimque
629 4206 846 4287 tradantur
868 4205 1017 4285 Curiae
1039 4203 1241 4285 saeculari
1263 4201 1397 4285 debite

214 4337 466 4442 puniendoS,
501 4339 600 4446 quin
633 4337 694 4420 cis
725 4339 978 4446 suffragetur
1004 4337 1266 4446 privilegium
1287 4343 1400 4418 aeta-
