1031 1440
307 178 339 194 254
450 182 484 194 ΡΜ
487 181 597 194 ΕιΕοτιοΝΕε
608 181 655 194 smus
667 181 753 194 emotum

309 221 354 241 cap,
368 214 380 233 2
391 215 409 233 et
420 213 433 232 6
444 213 464 233 h.
478 215 502 238 t.‚
517 215 537 233 et
551 219 577 233 ex
593 212 681 239 allegato
697 215 827 239 argumento,
838 213 886 240 quod

308 247 355 268 talis
371 246 491 273 impotentia
506 246 598 273 impedit,
611 245 723 273 quominus
738 245 770 265 vir
785 248 804 266 et
819 245 887 266 mulier

307 281 358 301 fiant
373 286 415 301 una
430 281 519 305 carm-et
529 286 554 300 ex
568 279 704 307 perpetuitate
717 279 777 300 istius
794 279 887 307 impoten-

308 314 356 339 tiae,
366 313 421 340 quod
432 313 452 333 id
461 319 575 340 numquam
584 313 648 340 possit
657 312 764 333 verificari.
774 312 887 333 Indifl‘erens

307 350 377 368 autem
394 349 432 372 est,
444 347 498 373 quod
514 346 561 367 talis
577 346 698 373 impotentia
712 346 740 366 sit
755 346 851 366 absoluta
861 345 886 365 vel

307 381 401 405 relativa3
422 387 471 400 nam
491 380 529 400 etsi
550 382 629 400 tantum
650 379 736 400 relativa
755 380 789 405 sit,
812 386 887 406 semper

308 417 377 434 tamen
393 415 500 440 arguetur,
517 414 571 440 quod
587 413 625 433 hoe
640 413 796 433 matrimonium
807 420 833 433 ex
844 412 887 432 vitio

307 447 436 474 permanenti
447 453 582 473 personarum
593 448 681 473 nequeat
690 446 838 466 consummari.
849 446 888 466 Dis-

308 480 394 501 serentia
409 479 460 500 haee
475 482 555 500 tantum
566 482 604 505 est,
616 480 670 507 quod
681 479 699 500 si
713 479 834 507 impotentia
845 479 887 499 talis

309 515 402 540 respectu
414 513 476 533 unius
486 513 550 540 partis
561 515 592 533 est
602 513 704 537 absoluta,
717 512 768 533 haec
778 519 826 533 eum
836 513 888 533 nulla

308 547 349 567 alia
364 553 453 574 persona
463 546 537 573 poterit
552 546 671 567 contrahere
682 546 845 571 matrimonium,
857 546 889 566 ob»

308 583 375 601 stante
386 587 467 607 semper
475 580 510 600 tali
520 580 664 607 impedimento
673 580 787 600 dirimente.
797 580 815 600 E
822 582 889 600 eontra

308 614 325 634 si
343 613 463 641 impotentia
483 613 601 640 hujusmodi
622 616 654 634 est
669 614 755 634 relativa
774 613 889 640 simpliciter

309 647 378 667 obstat
386 647 484 667 validitati
493 648 607 674 praesentis
615 647 713 674 conjugii,
722 647 758 667 sed
767 647 841 674 poterit
849 646 888 667 dari

309 676 413 701 eum'alia
427 687 516 707 persona
531 687 603 701 verum
618 681 745 708 conjuqum,
758 681 775 701 si
789 681 852 701 relate
867 680 889 700 ad

308 721 354 735 eam
370 721 411 735 non
424 714 491 735 obstet
502 714 628 742 impotentia.
641 714 663 735 Id
674 714 791 735 verificatur
802 714 822 734 in
834 721 889 738 casuy

308 754 349 774 quo
365 748 485 775 impotentia
501 748 620 775 praesertim
636 748 737 768 habeatur
752 754 777 768 ex
794 754 836 767 non
851 754 890 767 ser-

310 784 357 801 vata
370 782 499 808 proportione
515 781 655 801 membrorum
670 781 798 808 genitalium.
811 781 843 801 Ex
854 786 891 807 quo

309 815 388 835 eruitur
403 815 546 835 eunuchorum
567 817 654 842 utroque
674 817 725 835 teste
744 815 859 837 carentium
874 815 891 833 ct

309 848 425 875 spadonum
441 848 595 868 matrimonium
611 855 656 868 esse
672 848 794 873 invalidum,
806 848 856 875 quia
868 854 889 867 ex

310 882 390 901 interno
401 881 450 901 vitio
461 881 492 901 vel
503 888 551 901 eum
568 881 656 901 foemina
671 888 712 901 non
727 883 815 908 possunt
831 881 891 905 coire,

309 917 345 935 aut
360 914 377 935 si
394 917 466 935 coeant
481 914 556 942 copula
571 921 611 935 non
622 917 653 935 est
666 917 714 942 apta
724 915 749 935 de
760 921 782 935 se
793 915 819 935 ad
830 915 891 942 prolis

308 948 468 974 generationem.
479 948 501 968 Si
510 953 579 968 autem
587 950 699 975 quaeratur
707 955 747 975 quo
755 948 802 975 jure
811 949 832 969 in
843 955 892 969 casu

309 981 417 1001 dirimatur
428 981 590 1006 matrimonium,
603 988 641 1001 nos
652 984 723 1002 contra
732 982 842 1002 nonnullos
854 982 893 1002 Do-

308 1016 375 1034 ctores
395 1021 443 1035 eum
463 1015 568 1035 communi
589 1015 746 1035 Canonistarum
767 1018 788 1036 et
807 1015 895 1036 Theolo-

308 1054 382 1074 gorum
398 1048 500 1068 sententia
515 1051 609 1069 tenemus
620 1048 658 1069 hoc
668 1055 714 1069 esse
725 1049 895 1076 impedimentum

307 1081 359 1107 juris
376 1083 469 1105 naturae,
487 1083 510 1102 ut
525 1081 614 1102 declarat
630 1082 702 1102 Sixtus
713 1082 733 1101 V
743 1082 764 1102 in
774 1082 859 1103 Litteris
875 1082 895 1102 iu

309 1114 375 1135 forma
385 1114 458 1135 Brevis
469 1115 570 1142 Episcopo
582 1115 704 1136 Novariensi
715 1116 847 1143 Apostolioae
858 1116 897 1136 Se-

309 1148 341 1168 dis
362 1148 382 1168 iu
403 1147 481 1175 Regnis
501 1148 648 1175 Hispaniarum
668 1149 745 1176 Legato
762 1158 772 1169 ‹
784 1150 834 1170 eum
846 1150 897 1177 sm*-

308 1183 391 1208 quanter
402 1189 410 1200 »
427 1182 463 1201 sub
474 1181 507 1202 die
518 1182 545 1202 27
556 1182 616 1202 Junii
629 1182 683 1202 1587
694 1189 730 1210 per
741 1183 810 1204 verba:
830 1192 838 1202 ‹
851 1183 898 1203 Nos
