3178 5134
473 2010 710 2094 TITULUS
739 2009 812 2091 ΧΙ.

351 2277 415 2357 De
444 2278 679 2387 cognatione
707 2278 934 2388 spirituali.

180 2676 236 2755 l.⁰
266 2673 411 2783 Incipit
440 2675 482 2756 in
512 2675 589 2757 hoc
618 2675 737 2757 titulo
767 2682 968 2758 tractatus
1008 2676 1059 2758 de
1098 2675 1228 2785 impe-

75 2803 240 2888 dimento
272 2807 545 2915 cognationis,
579 2811 687 2919 quod
717 2809 863 2918 triplex
898 2820 961 2892 est
998 2835 1145 2919 nempe
1175 2836 1228 2890 ex

77 2940 304 3045 cognatione
334 2941 552 3051 spirituali,
576 2942 698 3050 legali
719 2949 759 3024 et
779 2943 972 3025 naturali.
998 2943 1088 3026 Hoc
1107 2941 1227 3024 titulo

76 3071 198 3178 agitur
226 3076 276 3157 de
307 3077 549 3183 cognatione
579 3075 797 3185 spirituali,
831 3077 908 3159 etsi
947 3076 1050 3158 haec
1075 3102 1227 3183 cogna-

75 3202 183 3288 tionis
211 3208 370 3317 species
399 3209 544 3291 ultimo
575 3209 697 3291 fucrit
726 3210 936 3317 recognita
961 3216 1054 3318 post
1074 3235 1226 3316 cogna-
1280 3223 1281 3228 '

75 3336 212 3422 tionem
232 3341 460 3424 naturalem
482 3349 522 3423 ct
542 3341 730 3449 legalem.
754 3341 958 3424 Definitur
977 3367 1099 3450 porro
1115 3341 1225 3450 quod

75 3471 131 3552 sit:
168 3475 487 3584 ‹propinquitas
517 3475 720 3584 quaedam
751 3501 1019 3584 personarum
1050 3501 1102 3556 ex
1141 3473 1225 3556 col-

76 3602 210 3689 latione
239 3609 304 3690 val
321 3609 584 3718 susceptione
605 3609 798 3718 baptismi
820 3609 884 3691 vel
903 3609 1226 3692 confirmationis

77 3739 266 3824 resultans
296 3751 338 3826 et
360 3742 454 3850 jure
485 3743 762 3826 ecclesiastico
792 3743 988 3826 dirimens
1013 3743 1227 3826 matrimo-

78 3870 182 3956 nium
214 3877 596 3961 contrahendum.›
640 3879 816 3973 Quando
857 3879 980 3961 fuerit
1017 3879 1118 3962 haec
1158 3905 1222 3960 co-

77 4007 203 4109 gnatio
230 4011 459 4121 spiritualis
498 4013 666 4095 inducta
703 4041 786 4096 non
827 4022 889 4095 est
928 4013 1226 4122 dispiciendum

77 4161 121 4214 cx
151 4139 259 4225 falsis
288 4144 562 4229 decretalibus
592 4147 735 4228 Isidori
766 4145 1023 4246 MercatoriS,
1062 4145 1135 4228 sed
1165 4173 1230 4227 re·

11 4363 13 4396 ἦ
76 4269 271 4360 tinendum
309 4287 372 4362 est
411 4305 502 4362 eam
542 4281 743 4389 incepisse
783 4308 835 4362 ex
875 4281 963 4390 lege
1003 4279 1225 4362 iustiniani

11 4421 13 4542 j
74 4403 319 4514 Imperatoris
350 4414 424 4524 top.
460 4417 513 4495 26
545 4415 674 4496 codic.
698 4414 747 4496 tte
766 4415 918 4526 nuptiis
940 4440 1031 4496 eam
1053 4413 1107 4496 ob
1126 4439 1225 4495 cau·
