3356 5118
1451 571 1507 616 eu.
1629 584 1630 589 ¹

200 682 202 694 ¹
339 670 489 738 Tmunus
513 673 636 741 XVIII.
725 675 774 742 De
798 675 895 742 furtis
946 723 1402 744 .........
1449 681 1517 745 276
1630 676 1631 758 ᾖ

408 805 426 841 »
511 781 599 848 XIX.
723 781 773 848 De
796 783 903 849 usuris
944 831 1398 853 .........
1445 788 1517 852 281
1621 836 1624 841 ·

405 914 424 950 ›
509 888 581 954 XX.
722 889 772 956 De
795 890 937 958 Crimine
961 890 1037 957 falsi
1055 938 1396 958 .......
1443 895 1510 960 289
1631 925 1632 978 3

508 997 598 1063 XXI.
630 1018 633 1023 ’
719 997 769 1065 De
793 999 971 1086 sortilegiis
995 1047 1395 1067 ........
1443 1003 1514 1067 293
1631 1011 1632 1014 ’

405 1023 424 1059 >

405 1130 423 1166 »
509 1104 616 1172 XXII.
719 1106 769 1173 De
792 1107 971 1175 collusione
995 1108 1179 1194 detegenda
1224 1155 1232 1174 .
1281 1154 1289 1172 .
1337 1156 1344 1171 .
1392 1157 1400 1173 .
1446 1111 1514 1174 295

405 1237 423 1273 »
508 1210 632 1278 XXIII.
722 1212 772 1279 De
795 1213 922 1281 delictis
946 1237 1122 1300 puerorum
1167 1262 1398 1283 .....
1445 1217 1512 1282 297

407 1345 426 1381 ›
510 1318 630 1386 XXIV.
720 1320 771 1387 De
795 1321 920 1390 clerico
944 1327 1100 1390 venatore
1111 1370 1400 1388 ......
1446 1325 1515 1389 299
1633 1409 1634 1415 ἵ

408 1452 426 1488 ›
511 1426 614 1494 XXV.
723 1426 773 1495 De
797 1428 922 1496 Olerico
947 1451 1136 1516 percussore
1169 1477 1400 1496 .....
1447 1433 1517 1497 300

408 1562 426 1597 ›
510 1535 630 1602 XXVI.
722 1535 771 1602 De
796 1536 964 1604 Maledicis
1003 1584 1401 1604 ........
1449 1539 1519 1605 302

409 1669 427 1705 s
511 1643 647 1710 XXVII.
724 1643 773 1710 De
790 1643 915 1712 clerico
931 1645 1221 1725 excommunicato,
1239 1644 1399 1730 deposito,

490 1740 491 1744 ¹
813 1752 866 1819 vel
888 1753 1062 1819 interdicto
1082 1751 1289 1819 ministrante
1336 1799 1344 1817 .
1392 1799 1400 1818 .
1447 1753 1518 1820 304

512 1861 666 1927 XXVIII.
724 1860 774 1928 De
790 1861 915 1928 Olerico
928 1882 995 1927 non
1011 1862 1162 1928 ordinato
1178 1860 1384 1927 ministrante
1446 1864 1519 1931 310

510 1969 628 2036 XXIX.
724 1969 774 2035 De
798 1968 923 2035 Clerico
947 1992 1005 2054 per
1029 1969 1150 2035 saltum
1174 1973 1326 2054 promoto
1392 2016 1400 2034 .
1447 1970 1518 2037 314

512 2077 613 2143 XXX.
726 2077 775 2143 De
792 2099 841 2156 eo,
860 2076 915 2161 qui
930 2076 1052 2143 furtiva
1077 2075 1224 2143 ordinem
1248 2077 1391 2162 suscepit
1448 2078 1519 2144 317

512 2185 630 2252 XXXI.
725 2185 775 2251 De
799 2185 982 2251 excessibus
1010 2184 1248 2266 Praelatorum‚
1273 2189 1308 2252 et
1330 2184 1405 2252 sub-

813 2292 956 2359 ditorum
1002 2339 1402 2360 ........
1450 2295 1520 2362 320

512 2401 647 2467 XXXII.
723 2399 773 2467 De
798 2399 875 2467 novi
899 2400 1007 2486 operis
1031 2400 1240 2466 nunciationa
1281 2449 1288 2465 .
1336 2450 1344 2465 .
1392 2451 1400 2467 .
1449 2405 1517 2470 323

513 2509 665 2578 XXXIII.
726 2509 776 2576 De
799 2509 983 2597 privilegiis
1006 2513 1040 2574 et
1063 2508 1246 2575 excessibus
1269 2509 1401 2595 privile·

815 2616 981 2703 giatorum
1003 2662 1401 2683 ........
1448 2617 1516 2684 324

411 2751 431 2896 ἰ
513 2725 662 2899 {givv'
723 2779 773 2845 De
795 2777 991 2865 purgatione
1015 2777 1187 2859 Canopica,
1206 2784 1241 2844 et
1263 2778 1393 2866 vulgari
1450 2780 1516 2847 335

410 2967 428 3003 ›
512 2939 662 3007 XXXVI.
723 2939 773 3006 De
796 2938 934 3025 injuriis¹
955 2944 992 3006 et
1015 2939 1134 3005 damno
1159 2939 1238 3006 dato
1281 2988 1291 3012 ,
1338 2988 1346 3007 .
1395 2987 1404 3008 .
1449 2940 1514 3006 338

410 3074 427 3110 ›
513 3045 678 3115 XXXVII.
724 3048 773 3114 De
797 3048 912 3132 poenis
947 3093 1403 3114 .........
1451 3044 1518 3113 344

410 3182 428 3217 >
513 3153 700 3222 XXXVIII.
723 3155 772 3221 De
796 3154 1008 3242 poenitentiis
1031 3159 1066 3220 et
1089 3153 1346 3220 remissionibus.
1395 3202 1403 3219 .
1452 3154 1518 3220 354

411 3290 430 3326 ›
515 3263 662 3331 XXXIX.
723 3262 772 3330 De
785 3263 949 3330 sententia
962 3261 1318 3344 excommunicationis,
1336 3284 1406 3330 sus·

82 3411 90 3450 5
105 3387 172 3466 ιζ’·
203 3459 205 3463 ,
816 3370 991 3457 pensionis,
1017 3376 1051 3438 et
1072 3369 1241 3438 interdicti
1285 3418 1294 3438 .
1341 3418 1350 3439 .
1397 3418 1405 3437 .
1451 3371 1516 3436 359

92 3492 144 3581 3
345 3478 531 3546 Aaronom
560 3525 1404 3546 ................
1449 3477 1513 3542 389

82 3585 113 3627 “5
134 3578 138 3589 ’
345 3586 515 3654 Moumurr
538 3608 674 3655 ramur
727 3632 1404 3658 .............
1450 3584 1514 3650 403

422 3720 440 3756 »
541 3715 724 3762 anonunnu
784 3741 1404 3766 ............
1450 3692 1515 3759 404
