3264 5146
548 474 655 526 uranu
677 473 722 522 rr.
749 491 767 504 -
790 473 929 524 uranus
952 475 972 522 r.
1306 460 1343 521 21

176 605 514 684 Consummatum
535 602 703 682 demum
732 602 840 708 quod
871 601 1023 681 carnali
1055 602 1203 708 copula
1229 629 1344 682 acee-

173 739 300 818 dente
342 743 403 817 est
441 735 703 844 completum.
737 733 889 814 Iterum
932 735 1240 815 matrimonium
1281 745 1344 815 est

174 898 334 970 aerum,
356 871 603 980 putativum,
626 876 666 948 et
679 875 1003 978 praesumptum.
1033 871 1184 950 Verum
1206 869 1344 977 appel-

172 1007 300 1102 latur,
336 1003 456 1110 eujus
486 1001 739 1084 conditiones
774 1029 919 1082 omnes
957 1001 1155 1109 objectiva
1185 1004 1346 1083 subsis-

173 1145 284 1218 tunt.
310 1137 551 1218 Putatiuum
582 1135 833 1236 nominatur,
863 1137 970 1244 quod
1002 1163 1127 1243 penes
1158 1163 1346 1220 eommu-

175 1271 350 1350 nitatem
380 1277 420 1349 et
456 1269 757 1370 contrahentes
802 1278 874 1350 aut
913 1269 1058 1350 saltem
1100 1271 1343 1351 alterutrum

174 1405 354 1484 istorum
384 1428 520 1483 errore
551 1401 752 1510 probabili
782 1401 958 1482 habetur
984 1411 1030 1483 ut
1051 1403 1247 1503 validum,'
1272 1406 1344 1486 sed

173 1563 229 1618 ex
260 1537 410 1617 latente
442 1535 733 1644 impedimento
763 1535 977 1616 dirimente
1010 1545 1071 1617 est
1096 1537 1341 1638 invalidum;

175 1670 229 1749 de
260 1695 338 1774 quo
370 1678 515 1776 agetur
544 1669 586 1750 in
617 1671 680 1752 tit.
715 1669 848 1750 XVII
871 1668 996 1776 hujus
1026 1669 1135 1748 libri.
1165 1669 1343 1784 Demum

174 1811 481 1914 praesumptam
491 1803 799 1884 matrimonium
812 1803 975 1903 dieitur,
991 1830 1085 1883 cum
1102 1803 1206 1884 iuter
1221 1828 1345 1909 spon·

176 1964 249 2017 sos
279 1937 328 2017 de
360 1937 498 2017 tuturo
529 1937 677 2045 copula
706 1937 836 2016 libera
866 1937 1078 2018 intercedit
1098 1963 1150 2016 ex
1171 1963 1261 2046 rap.
1290 1939 1343 2017 30

174 2071 217 2151 h.
245 2079 295 2171 t.,
320 2071 369 2150 de
400 2097 481 2178 quo
513 2071 569 2150 ibi
601 2071 764 2173 dieitur,
798 2073 907 2180 quod
937 2073 1012 2152 etsi
1034 2078 1343 2183 praesumptam

174 2206 486 2286 matrimonium
508 2205 709 2306 uideatur,
729 2214 872 2286 eontra
886 2210 1258 2317 praesumptionem
1280 2213 1343 2284 tu-

174 2349 268 2420 men
299 2338 532 2445 hujusmodi
562 2367 641 2420 uou
671 2349 727 2420 est
750 2343 959 2451 probarum
983 2347 1103 2448 atque
1133 2340 1227 2420 hino
1248 2339 1341 2420 talis

173 2473 458 2582 praesumptio
489 2482 551 2553 est
568 2473 684 2578 juris
715 2481 751 2552 et
781 2473 962 2579 dejure.
998 2473 1116 2553 Ciroa
1145 2473 1223 2552 hoe
1253 2499 1341 2553 ma-

173 2606 419 2687 trimonium
438 2615 741 2717 praesumptum
757 2607 971 2715 sequentia
990 2617 1089 2688 sunt
1108 2607 1302 2688 notanda.
1322 2652 1341 2664 -

174 2752 225 2838 (a)
260 2741 316 2823 Ut
346 2767 396 2821 ex
420 2743 487 2820 eit.
514 2767 604 2850 erm.
632 2743 685 2821 30
707 2739 747 2820 b.
774 2747 802 2820 t.
839 2739 1000 2821 dicatur
1030 2740 1339 2821 matrimonium

167 2881 479 2988 praesumptum
510 2873 720 2980 sponsalia
749 2874 979 2954 debuerunt
1009 2901 1099 2955 esse
1121 2874 1276 2974 aalide,
1301 2881 1342 2953 et

174 3007 327 3116 copula
355 3007 531 3088 earnalis
555 3007 760 3116 perfectam
777 3008 960 3117 primum
981 3009 1145 3116 quidem
1168 3036 1219 3088 ex
1245 3009 1355 3116 hoo„

174 3141 288 3252 quod
305 3141 445 3221 Canon
466 3140 638 3222 retineat
658 3165 905 3222 eonsensum
928 3141 976 3222 de
998 3143 1135 3223 futuro
1153 3143 1195 3221 in
1215 3169 1341 3249 spon-

173 3277 237 3357 sis
267 3300 434 3354 versum
474 3299 564 3354 esse
596 3274 637 3353 in
672 3299 918 3355 consensum
959 3276 1008 3357 de
1048 3275 1267 3382 praesenti,
1302 3285 1342 3356 et

173 3409 287 3519 quod
318 3407 504 3488 videatur
532 3407 680 3516 copula
716 3407 784 3488 illa
823 3408 964 3489 haberi
997 3409 1145 3490 virtute
1174 3435 1342 3516 praeee-
1410 3455 1413 3461 ·

171 3542 312 3624 dentis
340 3539 603 3648 obligationis
632 3541 903 3649 sponsalium,
928 3567 1033 3649 quae
1053 3569 1135 3622 non
1156 3542 1340 3624 verifica-

171 3685 320 3758 rentur
348 3676 383 3756 si
413 3675 622 3783 sponsalia
651 3675 756 3756 inter
785 3702 855 3756 eos
887 3703 967 3757 nou
990 3677 1165 3758 fuissent
1185 3677 1336 3776 valida3

170 3813 352 3892 alterum
372 3835 467 3916 vero
497 3837 549 3890 ex
580 3810 672 3909 hoo,
698 3811 806 3918 quod
837 3811 1052 3892 manifeste
1083 3811 1258 3892 traditur
1288 3837 1340 3889 ex

170 3973 267 4056 rap.
297 3943 412 4024 3212.
439 3951 486 4042 t.,
512 3943 583 4024 ubi
612 3943 824 4043 asseritur,
849 3944 957 4052 quod
988 3951 1160 4025 conatus
1191 3945 1242 4024 ad
1273 3969 1342 4024 ao-

165 4079 334 4189 'pulam‚
360 4075 428 4184 qui
461 4103 543 4157 non
572 4077 718 4158 habuit
749 4077 955 4179 effoetum,
979 4105 1060 4157 non
1084 4077 1180 4158 fauit
1199 4077 1341 4157 matri-

166 4209 365 4292 monium
396 4209 501 4290 inter
536 4237 710 4317 sponsos
743 4218 1068 4322 praesumptum.
1102 4257 1122 4271 -
1153 4221 1199 4308 (β)
1233 4212 1341 4290 Hine

168 4372 256 4427 non
285 4351 351 4424 est
371 4367 527 4441 verum,
555 4345 662 4450 quod
693 4345 891 4427 asseritur
911 4371 936 4423 a
956 4345 1165 4427 nonnullis
1185 4348 1342 4426 Aucto-

168 4480 308 4568 ribus,
330 4477 372 4556 in
389 4477 503 4579 loeis,
523 4478 594 4558 ubi
612 4479 792 4560 nondum
810 4479 1038 4561 Concilium
1056 4480 1340 4561 Tridentinum
