<?xml version="1.0" encoding="UTF-8"?>
<!DOCTYPE html PUBLIC "-//W3C//DTD XHTML 1.0 Transitional//EN"
    "http://www.w3.org/TR/xhtml1/DTD/xhtml1-transitional.dtd">
<html xmlns="http://www.w3.org/1999/xhtml" xml:lang="en" lang="en">
 <head>
  <title>
</title>
<meta http-equiv="Content-Type" content="text/html;charset=utf-8" />
  <meta name='ocr-system' content='tesseract 3.04.00' />
  <meta name='ocr-capabilities' content='ocr_page ocr_carea ocr_par ocr_line ocrx_word'/>
</head>
<body>
  <div class='ocr_page' id='page_1' title='image "./praelectionesju00angegoog/praelectionesju00angegoog_0448.png"; bbox 0 0 3388 5136; ppageno 0'>
   <div class='ocr_carea' id='block_1_1' title="bbox 580 385 1388 451">
    <p class='ocr_par' dir='ltr' id='par_1_1' title="bbox 580 385 1388 451">
     <span class='ocr_line' id='line_1_1' title="bbox 580 385 1388 451; baseline 0.004 -3"><span class='ocrx_word' id='word_1_1' title='bbox 580 403 685 448; x_wconf 74' lang='lat' dir='ltr'><strong>amun</strong></span> <span class='ocrx_word' id='word_1_2' title='bbox 706 405 738 450; x_wconf 84' lang='lat' dir='ltr'><strong>v.</strong></span> <span class='ocrx_word' id='word_1_3' title='bbox 763 421 805 432; x_wconf 89' lang='lat'>-</span> <span class='ocrx_word' id='word_1_4' title='bbox 829 405 1014 451; x_wconf 72' lang='lat' dir='ltr'><strong>mucosa</strong></span> <span class='ocrx_word' id='word_1_5' title='bbox 1343 385 1388 451; x_wconf 79' lang='lat'><strong>85</strong></span> 
     </span>
    </p>
   </div>
   <div class='ocr_carea' id='block_1_2' title="bbox 202 529 1388 2508">
    <p class='ocr_par' dir='ltr' id='par_1_2' title="bbox 202 529 1388 1166">
     <span class='ocr_line' id='line_1_2' title="bbox 210 529 1388 640; baseline 0.001 -27"><span class='ocrx_word' id='word_1_6' title='bbox 210 532 314 613; x_wconf 91' lang='lat' dir='ltr'><strong>mitti</strong></span> <span class='ocrx_word' id='word_1_7' title='bbox 346 531 500 637; x_wconf 86' lang='lat' dir='ltr'><strong>nequit.</strong></span> <span class='ocrx_word' id='word_1_8' title='bbox 535 531 625 611; x_wconf 93' lang='lat' dir='ltr'><strong>Hoc</strong></span> <span class='ocrx_word' id='word_1_9' title='bbox 655 539 949 638; x_wconf 78' lang='lat' dir='ltr'><strong>argumentum</strong></span> <span class='ocrx_word' id='word_1_10' title='bbox 973 529 1075 612; x_wconf 88' lang='lat' dir='ltr'><strong>mibi</strong></span> <span class='ocrx_word' id='word_1_11' title='bbox 1096 531 1258 612; x_wconf 88' lang='lat' dir='ltr'><strong>videtur</strong></span> <span class='ocrx_word' id='word_1_12' title='bbox 1279 533 1388 640; x_wconf 89' lang='lat' dir='ltr'><strong>rigo-</strong></span> 
     </span>
     <span class='ocr_line' id='line_1_3' title="bbox 202 663 1387 773; baseline 0.003 -29"><span class='ocrx_word' id='word_1_13' title='bbox 202 691 296 746; x_wconf 85' lang='lat' dir='ltr'>rose</span> <span class='ocrx_word' id='word_1_14' title='bbox 313 665 500 773; x_wconf 90' lang='lat' dir='ltr'><strong>probare.</strong></span> <span class='ocrx_word' id='word_1_15' title='bbox 523 664 819 745; x_wconf 79' lang='lat' dir='ltr'><strong>Verumtamen</strong></span> <span class='ocrx_word' id='word_1_16' title='bbox 846 663 887 744; x_wconf 92' lang='lat' dir='ltr'><strong>in</strong></span> <span class='ocrx_word' id='word_1_17' title='bbox 906 663 1010 745; x_wconf 85' lang='lat' dir='ltr'><strong>thesi</strong></span> <span class='ocrx_word' id='word_1_18' title='bbox 1028 664 1247 772; x_wconf 86' lang='lat' dir='ltr'><strong>posuimus</strong></span> <span class='ocrx_word' id='word_1_19' title='bbox 1268 667 1387 747; x_wconf 91' lang='lat' dir='ltr'><strong>dum-</strong></span> 
     </span>
     <span class='ocr_line' id='line_1_4' title="bbox 203 797 1385 908; baseline 0.002 -30"><span class='ocrx_word' id='word_1_20' title='bbox 203 805 318 878; x_wconf 82' lang='lat' dir='ltr'><strong>taxat</strong></span> <span class='ocrx_word' id='word_1_21' title='bbox 348 823 489 878; x_wconf 90' lang='lat' dir='ltr'><strong>vocem</strong></span> <span class='ocrx_word' id='word_1_22' title='bbox 513 797 787 908; x_wconf 75' lang='lat' dir='ltr'><strong>probabilius,</strong></span> <span class='ocrx_word' id='word_1_23' title='bbox 824 826 877 878; x_wconf 91' lang='lat' dir='ltr'><strong>ne</strong></span> <span class='ocrx_word' id='word_1_24' title='bbox 905 798 1088 906; x_wconf 88' lang='lat' dir='ltr'><strong>alioquin</strong></span> <span class='ocrx_word' id='word_1_25' title='bbox 1111 799 1152 878; x_wconf 93' lang='lat' dir='ltr'><strong>in</strong></span> <span class='ocrx_word' id='word_1_26' title='bbox 1173 825 1218 878; x_wconf 90' lang='lat' dir='ltr'><strong>re</strong></span> <span class='ocrx_word' id='word_1_27' title='bbox 1238 825 1385 905; x_wconf 89' lang='lat' dir='ltr'><strong>parum</strong></span> 
     </span>
     <span class='ocr_line' id='line_1_5' title="bbox 205 931 1387 1039; baseline 0 -27"><span class='ocrx_word' id='word_1_28' title='bbox 205 931 339 1012; x_wconf 88' lang='lat' dir='ltr'><strong>adhuc</strong></span> <span class='ocrx_word' id='word_1_29' title='bbox 370 956 396 1009; x_wconf 90' lang='lat' dir='ltr'><strong>a</strong></span> <span class='ocrx_word' id='word_1_30' title='bbox 435 931 664 1012; x_wconf 84' lang='lat' dir='ltr'><strong>doctoribus</strong></span> <span class='ocrx_word' id='word_1_31' title='bbox 704 933 935 1032; x_wconf 75' lang='lat' dir='ltr'><strong>enucleato,</strong></span> <span class='ocrx_word' id='word_1_32' title='bbox 982 932 1183 1012; x_wconf 75' lang='lat' dir='ltr'><em>conclusio</em></span> <span class='ocrx_word' id='word_1_33' title='bbox 1225 933 1387 1039; x_wconf 84' lang='lat' dir='ltr'><strong>aliquid</strong></span> 
     </span>
     <span class='ocr_line' id='line_1_6' title="bbox 205 1064 1144 1166; baseline 0.003 -21"><span class='ocrx_word' id='word_1_34' title='bbox 205 1065 408 1146; x_wconf 85' lang='lat' dir='ltr'><strong>audaciae</strong></span> <span class='ocrx_word' id='word_1_35' title='bbox 439 1064 651 1147; x_wconf 81' lang='lat' dir='ltr'><strong>redoleret.</strong></span> <span class='ocrx_word' id='word_1_36' title='bbox 685 1067 745 1146; x_wconf 87' lang='lat' dir='ltr'><strong>lta</strong></span> <span class='ocrx_word' id='word_1_37' title='bbox 774 1066 930 1166; x_wconf 88' lang='lat' dir='ltr'><strong>Bouix,</strong></span> <span class='ocrx_word' id='word_1_38' title='bbox 965 1067 1041 1149; x_wconf 86' lang='lat' dir='ltr'><strong>loc.</strong></span> <span class='ocrx_word' id='word_1_39' title='bbox 1076 1067 1144 1148; x_wconf 83' lang='lat' dir='ltr'><strong>cit.</strong></span> 
     </span>
    </p>

    <p class='ocr_par' dir='ltr' id='par_1_3' title="bbox 204 1199 1411 2508">
     <span class='ocr_line' id='line_1_7' title="bbox 294 1199 1386 1308; baseline 0.003 -31"><span class='ocrx_word' id='word_1_40' title='bbox 294 1199 420 1280; x_wconf 90' lang='lat' dir='ltr'><strong>Hisce</strong></span> <span class='ocrx_word' id='word_1_41' title='bbox 437 1199 638 1280; x_wconf 83' lang='lat' dir='ltr'><strong>absolutis</strong></span> <span class='ocrx_word' id='word_1_42' title='bbox 649 1199 755 1280; x_wconf 89' lang='lat' dir='ltr'><strong>duae</strong></span> <span class='ocrx_word' id='word_1_43' title='bbox 767 1199 875 1280; x_wconf 89' lang='lat' dir='ltr'><strong>aliae</strong></span> <span class='ocrx_word' id='word_1_44' title='bbox 886 1208 1109 1281; x_wconf 87' lang='lat' dir='ltr'><strong>occurrunt</strong></span> <span class='ocrx_word' id='word_1_45' title='bbox 1120 1201 1386 1308; x_wconf 82' lang='lat' dir='ltr'><strong>quaestiones</strong></span> 
     </span>
     <span class='ocr_line' id='line_1_8' title="bbox 204 1331 1387 1446; baseline 0 -34"><span class='ocrx_word' id='word_1_46' title='bbox 204 1331 485 1432; x_wconf 88' lang='lat' dir='ltr'><strong>resolvendae,</strong></span> <span class='ocrx_word' id='word_1_47' title='bbox 509 1357 682 1440; x_wconf 89' lang='lat' dir='ltr'><strong>quarum</strong></span> <span class='ocrx_word' id='word_1_48' title='bbox 702 1357 787 1412; x_wconf 93' lang='lat' dir='ltr'><strong>una</strong></span> <span class='ocrx_word' id='word_1_49' title='bbox 809 1341 871 1412; x_wconf 90' lang='lat' dir='ltr'><strong>est</strong></span> <span class='ocrx_word' id='word_1_50' title='bbox 900 1332 1065 1446; x_wconf 75' lang='lat' dir='ltr'><strong>gravior</strong></span> <span class='ocrx_word' id='word_1_51' title='bbox 1085 1333 1226 1412; x_wconf 87' lang='lat' dir='ltr'><strong>altera.</strong></span> <span class='ocrx_word' id='word_1_52' title='bbox 1246 1333 1387 1413; x_wconf 89' lang='lat' dir='ltr'><strong>Prima</strong></span> 
     </span>
     <span class='ocr_line' id='line_1_9' title="bbox 209 1464 1385 1574; baseline -0.001 -28"><span class='ocrx_word' id='word_1_53' title='bbox 209 1472 271 1546; x_wconf 88' lang='lat' dir='ltr'><strong>est</strong></span> <span class='ocrx_word' id='word_1_54' title='bbox 299 1471 440 1546; x_wconf 89' lang='lat' dir='ltr'><strong>utrum</strong></span> <span class='ocrx_word' id='word_1_55' title='bbox 462 1465 678 1574; x_wconf 88' lang='lat' dir='ltr'><strong>Episcopis</strong></span> <span class='ocrx_word' id='word_1_56' title='bbox 700 1464 836 1547; x_wconf 82' lang='lat' dir='ltr'><strong>fassit</strong></span> <span class='ocrx_word' id='word_1_57' title='bbox 862 1465 1044 1572; x_wconf 87' lang='lat' dir='ltr'><strong>irrogare</strong></span> <span class='ocrx_word' id='word_1_58' title='bbox 1069 1465 1385 1572; x_wconf 90' lang='lat' dir='ltr'><strong>suspensionem</strong></span> 
     </span>
     <span class='ocr_line' id='line_1_10' title="bbox 211 1599 1387 1710; baseline 0 -30"><span class='ocrx_word' id='word_1_59' title='bbox 211 1625 263 1680; x_wconf 87' lang='lat' dir='ltr'><strong>ex</strong></span> <span class='ocrx_word' id='word_1_60' title='bbox 293 1599 513 1678; x_wconf 77' lang='lat' dir='ltr'><strong>informata</strong></span> <span class='ocrx_word' id='word_1_61' title='bbox 543 1599 792 1680; x_wconf 89' lang='lat' dir='ltr'><strong>conscientia</strong></span> <span class='ocrx_word' id='word_1_62' title='bbox 820 1601 907 1681; x_wconf 85' lang='lat' dir='ltr'><strong>sine</strong></span> <span class='ocrx_word' id='word_1_63' title='bbox 936 1599 992 1680; x_wconf 87' lang='lat' dir='ltr'><strong>od</strong></span> <span class='ocrx_word' id='word_1_64' title='bbox 1023 1607 1180 1710; x_wconf 82' lang='lat' dir='ltr'><strong>tempus</strong></span> <span class='ocrx_word' id='word_1_65' title='bbox 1213 1599 1387 1680; x_wconf 86' lang='lat' dir='ltr'><strong>indeter-</strong></span> 
     </span>
     <span class='ocr_line' id='line_1_11' title="bbox 210 1731 1387 1844; baseline 0.002 -33"><span class='ocrx_word' id='word_1_66' title='bbox 210 1733 423 1833; x_wconf 83' lang='lat' dir='ltr'><strong>minatam,</strong></span> <span class='ocrx_word' id='word_1_67' title='bbox 467 1733 551 1813; x_wconf 85' lang='lat' dir='ltr'><strong>sine</strong></span> <span class='ocrx_word' id='word_1_68' title='bbox 592 1731 858 1814; x_wconf 82' lang='lat' dir='ltr'><strong>determinate</strong></span> <span class='ocrx_word' id='word_1_69' title='bbox 898 1731 955 1812; x_wconf 88' lang='lat' dir='ltr'><strong>ad</strong></span> <span class='ocrx_word' id='word_1_70' title='bbox 991 1732 1073 1812; x_wconf 84' lang='lat' dir='ltr'><strong>tole</strong></span> <span class='ocrx_word' id='word_1_71' title='bbox 1103 1739 1270 1844; x_wconf 81' lang='lat' dir='ltr'><strong>tempus,</strong></span> <span class='ocrx_word' id='word_1_72' title='bbox 1303 1735 1387 1815; x_wconf 87' lang='lat' dir='ltr'><strong>sine</strong></span> 
     </span>
     <span class='ocr_line' id='line_1_12' title="bbox 208 1866 1387 1979; baseline 0.003 -35"><span class='ocrx_word' id='word_1_73' title='bbox 208 1891 395 1976; x_wconf 67' lang='lat' dir='ltr'><strong>expresse</strong></span> <span class='ocrx_word' id='word_1_74' title='bbox 416 1867 458 1947; x_wconf 83' lang='lat' dir='ltr'><strong>in</strong></span> <span class='ocrx_word' id='word_1_75' title='bbox 471 1871 740 1979; x_wconf 69' lang='lat' dir='ltr'><strong>perpetuam?</strong></span> <span class='ocrx_word' id='word_1_76' title='bbox 763 1866 908 1948; x_wconf 87' lang='lat' dir='ltr'><strong>Altera</strong></span> <span class='ocrx_word' id='word_1_77' title='bbox 928 1873 1007 1965; x_wconf 82' lang='lat' dir='ltr'><strong>cst,</strong></span> <span class='ocrx_word' id='word_1_78' title='bbox 1032 1875 1171 1947; x_wconf 88' lang='lat' dir='ltr'><strong>utrum</strong></span> <span class='ocrx_word' id='word_1_79' title='bbox 1211 1895 1263 1947; x_wconf 83' lang='lat' dir='ltr'><strong>ex</strong></span> <span class='ocrx_word' id='word_1_80' title='bbox 1296 1867 1387 1948; x_wconf 64' lang='lat' dir='ltr'><strong>‹vio-</strong></span> 
     </span>
     <span class='ocr_line' id='line_1_13' title="bbox 207 1999 1388 2108; baseline 0.003 -30"><span class='ocrx_word' id='word_1_81' title='bbox 207 1999 357 2081; x_wconf 89' lang='lat' dir='ltr'><strong>latione</strong></span> <span class='ocrx_word' id='word_1_82' title='bbox 387 2001 674 2108; x_wconf 90' lang='lat' dir='ltr'><strong>suspensionis</strong></span> <span class='ocrx_word' id='word_1_83' title='bbox 704 2029 755 2082; x_wconf 84' lang='lat' dir='ltr'><strong>ex</strong></span> <span class='ocrx_word' id='word_1_84' title='bbox 792 2001 1014 2081; x_wconf 85' lang='lat' dir='ltr'><strong>informata</strong></span> <span class='ocrx_word' id='word_1_85' title='bbox 1045 2001 1296 2082; x_wconf 85' lang='lat' dir='ltr'><strong>conscientia</strong></span> <span class='ocrx_word' id='word_1_86' title='bbox 1325 2001 1388 2082; x_wconf 92' lang='lat' dir='ltr'><strong>in·</strong></span> 
     </span>
     <span class='ocr_line' id='line_1_14' title="bbox 205 2132 1382 2241; baseline -0.001 -25"><span class='ocrx_word' id='word_1_87' title='bbox 205 2141 395 2216; x_wconf 86' lang='lat' dir='ltr'><strong>curratur</strong></span> <span class='ocrx_word' id='word_1_88' title='bbox 415 2133 713 2238; x_wconf 63' lang='lat' dir='ltr'><strong>irregularitas</strong></span> <span class='ocrx_word' id='word_1_89' title='bbox 737 2133 825 2213; x_wconf 90' lang='lat' dir='ltr'><strong>sive</strong></span> <span class='ocrx_word' id='word_1_90' title='bbox 844 2132 1133 2214; x_wconf 87' lang='lat' dir='ltr'><strong>consideretur</strong></span> <span class='ocrx_word' id='word_1_91' title='bbox 1153 2134 1212 2214; x_wconf 92' lang='lat' dir='ltr'><strong>uti</strong></span> <span class='ocrx_word' id='word_1_92' title='bbox 1235 2161 1382 2241; x_wconf 89' lang='lat' dir='ltr'><strong>poena,</strong></span> 
     </span>
     <span class='ocr_line' id='line_1_15' title="bbox 207 2265 1386 2374; baseline 0.001 -27"><span class='ocrx_word' id='word_1_93' title='bbox 207 2265 294 2348; x_wconf 91' lang='lat' dir='ltr'><strong>sive</strong></span> <span class='ocrx_word' id='word_1_94' title='bbox 326 2265 385 2346; x_wconf 92' lang='lat' dir='ltr'><strong>uti</strong></span> <span class='ocrx_word' id='word_1_95' title='bbox 417 2267 620 2346; x_wconf 80' lang='lat' dir='ltr'><strong>censurat</strong></span> <span class='ocrx_word' id='word_1_96' title='bbox 644 2265 788 2358; x_wconf 85' lang='lat' dir='ltr'><strong>Quoad</strong></span> <span class='ocrx_word' id='word_1_97' title='bbox 812 2266 987 2374; x_wconf 91' lang='lat' dir='ltr'><strong>primam</strong></span> <span class='ocrx_word' id='word_1_98' title='bbox 1012 2265 1295 2372; x_wconf 89' lang='lat' dir='ltr'><strong>quaestionem</strong></span> <span class='ocrx_word' id='word_1_99' title='bbox 1323 2293 1386 2348; x_wconf 89' lang='lat' dir='ltr'><strong>re·</strong></span> 
     </span>
     <span class='ocr_line' id='line_1_16' title="bbox 211 2395 1380 2508; baseline 0.003 -30"><span class='ocrx_word' id='word_1_100' title='bbox 211 2399 383 2506; x_wconf 90' lang='lat' dir='ltr'><strong>spondet</strong></span> <span class='ocrx_word' id='word_1_101' title='bbox 403 2397 472 2478; x_wconf 88' lang='lat' dir='ltr'><strong>cit.</strong></span> <span class='ocrx_word' id='word_1_102' title='bbox 498 2395 636 2477; x_wconf 89' lang='lat' dir='ltr'><strong>Bouix</strong></span> <span class='ocrx_word' id='word_1_103' title='bbox 658 2402 823 2477; x_wconf 85' lang='lat' dir='ltr'><strong>tractat.</strong></span> <span class='ocrx_word' id='word_1_104' title='bbox 846 2396 895 2476; x_wconf 83' lang='lat' dir='ltr'><strong>dc</strong></span> <span class='ocrx_word' id='word_1_105' title='bbox 912 2396 1075 2504; x_wconf 73' lang='lat' dir='ltr'><strong>jactetis</strong></span> <span class='ocrx_word' id='word_1_106' title='bbox 1098 2424 1197 2508; x_wconf 88' lang='lat' dir='ltr'><strong>por.</strong></span> <span class='ocrx_word' id='word_1_107' title='bbox 1217 2401 1380 2482; x_wconf 80' lang='lat' dir='ltr'><strong>secund.</strong></span> 
     </span>
    </p>
   </div>
   <div class='ocr_carea' id='block_1_3' title="bbox 202 2529 1454 2906">
    <p class='ocr_par' dir='ltr' id='par_1_4' title="bbox 202 2529 1454 2906">
     <span class='ocr_line' id='line_1_17' title="bbox 202 2529 1385 2643; baseline -0.002 -31"><span class='ocrx_word' id='word_1_108' title='bbox 202 2559 304 2643; x_wconf 78' lang='lat' dir='ltr'><strong>pop.</strong></span> <span class='ocrx_word' id='word_1_109' title='bbox 340 2535 448 2632; x_wconf 84' lang='lat'><strong>331,</strong></span> <span class='ocrx_word' id='word_1_110' title='bbox 482 2529 739 2630; x_wconf 86' lang='lat' dir='ltr'><strong>affirmative,</strong></span> <span class='ocrx_word' id='word_1_111' title='bbox 765 2538 803 2610; x_wconf 87' lang='lat' dir='ltr'><strong>et</strong></span> <span class='ocrx_word' id='word_1_112' title='bbox 824 2531 972 2638; x_wconf 91' lang='lat' dir='ltr'><strong>probat</strong></span> <span class='ocrx_word' id='word_1_113' title='bbox 992 2558 1042 2611; x_wconf 86' lang='lat' dir='ltr'><strong>ex</strong></span> <span class='ocrx_word' id='word_1_114' title='bbox 1064 2537 1174 2611; x_wconf 85' lang='lat' dir='ltr'><strong>textu</strong></span> <span class='ocrx_word' id='word_1_115' title='bbox 1211 2530 1385 2612; x_wconf 89' lang='lat' dir='ltr'><strong>Triden-</strong></span> 
     </span>
     <span class='ocr_line' id='line_1_18' title="bbox 207 2662 1454 2768; baseline 0 -24"><span class='ocrx_word' id='word_1_116' title='bbox 207 2664 310 2763; x_wconf 88' lang='lat' dir='ltr'><strong>tino,</strong></span> <span class='ocrx_word' id='word_1_117' title='bbox 344 2671 382 2744; x_wconf 90' lang='lat' dir='ltr'><strong>et</strong></span> <span class='ocrx_word' id='word_1_118' title='bbox 412 2689 462 2742; x_wconf 87' lang='lat' dir='ltr'><strong>ex</strong></span> <span class='ocrx_word' id='word_1_119' title='bbox 494 2662 771 2743; x_wconf 79' lang='lat' dir='ltr'><strong>decisionibus</strong></span> <span class='ocrx_word' id='word_1_120' title='bbox 803 2663 847 2746; x_wconf 89' lang='lat' dir='ltr'><strong>S.</strong></span> <span class='ocrx_word' id='word_1_121' title='bbox 873 2663 1002 2768; x_wconf 86' lang='lat' dir='ltr'><strong>Cong.</strong></span> <span class='ocrx_word' id='word_1_122' title='bbox 1028 2662 1184 2753; x_wconf 86' lang='lat' dir='ltr'><strong>Concil.</strong></span> <span class='ocrx_word' id='word_1_123' title='bbox 1209 2662 1381 2750; x_wconf 79' lang='lat' dir='ltr'><strong>dicens:</strong></span> <span class='ocrx_word' id='word_1_124' title='bbox 1452 2706 1454 2712; x_wconf 95' lang='lat'>·</span> 
     </span>
     <span class='ocr_line' id='line_1_19' title="bbox 211 2793 1384 2906; baseline 0.003 -34"><span class='ocrx_word' id='word_1_125' title='bbox 211 2795 456 2876; x_wconf 76' lang='lat' dir='ltr'><strong>«Probatur</strong></span> <span class='ocrx_word' id='word_1_126' title='bbox 481 2793 539 2875; x_wconf 83' lang='lat'><strong>1.⁰</strong></span> <span class='ocrx_word' id='word_1_127' title='bbox 562 2821 612 2882; x_wconf 83' lang='lat' dir='ltr'><strong>ex</strong></span> <span class='ocrx_word' id='word_1_128' title='bbox 635 2795 874 2877; x_wconf 87' lang='lat' dir='ltr'><strong>Tridentino</strong></span> <span class='ocrx_word' id='word_1_129' title='bbox 896 2803 1024 2898; x_wconf 86' lang='lat' dir='ltr'><strong>textu,</strong></span> <span class='ocrx_word' id='word_1_130' title='bbox 1044 2799 1183 2906; x_wconf 92' lang='lat' dir='ltr'><strong>inquo</strong></span> <span class='ocrx_word' id='word_1_131' title='bbox 1203 2795 1384 2905; x_wconf 85' lang='lat' dir='ltr'><strong>positum</strong></span> 
     </span>
    </p>
   </div>
   <div class='ocr_carea' id='block_1_4' title="bbox 179 2927 1386 4505">
    <p class='ocr_par' dir='ltr' id='par_1_5' title="bbox 214 2927 1386 3178">
     <span class='ocr_line' id='line_1_20' title="bbox 216 2927 1386 3039; baseline 0.006 -34"><span class='ocrx_word' id='word_1_132' title='bbox 216 2939 317 3012; x_wconf 82' lang='lat' dir='ltr'><strong>«est</strong></span> <span class='ocrx_word' id='word_1_133' title='bbox 347 2928 597 3010; x_wconf 88' lang='lat' dir='ltr'><strong>vocabulum</strong></span> <span class='ocrx_word' id='word_1_134' title='bbox 636 2929 955 3031; x_wconf 83' lang='lat' dir='ltr'><strong>Quomodolibct,</strong></span> <span class='ocrx_word' id='word_1_135' title='bbox 990 2927 1096 3012; x_wconf 82' lang='lat' dir='ltr'><strong>idest</strong></span> <span class='ocrx_word' id='word_1_136' title='bbox 1125 2957 1386 3039; x_wconf 91' lang='lat' dir='ltr'><strong>quocumque</strong></span> 
     </span>
     <span class='ocr_line' id='line_1_21' title="bbox 214 3061 1384 3178; baseline 0.002 -37"><span class='ocrx_word' id='word_1_137' title='bbox 214 3099 232 3141; x_wconf 81' lang='lat'>›</span> <span class='ocrx_word' id='word_1_138' title='bbox 253 3063 376 3144; x_wconf 92' lang='lat' dir='ltr'><strong>modo</strong></span> <span class='ocrx_word' id='word_1_139' title='bbox 391 3063 685 3172; x_wconf 85' lang='lat' dir='ltr'><strong>suspensiones</strong></span> <span class='ocrx_word' id='word_1_140' title='bbox 697 3061 954 3171; x_wconf 88' lang='lat' dir='ltr'><strong>pronunciet,</strong></span> <span class='ocrx_word' id='word_1_141' title='bbox 971 3063 1206 3178; x_wconf 17' lang='lat' dir='ltr'><strong>ergovetiam</strong></span> <span class='ocrx_word' id='word_1_142' title='bbox 1220 3064 1384 3170; x_wconf 87' lang='lat' dir='ltr'><strong>quando</strong></span> 
     </span>
    </p>

    <p class='ocr_par' dir='ltr' id='par_1_6' title="bbox 179 3195 1384 4505">
     <span class='ocr_line' id='line_1_22' title="bbox 179 3195 1384 3305; baseline 0.002 -31"><span class='ocrx_word' id='word_1_143' title='bbox 179 3196 182 3202; x_wconf 87' lang='grc'><strong>’</strong></span> <span class='ocrx_word' id='word_1_144' title='bbox 212 3195 1384 3305; x_wconf 77' lang='lat' dir='ltr'><strong>&gt;suspenditpraefatismodis»,Probatur2.⁰cxS.Con-</strong></span> 
     </span>
     <span class='ocr_line' id='line_1_23' title="bbox 211 3328 1384 3439; baseline -0.003 -27"><span class='ocrx_word' id='word_1_145' title='bbox 211 3359 325 3439; x_wconf 89' lang='lat' dir='ltr'><strong>grcg.</strong></span> <span class='ocrx_word' id='word_1_146' title='bbox 361 3329 529 3412; x_wconf 84' lang='lat' dir='ltr'><strong>Concilii</strong></span> <span class='ocrx_word' id='word_1_147' title='bbox 569 3329 848 3411; x_wconf 83' lang='lat' dir='ltr'><strong>decisionibus</strong></span> <span class='ocrx_word' id='word_1_148' title='bbox 883 3333 964 3411; x_wconf 86' lang='lat' dir='ltr'><strong>‹In</strong></span> <span class='ocrx_word' id='word_1_149' title='bbox 995 3329 1101 3409; x_wconf 91' lang='lat' dir='ltr'><strong>libro</strong></span> <span class='ocrx_word' id='word_1_150' title='bbox 1133 3329 1159 3409; x_wconf 89' lang='lat'><strong>7</strong></span> <span class='ocrx_word' id='word_1_151' title='bbox 1192 3328 1384 3410; x_wconf 86' lang='lat' dir='ltr'><strong>Decretu-</strong></span> 
     </span>
     <span class='ocr_line' id='line_1_24' title="bbox 214 3451 1381 3569; baseline -0.001 -29"><span class='ocrx_word' id='word_1_152' title='bbox 214 3491 344 3546; x_wconf 85' lang='lat' dir='ltr'><strong>»rum</strong></span> <span class='ocrx_word' id='word_1_153' title='bbox 377 3463 423 3546; x_wconf 87' lang='lat' dir='ltr'><strong>S.</strong></span> <span class='ocrx_word' id='word_1_154' title='bbox 457 3463 586 3569; x_wconf 88' lang='lat' dir='ltr'><strong>Cong.</strong></span> <span class='ocrx_word' id='word_1_155' title='bbox 622 3463 746 3544; x_wconf 85' lang='lat' dir='ltr'><strong>Cone.</strong></span> <span class='ocrx_word' id='word_1_156' title='bbox 784 3463 880 3543; x_wconf 87' lang='lat' dir='ltr'><strong>folio</strong></span> <span class='ocrx_word' id='word_1_157' title='bbox 908 3451 966 3543; x_wconf 83' lang='lat'><strong>&#39;89</strong></span> <span class='ocrx_word' id='word_1_158' title='bbox 998 3469 1157 3568; x_wconf 90' lang='lat' dir='ltr'><strong>atergo</strong></span> <span class='ocrx_word' id='word_1_159' title='bbox 1178 3460 1281 3541; x_wconf 88' lang='lat' dir='ltr'><strong>hacc</strong></span> <span class='ocrx_word' id='word_1_160' title='bbox 1302 3461 1381 3567; x_wconf 89' lang='lat' dir='ltr'><strong>legi</strong></span> 
     </span>
     <span class='ocr_line' id='line_1_25' title="bbox 215 3595 1378 3704; baseline 0.003 -30"><span class='ocrx_word' id='word_1_161' title='bbox 215 3627 230 3674; x_wconf 84' lang='lat'>›</span> <span class='ocrx_word' id='word_1_162' title='bbox 258 3651 303 3662; x_wconf 90' lang='lat'>-</span> <span class='ocrx_word' id='word_1_163' title='bbox 320 3596 592 3704; x_wconf 86' lang='lat' dir='ltr'><strong>Congregatio</strong></span> <span class='ocrx_word' id='word_1_164' title='bbox 609 3596 778 3677; x_wconf 90' lang='lat' dir='ltr'><strong>Concilii</strong></span> <span class='ocrx_word' id='word_1_165' title='bbox 796 3595 970 3694; x_wconf 89' lang='lat' dir='ltr'><strong>censuit,</strong></span> <span class='ocrx_word' id='word_1_166' title='bbox 988 3602 1113 3704; x_wconf 86' lang='lat' dir='ltr'><strong>caput</strong></span> <span class='ocrx_word' id='word_1_167' title='bbox 1127 3598 1167 3698; x_wconf 90' lang='lat' dir='ltr'><strong>l,</strong></span> <span class='ocrx_word' id='word_1_168' title='bbox 1181 3621 1285 3676; x_wconf 81' lang='grc'><strong>5555.</strong></span> <span class='ocrx_word' id='word_1_169' title='bbox 1311 3597 1378 3697; x_wconf 85' lang='grc'><strong>14,</strong></span> 
     </span>
     <span class='ocr_line' id='line_1_26' title="bbox 215 3728 1382 3837; baseline 0.003 -31"><span class='ocrx_word' id='word_1_170' title='bbox 215 3729 322 3837; x_wconf 81' lang='lat' dir='ltr'><strong>›(de</strong></span> <span class='ocrx_word' id='word_1_171' title='bbox 363 3729 686 3836; x_wconf 79' lang='lat' dir='ltr'><strong>Reformatioue)</strong></span> <span class='ocrx_word' id='word_1_172' title='bbox 718 3728 870 3810; x_wconf 87' lang='lat' dir='ltr'><strong>habere</strong></span> <span class='ocrx_word' id='word_1_173' title='bbox 901 3729 1036 3811; x_wconf 93' lang='lat' dir='ltr'><strong>locum</strong></span> <span class='ocrx_word' id='word_1_174' title='bbox 1070 3730 1112 3808; x_wconf 91' lang='lat' dir='ltr'><strong>in</strong></span> <span class='ocrx_word' id='word_1_175' title='bbox 1142 3730 1382 3837; x_wconf 87' lang='lat' dir='ltr'><strong>suspensio·</strong></span> 
     </span>
     <span class='ocr_line' id='line_1_27' title="bbox 210 3861 1381 3972; baseline 0.005 -34"><span class='ocrx_word' id='word_1_176' title='bbox 210 3893 228 3938; x_wconf 81' lang='lat'>›</span> <span class='ocrx_word' id='word_1_177' title='bbox 253 3863 393 3966; x_wconf 79' lang='lat' dir='ltr'><strong>nibuS,</strong></span> <span class='ocrx_word' id='word_1_178' title='bbox 427 3871 467 3944; x_wconf 89' lang='lat' dir='ltr'><strong>et</strong></span> <span class='ocrx_word' id='word_1_179' title='bbox 487 3861 831 3970; x_wconf 84' lang='lat' dir='ltr'><strong>prohibitionibus</strong></span> <span class='ocrx_word' id='word_1_180' title='bbox 852 3869 936 3944; x_wconf 89' lang='lat' dir='ltr'><strong>tam</strong></span> <span class='ocrx_word' id='word_1_181' title='bbox 957 3862 1232 3968; x_wconf 87' lang='lat' dir='ltr'><strong>temporariis,</strong></span> <span class='ocrx_word' id='word_1_182' title='bbox 1257 3889 1381 3972; x_wconf 86' lang='lat' dir='ltr'><strong>quam</strong></span> 
     </span>
     <span class='ocr_line' id='line_1_28' title="bbox 209 3992 1382 4104; baseline 0.006 -35"><span class='ocrx_word' id='word_1_183' title='bbox 209 3997 483 4103; x_wconf 81' lang='lat' dir='ltr'><strong>›perpetuis;</strong></span> <span class='ocrx_word' id='word_1_184' title='bbox 518 4003 557 4077; x_wconf 89' lang='lat' dir='ltr'><strong>et</strong></span> <span class='ocrx_word' id='word_1_185' title='bbox 589 3997 855 4104; x_wconf 88' lang='lat' dir='ltr'><strong>temporalem</strong></span> <span class='ocrx_word' id='word_1_186' title='bbox 893 3992 1210 4103; x_wconf 85' lang='lat' dir='ltr'><strong>prohibitionem</strong></span> <span class='ocrx_word' id='word_1_187' title='bbox 1241 4003 1281 4076; x_wconf 86' lang='lat' dir='ltr'><strong>et</strong></span> <span class='ocrx_word' id='word_1_188' title='bbox 1309 4023 1382 4076; x_wconf 91' lang='lat' dir='ltr'><strong>su-</strong></span> 
     </span>
     <span class='ocr_line' id='line_1_29' title="bbox 209 4126 1382 4237; baseline 0.001 -32"><span class='ocrx_word' id='word_1_189' title='bbox 209 4161 226 4205; x_wconf 82' lang='lat'><strong>»</strong></span> <span class='ocrx_word' id='word_1_190' title='bbox 248 4130 510 4237; x_wconf 83' lang='lat' dir='ltr'><strong>sponsionem</strong></span> <span class='ocrx_word' id='word_1_191' title='bbox 542 4129 620 4210; x_wconf 93' lang='lat' dir='ltr'><strong>dici</strong></span> <span class='ocrx_word' id='word_1_192' title='bbox 658 4157 765 4232; x_wconf 89' lang='lat' dir='ltr'><strong>eam,</strong></span> <span class='ocrx_word' id='word_1_193' title='bbox 792 4129 864 4211; x_wconf 92' lang='lat' dir='ltr'><strong>ubi</strong></span> <span class='ocrx_word' id='word_1_194' title='bbox 886 4154 938 4208; x_wconf 85' lang='lat' dir='ltr'><strong>ex</strong></span> <span class='ocrx_word' id='word_1_195' title='bbox 960 4126 1106 4206; x_wconf 85' lang='lat' dir='ltr'><strong>delicto</strong></span> <span class='ocrx_word' id='word_1_196' title='bbox 1128 4126 1288 4208; x_wconf 89' lang='lat' dir='ltr'><strong>occulto</strong></span> <span class='ocrx_word' id='word_1_197' title='bbox 1309 4151 1382 4206; x_wconf 87' lang='lat' dir='ltr'><strong>ex-</strong></span> 
     </span>
     <span class='ocr_line' id='line_1_30' title="bbox 209 4259 1381 4371; baseline 0.003 -33"><span class='ocrx_word' id='word_1_198' title='bbox 209 4263 561 4371; x_wconf 82' lang='lat' dir='ltr'><strong>»trajudicialiter</strong></span> <span class='ocrx_word' id='word_1_199' title='bbox 591 4263 776 4371; x_wconf 78' lang='lat' dir='ltr'><strong>procedit</strong></span> <span class='ocrx_word' id='word_1_200' title='bbox 803 4261 1051 4370; x_wconf 87' lang='lat' dir='ltr'><strong>Episcopus,</strong></span> <span class='ocrx_word' id='word_1_201' title='bbox 1093 4259 1142 4342; x_wconf 82' lang='lat' dir='ltr'><strong>ad</strong></span> <span class='ocrx_word' id='word_1_202' title='bbox 1165 4286 1290 4341; x_wconf 93' lang='lat' dir='ltr'><strong>suum</strong></span> <span class='ocrx_word' id='word_1_203' title='bbox 1311 4261 1381 4342; x_wconf 91' lang='lat' dir='ltr'><strong>be-</strong></span> 
     </span>
     <span class='ocr_line' id='line_1_31' title="bbox 209 4393 1260 4505; baseline 0.006 -35"><span class='ocrx_word' id='word_1_204' title='bbox 209 4425 226 4470; x_wconf 80' lang='lat'><strong>»</strong></span> <span class='ocrx_word' id='word_1_205' title='bbox 248 4397 496 4504; x_wconf 88' lang='lat' dir='ltr'><strong>neplacitum</strong></span> <span class='ocrx_word' id='word_1_206' title='bbox 534 4395 804 4505; x_wconf 90' lang='lat' dir='ltr'><strong>proihibendo</strong></span> <span class='ocrx_word' id='word_1_207' title='bbox 825 4393 889 4476; x_wconf 83' lang='lat' dir='ltr'><strong>vel</strong></span> <span class='ocrx_word' id='word_1_208' title='bbox 911 4394 1260 4500; x_wconf 81' lang='lat' dir='ltr'><strong>suspendendo».</strong></span> 
     </span>
    </p>
   </div>
   <div class='ocr_carea' id='block_1_5' title="bbox 0 0 1698 5136">
    <p class='ocr_par' dir='ltr' id='par_1_7' title="bbox 0 0 1698 5136">
     <span class='ocr_line' id='line_1_32' title="bbox 0 0 1698 5136; baseline 0 1"><span class='ocrx_word' id='word_1_209' title='bbox 0 0 1698 5136; x_wconf 95' lang='lat' dir='ltr'><strong> </strong></span> 
     </span>
    </p>
   </div>
  </div>
 </body>
</html>
