3380 5132
546 458 654 509 arana
676 457 722 507 ιν.
748 475 766 490 -
790 457 929 508 rrrorns
952 459 1020 509 xix.
1304 447 1368 511 339

197 585 322 683 ceriti,
343 584 378 665 si
396 585 641 665 adulterium
659 585 925 666 commissum
943 584 997 666 sit
1012 611 1062 666 cn
1080 612 1168 666 can.
1197 619 1215 661 e
1236 547 1361 667 llicit
1517 683 1521 693 x

196 721 398 802 Dominus
420 719 440 796 >'
464 745 574 801 eoos.
602 721 655 800 32
676 727 829 828 quaest.
861 723 877 800 l
904 729 944 801 et
964 721 1041 802 hoc
1071 721 1192 802 luerit
1222 723 1360 802 crimi-
1394 703 1401 708 ’

198 879 347 934 nosum
387 881 481 934 oum
522 855 556 934 si
598 855 719 962 culpa
758 863 875 934 vacet
914 881 995 936 non
1036 865 1178 936 noceat
1209 859 1359 954 cun„3

196 1011 310 1068 caus.
333 989 386 1066 32
403 995 556 1094 quaest.
579 987 844 1068 5dummodo
866 987 993 1068 altera
1013 1013 1109 1095 pars
1131 1013 1222 1067 eam
1243 988 1360 1068 adul-

198 1120 413 1201 terandam
435 1149 515 1202 non
537 1121 747 1203 tradiderit
767 1149 857 1232 cop.
878 1123 907 1200 ·6
930 1122 979 1203 de
1000 1147 1043 1202 eo
1065 1124 1136 1229 qui
1161 1125 1358 1231 cognorim

195 1262 239 1333 et
259 1254 481 1336 dummodo
502 1255 584 1335 alia
604 1255 726 1335 etiam
747 1280 843 1362 pars
863 1279 908 1334 se
924 1253 1066 1334 eodem
1088 1253 1257 1333 crimine
1277 1280 1359 1334 non

196 1386 421 1468 foedaverit
452 1416 539 1499 cop.
565 1393 593 1468 4
623 1388 665 1470 lt.
697 1395 725 1469 t.
760 1389 850 1467 Hoc
879 1411 976 1467 vero
1007 1387 1158 1466 crimen
1190 1387 1260 1468 dat
1289 1413 1362 1494 po-

197 1531 387 1606 testatem
411 1531 606 1634 perpetuo
638 1522 810 1604 divortio
832 1549 882 1601 ex
904 1548 994 1632 cup.
1021 1525 1062 1618 4,
1089 1525 1113 1602 5
1134 1530 1172 1601 et
1193 1523 1217 1600 8
1240 1521 1281 1600 h.
1308 1528 1356 1621 t„

198 1665 239 1738 ct
272 1665 388 1738 nocet
417 1658 504 1737 sive
533 1657 621 1736 viro
652 1657 739 1736 sive
771 1655 984 1736 foeminae.
1016 1653 1190 1748 Quando
1221 1661 1360 1764 autem

194 1790 373 1872 dicimus
406 1792 549 1871 adesse
580 1817 631 1872 ex
654 1800 765 1898 parte
796 1788 1023 1870 innocentis
1054 1797 1295 1896 potestatem
1317 1815 1361 1868 a·

199 1922 349 2002 beundi
381 1923 445 2002 vel
475 1923 713 2022 divertendi,
748 1949 800 2002 cx
831 1922 907 2003 hoe
937 1923 1059 2002 etiam
1091 1921 1355 2020 includimus,

195 2055 306 2162 quod
337 2055 472 2136 valeat
512 2055 704 2162 injuriam
747 2055 970 2178 remittere3
1013 2053 1359 2162 quemadmodum

195 2179 380 2284 eamdem
404 2189 511 2270 valet
540 2215 700 2297 quoque
731 2215 952 2296 progressu
982 2189 1178 2295 temporis
1209 2188 1359 2268 condo-

197 2348 309 2422 nare,
333 2330 373 2424 et
399 2337 496 2402 tunc
527 2347 608 2401 non
638 2321 732 2402 licet
762 2321 940 2428 amplius
971 2347 1022 2401 ex
1053 2347 1102 2400 ea
1131 2319 1254 2428 culpa
1283 2345 1359 2400 suo

190 2458 286 2562 jure
318 2457 393 2556 uti,
418 2457 513 2564 quia
544 2456 694 2564 injuria
723 2456 894 2536 dimissa
923 2463 998 2536 est.
1024 2455 1141 2538 Unde
1163 2463 1225 2536 est
1250 2456 1358 2563 quod
1473 2510 1477 2526 ι

200 2615 294 2696 pars
333 2589 528 2669 innocens
569 2597 701 2696 potest
742 2587 908 2696 impune
950 2588 1170 2687 discedere,
1205 2587 1268 2666 vel
1309 2588 1359 2668 ad

195 2747 338 2802 saeros
369 2722 533 2802 ordines
574 2723 792 2804 ascendere
823 2731 895 2802 aut
930 2721 1225 2828 professionem
1255 2722 1361 2802 sole-

197 2879 335 2934 mnem
362 2857 480 2936 edere
502 2855 733 2964 irrequisita
753 2855 835 2935 alia
855 2864 987 2960 parte3
1012 2856 1118 2961 quod
1141 2855 1255 2935 alteri
1278 2881 1358 2935 non

198 2989 304 3091 licet,
338 2991 416 3070 nisi
449 3002 562 3098 parte
594 2991 806 3070 innocente
837 2987 1046 3096 requisita.
1073 2988 1215 3096 Neque
1246 2989 1358 3068 illam

195 3125 455 3204 emendatam
486 3132 648 3204 tenetur
677 3123 726 3204 de
756 3124 890 3229 rigore
915 3123 1023 3229 juris
1044 3121 1236 3229 recipere,
1261 3121 1358 3228 quia

198 3257 307 3336 dedit
337 3283 506 3337 causam
546 3255 793 3337 adulterium
836 3254 1009 3335 divortio
1045 3261 1255 3359 perpetuo
1291 3256 1357 3331 An

196 3397 340 3470 autem·
368 3391 471 3498 parti
503 3390 706 3470 innocenti
739 3389 859 3469 liceat
880 3416 904 3468 a
925 3387 1146 3468 criminosa
1173 3385 1359 3466 recedere

198 3523 361 3632 propria
381 3523 637 3623 auctoritate,
657 3524 721 3602 vel
741 3523 794 3602 sit
816 3521 1092 3602 necessarium
1115 3519 1223 3627 quod
1245 3545 1361 3628 prac-

194 3659 314 3738 cedat
338 3657 542 3765 judicium
572 3656 779 3738 Ecclesiae
810 3654 1139 3754 controvertitur;
1169 3664 1207 3734 et
1236 3653 1362 3732 ratic·

199 3789 373 3870 nabilior
403 3791 605 3872 sententia
635 3789 850 3897 distinguit
881 3790 984 3870 inter
1005 3813 1147 3870 casum
1171 3785 1358 3868 adulterii
1390 3769 1394 3780 ⁵

199 3923 362 4023 notorii,
396 3931 436 4005 et
471 3924 635 4006 occulti.
671 3923 713 4003 Si
747 3923 994 4004 adulterium
1034 3932 1096 4002 est
1136 3921 1356 4018 notorium,

194 4053 395 4137 divertere
426 4055 518 4138 licet
548 4056 672 4137 etiam
694 4056 943 4136 auctoritate
974 4053 1147 4162 privata,
1182 4080 1275 4134 cum
1308 4079 1360 4132 ex

194 4188 316 4270 dictis
345 4189 465 4270 liceat
495 4189 693 4272 divertere
724 4191 776 4270 ab
809 4181 993 4269 adultero
1023 4214 1075 4267 cx
1107 4186 1244 4266 divina
1269 4212 1360 4293 per·

197 4321 408 4420 missione,
434 4330 472 4404 et
493 4322 534 4401 in
557 4322 726 4402 notoriis
757 4349 838 4403 non
868 4323 922 4402 sit
947 4318 1181 4401 necessaria
1207 4318 1360 4426 judicis
