3264 5146
311 405 355 470 86
600 417 895 470 rmnnncrronns
918 417 1012 468 niara
1036 415 1203 468 cruenter

319 545 524 656 dignoscit
553 572 755 653 quaenam
795 544 1007 625 maritales
1047 543 1355 651 conjunctiones
1384 543 1486 649 legi-

315 682 440 764 timae
469 686 580 760 sunt:
606 679 742 760 necin
764 703 1011 786 unaquaque
1041 677 1160 759 timet
1186 677 1312 759 latere
1333 704 1486 759 concu-

316 813 518 915 binatum3
551 839 601 894 ex
638 812 766 894 altera
805 811 1053 920 prospicitur
1094 812 1200 892 bono
1240 811 1481 918 conjugum,

312 973 490 1055 quorum
516 946 682 1028 tuendis
708 946 873 1054 juribus
895 945 1117 1053 requisitus
1142 944 1273 1052 judex
1293 944 1485 1026 ecclesia-

318 1081 448 1162 sticus
487 1079 659 1161 efficacit
644 1089 706 1161 ter
745 1107 797 1188 po
800 1088 878 1160 test
914 1080 1174 1179 intervenire,
1208 1105 1305 1160 cum
1334 1085 1357 1158 e
1387 1105 1486 1159 con-

315 1241 448 1313 verso,
497 1213 704 1294 utthabe
688 1221 757 1294 tur
787 1240 877 1324 cap
913 1211 1078 1292 att
1117 1211 1190 1291 ‹si
1222 1211 1485 1292 matrimonia

321 1349 415 1428 »ita
373 1347 604 1428 taocculte
635 1345 882 1428 contrahunt
866 1354 948 1447 tur,
982 1345 1091 1454 quod
1122 1344 1270 1426 exinde
1309 1343 1484 1451 legitimi

321 1515 338 1550 a
359 1487 484 1560 testes
515 1505 596 1560 non
627 1489 863 1587 appareant,
900 1477 927 1556 ii
958 1477 1028 1586 qui
1059 1503 1109 1557 ea
1138 1475 1399 1576 contrahunt,
1429 1477 1484 1556 ab

320 1611 544 1693 »Ecclesia
587 1639 668 1692 non
714 1621 812 1692 sunt
851 1610 1110 1718 aliquatenus
1151 1609 1480 1722 compellendi.»

316 1746 435 1826 Hanc
454 1771 550 1825 vero
581 1744 831 1826 matrimonii
863 1743 1178 1826 celebrationem
1209 1769 1262 1823 ex
1282 1743 1486 1850 antiquis-

313 1879 421 1959 simo
451 1877 601 1986 pariter
631 1905 744 1960 more
774 1879 1042 1988 praecedebat
1067 1877 1399 1986 presbyterorum
1420 1878 1485 1959 in-

315 2012 555 2120 vestigatio,
604 2020 743 2093 utrum
789 2013 952 2120 aliquod
992 2011 1330 2120 impedimentum
1370 2012 1483 2092 obsi-

317 2153 456 2227 steret:
476 2173 581 2254 quae
597 2145 758 2227 cautela
777 2147 829 2227 ad
849 2145 1040 2227 evitanda
1060 2144 1273 2252 illegitima
1288 2144 1482 2252 conjugia

312 2287 437 2360 aucta
467 2278 573 2359 fuit·
529 2287 606 2359 tin
628 2278 809 2359 Concilio
830 2267 1097 2360 Lateranensi
1117 2279 1223 2378 lV,
1214 2306 1255 2358 1n
1286 2305 1367 2386 quo
1387 2305 1483 2386 spe-

313 2411 462 2492 cialem
492 2413 765 2518 quorumdam
795 2413 980 2494 locorum
1022 2412 1292 2520 (praesertim
1322 2413 1479 2494 Galliae

315 2545 427 2626 etin
457 2545 601 2654 primis
621 2525 833 2627 Dioecesis
854 2546 1101 2627 Parisiensis
1121 2556 1217 2630 auct
1218 2574 1289 2629 ore
1309 2547 1481 2629 Archia-

314 2679 480 2787 piscopo
503 2679 645 2762 Odone
666 2681 716 2761 de
737 2680 917 2788 Soliam)
950 2689 1123 2762 consuet
1107 2681 1289 2764 tudinem
1321 2683 1373 2764 ad
1398 2683 1480 2763 alia

315 2811 558 2918 generaliter
587 2813 859 2921 prorogando,
884 2821 1088 2895 statutum
1109 2821 1185 2916 est,
1210 2821 1256 2896 ut
1275 2843 1371 2896 cum
1392 2843 1482 2898 ma·

314 2944 509 3049 trimonia
529 2946 705 3029 fuissent
724 2946 1000 3028 contrahenda
1020 2947 1062 3026 in
1082 2947 1277 3030 Ecclesiis
1297 2975 1481 3058 penpre-

312 3081 502 3188 sbytcros
523 3080 686 3188 publice
706 3089 1030 3189 proponerentur
1045 3083 1290 3190 competenti
1305 3084 1480 3164 termino
1606 3157 1607 3184 p

315 3213 543 3319 praefinite,
577 3221 623 3296 ut
652 3213 760 3294 intra
790 3213 907 3295 illurn
936 3214 1006 3321 qui
1027 3213 1148 3295 vellet
1178 3225 1218 3296 et
1237 3215 1391 3296 valeret
1420 3217 1480 3296 le·

315 3346 504 3453 gitimum
527 3343 865 3456 impedimentum
885 3357 1123 3456 opponeret,
1142 3356 1182 3429 et
1204 3349 1366 3430 interim
1388 3377 1481 3458 pre·

313 3481 468 3586 sbyteri
500 3483 552 3562 ab
583 3483 895 3590 investigatione
926 3507 1008 3562 non
1040 3491 1260 3566 cessarent.

432 3615 491 3692 2⁰
523 3613 802 3695 Gravissimae
842 3641 997 3724 poenae
1038 3615 1204 3708 fuerunt
1244 3615 1480 3724 propositae

313 3751 458 3826 contra
486 3744 704 3827 violatores
734 3745 908 3828 istarum
939 3747 1324 3856 praescriptionum,
1357 3761 1481 3858 prout

315 3903 368 3957 ex
398 3877 534 3959 citatis
556 3879 785 3960 canonibus
807 3889 1062 3988 compertum
1084 3889 1160 3964 est.
1185 3883 1242 3964 At
1261 3883 1341 3963 ista
1360 3881 1480 3964 man-
1606 3847 1607 3886 ἦ

315 4019 459 4092 serunt
487 4012 566 4093 sub
596 4013 804 4120 categoria
834 4013 1219 4123 impedimentorum
1251 4015 1479 4124 impedien-
1606 4055 1607 4090 ι

314 4141 433 4242 tium,
470 4143 621 4251 quibus
650 4144 805 4228 seilicet
834 4173 914 4228 non
947 4147 1174 4230 observatis
1214 4149 1479 4232 matrimonia
1606 4167 1607 4194 ³

319 4274 420 4356 inita
450 4285 565 4356 erant
596 4276 749 4379 illicita,
782 4278 854 4360 sed
886 4287 1023 4360 tamen
1054 4279 1204 4362 valida.
1238 4281 1347 4364 Hinc
1377 4283 1481 4365 vali·
1606 4273 1607 4286 Ν

317 4409 419 4490 dum
449 4411 637 4494 habitum
667 4422 729 4494 est
759 4413 1067 4496 matrimonium
1097 4425 1409 4525 praesumptum
1425 4445 1478 4498 ex
