1031 1440
400 554 518 575 TITULUS
533 554 590 575 XIV.

306 620 338 640 De
352 620 528 647 consanguinitate
543 622 561 640 et
575 621 685 648 affinitate.

251 719 280 740 1.‘
294 720 395 747 Bipartita
410 722 441 740 est
456 720 519 747 hujus
533 720 587 741 tituli
598 721 699 746 traatatio,
713 723 736 742 ut
746 721 788 748 pri-

201 760 263 774 mum
274 754 298 774 de
309 754 487 781 consanguinitate
498 754 571 775 deinde
581 755 606 775 de
615 754 713 775 affinitate
720 761 789 775 sermo

196 787 237 807 sit.
255 787 429 814 Consanguinitas
444 794 512 815 porro,
530 790 553 808 ut
567 788 655 809 habetur
672 788 788 808 eommuni-

201 824 236 841 ter
251 821 305 848 apud
326 820 432 841 Doctores:
457 829 466 839 ι
477 822 508 841 est
527 821 633 841 vinculum
654 828 789 848 personarum

199 860 258 881 quae
273 854 300 874 ab
315 854 387 874 eodem
402 854 471 881 stipite
479 861 516 874 seu
527 854 657 882 progenitore
667 861 732 881 eoque
742 861 790 881 pro-

201 888 281 915 pinquo
297 894 333 915 per
348 887 451 908 carnalem
466 887 619 915 generationem
629 888 763 908 desoendunt.
777 896 785 906 »

200 921 226 942 In
242 927 284 948 qua
298 921 416 942 definitione
431 921 489 948 prius
504 921 677 942 considerandum
693 923 724 941 est
734 921 788 948 quod

202 962 216 975 a
232 955 354 982 cognatione
369 949 410 975 hae
419 954 528 975 inducatur
538 955 643 975 vinculum
654 961 789 982 personarum

202 988 261 1016 quod
276 988 343 1009 obstet
358 988 436 1015 nuptiis
451 988 504 1009 inter
519 988 601 1009 easdem
622 995 721 1016 personas
740 995 790 1009 con-

202 1022 319 1043 trahendis-
336 1022 415 1042 Deinde
431 1029 478 1042 vero
494 1022 640 1043 attendendum
651 1024 682 1042 est
693 1022 746 1043 hanc
756 1029 790 1042 eo—

201 1055 324 1083 gnationem
340 1055 417 1081 enasci,
434 1062 460 1076 ex
476 1062 500 1076 eo
515 1056 571 1083 quod
581 1055 704 1083 proveniunt
716 1062 789 1076 omnes

203 1096 242 1117 per
258 1089 361 1109 carnalem
377 1089 529 1116 generationem
545 1089 571 1109 ab
586 1090 658 1110 eodem
674 1089 742 1116 stipite
752 1096 790 1109 seu

203 1123 336 1151 progenitore
348 1123 471 1151 propinquo,
489 1129 550 1143 secus
560 1129 632 1143 omnes
642 1122 736 1145 homines
746 1129 792 1150 per-

202 1156 304 1177 sentirent
319 1156 358 1177 hoc
373 1156 479 1177 vinculum
495 1156 544 1183 quia
558 1163 631 1177 omnes
646 1157 672 1177 ab
687 1157 755 1177 Adam
771 1158 790 1176 et

204 1190 252 1210 Eva
267 1190 386 1217 procedunt.
403 1190 425 1210 In
441 1189 480 1210 hae
493 1196 553 1217 porro
563 1190 685 1217 cognatione
695 1196 732 1210 seu
743 1196 792 1209 con-
