<?xml version="1.0" encoding="UTF-8"?>
<!DOCTYPE html PUBLIC "-//W3C//DTD XHTML 1.0 Transitional//EN"
    "http://www.w3.org/TR/xhtml1/DTD/xhtml1-transitional.dtd">
<html xmlns="http://www.w3.org/1999/xhtml" xml:lang="en" lang="en">
 <head>
  <title>
</title>
<meta http-equiv="Content-Type" content="text/html;charset=utf-8" />
  <meta name='ocr-system' content='tesseract 3.04.00' />
  <meta name='ocr-capabilities' content='ocr_page ocr_carea ocr_par ocr_line ocrx_word'/>
</head>
<body>
  <div class='ocr_page' id='page_1' title='image "./praelectionesju00angegoog/praelectionesju00angegoog_0472.png"; bbox 0 0 3388 5136; ppageno 0'>
   <div class='ocr_carea' id='block_1_1' title="bbox 552 423 1372 492">
    <p class='ocr_par' dir='ltr' id='par_1_1' title="bbox 552 423 1372 492">
     <span class='ocr_line' id='line_1_1' title="bbox 552 423 1372 492; baseline 0.007 -8"><span class='ocrx_word' id='word_1_1' title='bbox 552 440 653 485; x_wconf 71' lang='lat' dir='ltr'>praua</span> <span class='ocrx_word' id='word_1_2' title='bbox 678 441 705 485; x_wconf 89' lang='lat' dir='ltr'>v.</span> <span class='ocrx_word' id='word_1_3' title='bbox 730 457 772 470; x_wconf 93' lang='lat'>-</span> <span class='ocrx_word' id='word_1_4' title='bbox 795 442 935 488; x_wconf 79' lang='lat' dir='ltr'>rrrunus</span> <span class='ocrx_word' id='word_1_5' title='bbox 958 443 1004 488; x_wconf 87' lang='lat'><em>111.</em></span> <span class='ocrx_word' id='word_1_6' title='bbox 1307 423 1372 492; x_wconf 84' lang='lat'>109</span> 
     </span>
    </p>
   </div>
   <div class='ocr_carea' id='block_1_2' title="bbox 195 565 1373 2939">
    <p class='ocr_par' dir='ltr' id='par_1_2' title="bbox 196 565 1373 2278">
     <span class='ocr_line' id='line_1_2' title="bbox 198 565 1373 676; baseline 0.007 -34"><span class='ocrx_word' id='word_1_7' title='bbox 198 571 269 645; x_wconf 90' lang='lat' dir='ltr'>aut</span> <span class='ocrx_word' id='word_1_8' title='bbox 299 565 489 646; x_wconf 91' lang='lat' dir='ltr'>movendi</span> <span class='ocrx_word' id='word_1_9' title='bbox 521 567 572 646; x_wconf 92' lang='lat' dir='ltr'>ad</span> <span class='ocrx_word' id='word_1_10' title='bbox 604 565 809 673; x_wconf 74' lang='lat' dir='ltr'>reciproce</span> <span class='ocrx_word' id='word_1_11' title='bbox 841 567 1023 648; x_wconf 90' lang='lat' dir='ltr'>dandum</span> <span class='ocrx_word' id='word_1_12' title='bbox 1046 569 1275 676; x_wconf 80' lang='lat' dir='ltr'>spirituale,</span> <span class='ocrx_word' id='word_1_13' title='bbox 1300 578 1373 652; x_wconf 91' lang='lat' dir='ltr'>aut</span> 
     </span>
     <span class='ocr_line' id='line_1_3' title="bbox 197 698 1373 805; baseline 0.008 -28"><span class='ocrx_word' id='word_1_14' title='bbox 197 706 407 799; x_wconf 89' lang='lat' dir='ltr'>econtra,</span> <span class='ocrx_word' id='word_1_15' title='bbox 442 698 544 778; x_wconf 89' lang='lat' dir='ltr'>alter</span> <span class='ocrx_word' id='word_1_16' title='bbox 574 726 671 780; x_wconf 89' lang='lat' dir='ltr'>vero</span> <span class='ocrx_word' id='word_1_17' title='bbox 703 699 742 781; x_wconf 92' lang='lat' dir='ltr'>id</span> <span class='ocrx_word' id='word_1_18' title='bbox 775 701 839 781; x_wconf 86' lang='lat' dir='ltr'>vel</span> <span class='ocrx_word' id='word_1_19' title='bbox 871 727 953 782; x_wconf 89' lang='lat' dir='ltr'>non</span> <span class='ocrx_word' id='word_1_20' title='bbox 986 703 1176 805; x_wconf 87' lang='lat' dir='ltr'>advertit,</span> <span class='ocrx_word' id='word_1_21' title='bbox 1205 705 1269 786; x_wconf 83' lang='lat' dir='ltr'>vel</span> <span class='ocrx_word' id='word_1_22' title='bbox 1301 705 1373 786; x_wconf 85' lang='lat' dir='ltr'>ad-</span> 
     </span>
     <span class='ocr_line' id='line_1_4' title="bbox 197 834 1369 946; baseline 0.009 -38"><span class='ocrx_word' id='word_1_23' title='bbox 197 839 359 912; x_wconf 86' lang='lat' dir='ltr'>vertens</span> <span class='ocrx_word' id='word_1_24' title='bbox 389 857 471 912; x_wconf 92' lang='lat' dir='ltr'>non</span> <span class='ocrx_word' id='word_1_25' title='bbox 501 834 721 934; x_wconf 88' lang='lat' dir='ltr'>consentit,</span> <span class='ocrx_word' id='word_1_26' title='bbox 754 841 794 915; x_wconf 90' lang='lat' dir='ltr'>et</span> <span class='ocrx_word' id='word_1_27' title='bbox 824 841 1043 943; x_wconf 89' lang='lat' dir='ltr'>propterea</span> <span class='ocrx_word' id='word_1_28' title='bbox 1068 862 1149 916; x_wconf 93' lang='lat' dir='ltr'>non</span> <span class='ocrx_word' id='word_1_29' title='bbox 1170 845 1369 946; x_wconf 88' lang='lat' dir='ltr'>acceptat,</span> 
     </span>
     <span class='ocr_line' id='line_1_5' title="bbox 197 963 1367 1079; baseline 0.01 -38"><span class='ocrx_word' id='word_1_30' title='bbox 197 963 258 1044; x_wconf 91' lang='lat' dir='ltr'>vel</span> <span class='ocrx_word' id='word_1_31' title='bbox 290 964 504 1073; x_wconf 82' lang='lat' dir='ltr'>spirituale</span> <span class='ocrx_word' id='word_1_32' title='bbox 534 967 740 1077; x_wconf 80' lang='lat' dir='ltr'>reciproce</span> <span class='ocrx_word' id='word_1_33' title='bbox 771 995 854 1049; x_wconf 91' lang='lat' dir='ltr'>non</span> <span class='ocrx_word' id='word_1_34' title='bbox 890 970 973 1066; x_wconf 88' lang='lat' dir='ltr'>dat,</span> <span class='ocrx_word' id='word_1_35' title='bbox 1008 978 1080 1051; x_wconf 90' lang='lat' dir='ltr'>aut</span> <span class='ocrx_word' id='word_1_36' title='bbox 1101 971 1171 1051; x_wconf 89' lang='lat' dir='ltr'>dat</span> <span class='ocrx_word' id='word_1_37' title='bbox 1187 970 1367 1079; x_wconf 90' lang='lat' dir='ltr'>quidem,</span> 
     </span>
     <span class='ocr_line' id='line_1_6' title="bbox 197 1101 1372 1213; baseline 0.009 -36"><span class='ocrx_word' id='word_1_38' title='bbox 197 1125 278 1178; x_wconf 93' lang='lat' dir='ltr'>non</span> <span class='ocrx_word' id='word_1_39' title='bbox 309 1107 446 1181; x_wconf 91' lang='lat' dir='ltr'>tamen</span> <span class='ocrx_word' id='word_1_40' title='bbox 479 1101 631 1182; x_wconf 90' lang='lat' dir='ltr'>intuitu</span> <span class='ocrx_word' id='word_1_41' title='bbox 663 1102 774 1182; x_wconf 88' lang='lat' dir='ltr'>illius</span> <span class='ocrx_word' id='word_1_42' title='bbox 804 1103 1063 1212; x_wconf 79' lang='lat' dir='ltr'>temporalis</span> <span class='ocrx_word' id='word_1_43' title='bbox 1098 1107 1158 1185; x_wconf 87' lang='lat' dir='ltr'>lta</span> <span class='ocrx_word' id='word_1_44' title='bbox 1188 1131 1238 1185; x_wconf 85' lang='lat' dir='ltr'>ex</span> <span class='ocrx_word' id='word_1_45' title='bbox 1256 1115 1372 1213; x_wconf 88' lang='lat' dir='ltr'>parte</span> 
     </span>
     <span class='ocr_line' id='line_1_7' title="bbox 197 1231 1373 1342; baseline 0.007 -30"><span class='ocrx_word' id='word_1_46' title='bbox 197 1231 322 1312; x_wconf 91' lang='lat' dir='ltr'>unius</span> <span class='ocrx_word' id='word_1_47' title='bbox 353 1233 534 1314; x_wconf 85' lang='lat' dir='ltr'>Simonis</span> <span class='ocrx_word' id='word_1_48' title='bbox 565 1235 696 1342; x_wconf 84' lang='lat' dir='ltr'>Magi,</span> <span class='ocrx_word' id='word_1_49' title='bbox 730 1263 811 1316; x_wconf 90' lang='lat' dir='ltr'>non</span> <span class='ocrx_word' id='word_1_50' title='bbox 846 1237 944 1318; x_wconf 90' lang='lat' dir='ltr'>item</span> <span class='ocrx_word' id='word_1_51' title='bbox 976 1237 1028 1318; x_wconf 90' lang='lat' dir='ltr'>D.</span> <span class='ocrx_word' id='word_1_52' title='bbox 1064 1237 1175 1320; x_wconf 91' lang='lat' dir='ltr'>Petri</span> <span class='ocrx_word' id='word_1_53' title='bbox 1208 1238 1286 1320; x_wconf 88' lang='lat' dir='ltr'>luit</span> <span class='ocrx_word' id='word_1_54' title='bbox 1315 1240 1373 1320; x_wconf 84' lang='lat' dir='ltr'>si-</span> 
     </span>
     <span class='ocr_line' id='line_1_8' title="bbox 197 1365 1373 1478; baseline 0.008 -34"><span class='ocrx_word' id='word_1_55' title='bbox 197 1365 334 1446; x_wconf 90' lang='lat' dir='ltr'>monia</span> <span class='ocrx_word' id='word_1_56' title='bbox 371 1369 607 1470; x_wconf 92' lang='lat' dir='ltr'>commissa,</span> <span class='ocrx_word' id='word_1_57' title='bbox 642 1369 741 1450; x_wconf 91' lang='lat' dir='ltr'>dum</span> <span class='ocrx_word' id='word_1_58' title='bbox 782 1371 849 1450; x_wconf 93' lang='lat' dir='ltr'>ille</span> <span class='ocrx_word' id='word_1_59' title='bbox 896 1370 996 1451; x_wconf 93' lang='lat' dir='ltr'>huic</span> <span class='ocrx_word' id='word_1_60' title='bbox 1027 1371 1191 1478; x_wconf 90' lang='lat' dir='ltr'>quidem</span> <span class='ocrx_word' id='word_1_61' title='bbox 1225 1371 1373 1454; x_wconf 92' lang='lat' dir='ltr'>obtulit</span> 
     </span>
     <span class='ocr_line' id='line_1_9' title="bbox 196 1502 1370 1612; baseline 0.007 -32"><span class='ocrx_word' id='word_1_62' title='bbox 196 1502 415 1606; x_wconf 90' lang='lat' dir='ltr'>pecuniam</span> <span class='ocrx_word' id='word_1_63' title='bbox 430 1530 504 1611; x_wconf 91' lang='lat' dir='ltr'>pro</span> <span class='ocrx_word' id='word_1_64' title='bbox 522 1504 630 1584; x_wconf 91' lang='lat' dir='ltr'>dono</span> <span class='ocrx_word' id='word_1_65' title='bbox 647 1503 827 1612; x_wconf 85' lang='lat' dir='ltr'>Spiritus</span> <span class='ocrx_word' id='word_1_66' title='bbox 849 1505 1003 1603; x_wconf 82' lang='lat' dir='ltr'>Sancti,</span> <span class='ocrx_word' id='word_1_67' title='bbox 1031 1506 1075 1586; x_wconf 88' lang='lat' dir='ltr'>S.</span> <span class='ocrx_word' id='word_1_68' title='bbox 1102 1505 1251 1587; x_wconf 88' lang='lat' dir='ltr'>Petrus</span> <span class='ocrx_word' id='word_1_69' title='bbox 1274 1533 1370 1588; x_wconf 91' lang='lat' dir='ltr'>vero</span> 
     </span>
     <span class='ocr_line' id='line_1_10' title="bbox 198 1637 1371 1744; baseline 0.006 -30"><span class='ocrx_word' id='word_1_70' title='bbox 198 1661 280 1714; x_wconf 92' lang='lat' dir='ltr'>non</span> <span class='ocrx_word' id='word_1_71' title='bbox 313 1637 552 1744; x_wconf 80' lang='lat' dir='ltr'>acceptavit,</span> <span class='ocrx_word' id='word_1_72' title='bbox 587 1639 659 1719; x_wconf 92' lang='lat' dir='ltr'>sed</span> <span class='ocrx_word' id='word_1_73' title='bbox 691 1641 897 1721; x_wconf 91' lang='lat' dir='ltr'>recusavit</span> <span class='ocrx_word' id='word_1_74' title='bbox 918 1639 1086 1720; x_wconf 89' lang='lat' dir='ltr'>dicens:</span> <span class='ocrx_word' id='word_1_75' title='bbox 1113 1691 1160 1702; x_wconf 91' lang='lat'>-</span> <span class='ocrx_word' id='word_1_76' title='bbox 1184 1640 1371 1722; x_wconf 81' lang='lat' dir='ltr'>Pecunia</span> 
     </span>
     <span class='ocr_line' id='line_1_11' title="bbox 196 1772 1371 1884; baseline 0.007 -36"><span class='ocrx_word' id='word_1_77' title='bbox 196 1777 268 1848; x_wconf 86' lang='lat' dir='ltr'>tua</span> <span class='ocrx_word' id='word_1_78' title='bbox 299 1778 428 1850; x_wconf 86' lang='lat' dir='ltr'>tecum</span> <span class='ocrx_word' id='word_1_79' title='bbox 457 1772 510 1850; x_wconf 86' lang='lat' dir='ltr'>sit</span> <span class='ocrx_word' id='word_1_80' title='bbox 542 1773 583 1852; x_wconf 86' lang='lat' dir='ltr'>in</span> <span class='ocrx_word' id='word_1_81' title='bbox 607 1773 897 1884; x_wconf 84' lang='lat' dir='ltr'>perditionem.</span> <span class='ocrx_word' id='word_1_82' title='bbox 932 1773 1041 1854; x_wconf 94' lang='lat' dir='ltr'>Hinc</span> <span class='ocrx_word' id='word_1_83' title='bbox 1068 1773 1108 1854; x_wconf 93' lang='lat' dir='ltr'>in</span> <span class='ocrx_word' id='word_1_84' title='bbox 1135 1773 1371 1856; x_wconf 89' lang='lat' dir='ltr'>delinitione</span> 
     </span>
     <span class='ocr_line' id='line_1_12' title="bbox 197 1901 1372 2016; baseline 0.005 -34"><span class='ocrx_word' id='word_1_85' title='bbox 197 1928 277 1982; x_wconf 90' lang='lat' dir='ltr'>non</span> <span class='ocrx_word' id='word_1_86' title='bbox 310 1901 461 1984; x_wconf 91' lang='lat' dir='ltr'>dicitur</span> <span class='ocrx_word' id='word_1_87' title='bbox 488 1913 669 2016; x_wconf 82' lang='lat' dir='ltr'>pactum,</span> <span class='ocrx_word' id='word_1_88' title='bbox 704 1907 767 1986; x_wconf 90' lang='lat' dir='ltr'>vel</span> <span class='ocrx_word' id='word_1_89' title='bbox 799 1914 1049 2007; x_wconf 87' lang='lat' dir='ltr'>contractus,</span> <span class='ocrx_word' id='word_1_90' title='bbox 1084 1907 1156 1987; x_wconf 91' lang='lat' dir='ltr'>sed</span> <span class='ocrx_word' id='word_1_91' title='bbox 1186 1906 1372 1988; x_wconf 85' lang='lat' dir='ltr'>studiosa</span> 
     </span>
     <span class='ocr_line' id='line_1_13' title="bbox 196 2037 1371 2140; baseline 0.007 -23"><span class='ocrx_word' id='word_1_92' title='bbox 196 2037 382 2118; x_wconf 84' lang='lat' dir='ltr'>uoluntas</span> <span class='ocrx_word' id='word_1_93' title='bbox 404 2066 487 2121; x_wconf 89' lang='lat' dir='ltr'>ecc.</span> <span class='ocrx_word' id='word_1_94' title='bbox 512 2040 572 2120; x_wconf 85' lang='lat' dir='ltr'>lta</span> <span class='ocrx_word' id='word_1_95' title='bbox 593 2041 862 2122; x_wconf 81' lang='lat' dir='ltr'>Reiffenstuel</span> <span class='ocrx_word' id='word_1_96' title='bbox 889 2041 931 2121; x_wconf 90' lang='lat' dir='ltr'>h.</span> <span class='ocrx_word' id='word_1_97' title='bbox 957 2051 987 2123; x_wconf 93' lang='lat' dir='ltr'>t.</span> <span class='ocrx_word' id='word_1_98' title='bbox 1027 2069 1068 2122; x_wconf 88' lang='lat' dir='ltr'>n.</span> <span class='ocrx_word' id='word_1_99' title='bbox 1097 2041 1371 2140; x_wconf 74' lang='lat' dir='ltr'>70‚80ma12-</span> 
     </span>
     <span class='ocr_line' id='line_1_14' title="bbox 198 2171 695 2278; baseline -0.004 -24"><span class='ocrx_word' id='word_1_100' title='bbox 198 2173 374 2278; x_wconf 87' lang='lat' dir='ltr'>grueber</span> <span class='ocrx_word' id='word_1_101' title='bbox 404 2171 445 2252; x_wconf 93' lang='lat' dir='ltr'>h.</span> <span class='ocrx_word' id='word_1_102' title='bbox 481 2181 512 2254; x_wconf 94' lang='lat' dir='ltr'>t.</span> <span class='ocrx_word' id='word_1_103' title='bbox 548 2201 588 2252; x_wconf 94' lang='lat' dir='ltr'>n.</span> <span class='ocrx_word' id='word_1_104' title='bbox 625 2177 695 2252; x_wconf 88' lang='grc'>48.</span> 
     </span>
    </p>

    <p class='ocr_par' dir='ltr' id='par_1_3' title="bbox 195 2303 1371 2939">
     <span class='ocr_line' id='line_1_15' title="bbox 280 2303 1371 2412; baseline 0.005 -28"><span class='ocrx_word' id='word_1_105' title='bbox 280 2307 340 2387; x_wconf 89' lang='lat' dir='ltr'>Ita</span> <span class='ocrx_word' id='word_1_106' title='bbox 370 2311 521 2385; x_wconf 87' lang='lat' dir='ltr'>natura</span> <span class='ocrx_word' id='word_1_107' title='bbox 552 2311 591 2385; x_wconf 88' lang='lat' dir='ltr'>et</span> <span class='ocrx_word' id='word_1_108' title='bbox 607 2303 741 2385; x_wconf 92' lang='lat' dir='ltr'>indole</span> <span class='ocrx_word' id='word_1_109' title='bbox 764 2305 871 2412; x_wconf 88' lang='lat' dir='ltr'>pacti</span> <span class='ocrx_word' id='word_1_110' title='bbox 895 2304 1113 2405; x_wconf 90' lang='lat' dir='ltr'>intellecta,</span> <span class='ocrx_word' id='word_1_111' title='bbox 1137 2303 1232 2386; x_wconf 91' lang='lat' dir='ltr'>licet</span> <span class='ocrx_word' id='word_1_112' title='bbox 1252 2306 1371 2389; x_wconf 88' lang='lat' dir='ltr'>docta</span> 
     </span>
     <span class='ocr_line' id='line_1_16' title="bbox 195 2437 1370 2546; baseline 0.004 -29"><span class='ocrx_word' id='word_1_113' title='bbox 195 2437 404 2546; x_wconf 68' lang='lat' dir='ltr'>iniquitas</span> <span class='ocrx_word' id='word_1_114' title='bbox 441 2445 481 2520; x_wconf 87' lang='lat' dir='ltr'>et</span> <span class='ocrx_word' id='word_1_115' title='bbox 512 2437 719 2545; x_wconf 82' lang='lat' dir='ltr'>cupiditas</span> <span class='ocrx_word' id='word_1_116' title='bbox 751 2437 993 2518; x_wconf 86' lang='lat' dir='ltr'>execrabilis</span> <span class='ocrx_word' id='word_1_117' title='bbox 1025 2437 1200 2519; x_wconf 91' lang='lat' dir='ltr'>habendi</span> <span class='ocrx_word' id='word_1_118' title='bbox 1232 2439 1370 2522; x_wconf 88' lang='lat' dir='ltr'>varios</span> 
     </span>
     <span class='ocr_line' id='line_1_17' title="bbox 196 2570 1370 2680; baseline 0.003 -28"><span class='ocrx_word' id='word_1_119' title='bbox 196 2574 341 2654; x_wconf 91' lang='lat' dir='ltr'>modos</span> <span class='ocrx_word' id='word_1_120' title='bbox 357 2570 666 2679; x_wconf 79' lang='lat' dir='ltr'>excogitaverit,</span> <span class='ocrx_word' id='word_1_121' title='bbox 688 2571 840 2680; x_wconf 91' lang='lat' dir='ltr'>quibus</span> <span class='ocrx_word' id='word_1_122' title='bbox 859 2571 1155 2680; x_wconf 89' lang='lat' dir='ltr'>turpitudinem</span> <span class='ocrx_word' id='word_1_123' title='bbox 1167 2571 1370 2656; x_wconf 86' lang='lat' dir='ltr'>simoniae</span> 
     </span>
     <span class='ocr_line' id='line_1_18' title="bbox 195 2705 1369 2812; baseline 0.001 -28"><span class='ocrx_word' id='word_1_124' title='bbox 195 2713 332 2811; x_wconf 89' lang='lat' dir='ltr'>tegare</span> <span class='ocrx_word' id='word_1_125' title='bbox 367 2705 528 2811; x_wconf 83' lang='lat' dir='ltr'>sategit,</span> <span class='ocrx_word' id='word_1_126' title='bbox 571 2705 736 2812; x_wconf 88' lang='lat' dir='ltr'>palliola</span> <span class='ocrx_word' id='word_1_127' title='bbox 771 2716 909 2787; x_wconf 89' lang='lat' dir='ltr'>tamen</span> <span class='ocrx_word' id='word_1_128' title='bbox 940 2706 1022 2788; x_wconf 91' lang='lat' dir='ltr'>ista</span> <span class='ocrx_word' id='word_1_129' title='bbox 1056 2705 1162 2787; x_wconf 88' lang='lat' dir='ltr'>sacri</span> <span class='ocrx_word' id='word_1_130' title='bbox 1190 2731 1369 2787; x_wconf 90' lang='lat' dir='ltr'>canones</span> 
     </span>
     <span class='ocr_line' id='line_1_19' title="bbox 198 2837 1370 2939; baseline 0.002 -21"><span class='ocrx_word' id='word_1_131' title='bbox 198 2837 455 2939; x_wconf 82' lang='lat' dir='ltr'>detexerunt,</span> <span class='ocrx_word' id='word_1_132' title='bbox 489 2847 529 2918; x_wconf 90' lang='lat' dir='ltr'>et</span> <span class='ocrx_word' id='word_1_133' title='bbox 559 2837 642 2918; x_wconf 86' lang='lat' dir='ltr'>vim</span> <span class='ocrx_word' id='word_1_134' title='bbox 674 2865 837 2918; x_wconf 90' lang='lat' dir='ltr'>ornnem</span> <span class='ocrx_word' id='word_1_135' title='bbox 870 2839 930 2918; x_wconf 88' lang='lat' dir='ltr'>eis</span> <span class='ocrx_word' id='word_1_136' title='bbox 961 2839 1234 2920; x_wconf 90' lang='lat' dir='ltr'>abstulerunt.</span> <span class='ocrx_word' id='word_1_137' title='bbox 1260 2839 1370 2920; x_wconf 84' lang='lat' dir='ltr'>Sane</span> 
     </span>
    </p>
   </div>
   <div class='ocr_carea' id='block_1_3' title="bbox 7 2971 1514 3213">
    <p class='ocr_par' dir='ltr' id='par_1_4' title="bbox 7 2971 1514 3213">
     <span class='ocr_line' id='line_1_20' title="bbox 195 2971 1514 3080; baseline 0.002 -28"><span class='ocrx_word' id='word_1_138' title='bbox 195 2972 482 3080; x_wconf 88' lang='lat' dir='ltr'>praedicarunt</span> <span class='ocrx_word' id='word_1_139' title='bbox 498 2971 594 3052; x_wconf 92' lang='lat' dir='ltr'>olim</span> <span class='ocrx_word' id='word_1_140' title='bbox 615 2971 679 3053; x_wconf 87' lang='lat' dir='ltr'>isti</span> <span class='ocrx_word' id='word_1_141' title='bbox 697 2973 912 3054; x_wconf 85' lang='lat' dir='ltr'>simoniaci</span> <span class='ocrx_word' id='word_1_142' title='bbox 930 2973 980 3053; x_wconf 89' lang='lat' dir='ltr'>ad</span> <span class='ocrx_word' id='word_1_143' title='bbox 998 2980 1161 3080; x_wconf 90' lang='lat' dir='ltr'>turpem</span> <span class='ocrx_word' id='word_1_144' title='bbox 1183 2973 1370 3054; x_wconf 89' lang='lat' dir='ltr'>animum</span> <span class='ocrx_word' id='word_1_145' title='bbox 1433 3050 1435 3056; x_wconf 79' lang='grc'>,</span> <span class='ocrx_word' id='word_1_146' title='bbox 1510 2973 1514 2980; x_wconf 80' lang='grc'><strong>’</strong></span> 
     </span>
     <span class='ocr_line' id='line_1_21' title="bbox 7 3085 1369 3213; baseline -0.003 -26"><span class='ocrx_word' id='word_1_147' title='bbox 7 3085 9 3102; x_wconf 61' lang='grc'><strong>’</strong></span> <span class='ocrx_word' id='word_1_148' title='bbox 142 3121 145 3124; x_wconf 83' lang='grc'><strong>’</strong></span> <span class='ocrx_word' id='word_1_149' title='bbox 195 3107 431 3211; x_wconf 91' lang='lat' dir='ltr'>tegendum,</span> <span class='ocrx_word' id='word_1_150' title='bbox 453 3106 562 3213; x_wconf 92' lang='lat' dir='ltr'>quod</span> <span class='ocrx_word' id='word_1_151' title='bbox 583 3151 642 3172; x_wconf 88' lang='lat'>--</span> <span class='ocrx_word' id='word_1_152' title='bbox 667 3137 684 3180; x_wconf 83' lang='lat'><strong>&lt;</strong></span> <span class='ocrx_word' id='word_1_153' title='bbox 707 3106 804 3186; x_wconf 89' lang='lat' dir='ltr'>dare</span> <span class='ocrx_word' id='word_1_154' title='bbox 825 3104 1049 3212; x_wconf 86' lang='lat' dir='ltr'>temporale</span> <span class='ocrx_word' id='word_1_155' title='bbox 1069 3131 1143 3211; x_wconf 92' lang='lat' dir='ltr'>pro</span> <span class='ocrx_word' id='word_1_156' title='bbox 1165 3103 1369 3212; x_wconf 86' lang='lat' dir='ltr'>spirituali</span> 
     </span>
    </p>
   </div>
   <div class='ocr_carea' id='block_1_4' title="bbox 141 3238 1371 4154">
    <p class='ocr_par' dir='ltr' id='par_1_5' title="bbox 141 3238 1371 4154">
     <span class='ocr_line' id='line_1_22' title="bbox 201 3238 1370 3352; baseline 0.005 -38"><span class='ocrx_word' id='word_1_157' title='bbox 201 3273 218 3314; x_wconf 84' lang='lat'>»</span> <span class='ocrx_word' id='word_1_158' title='bbox 240 3267 320 3321; x_wconf 92' lang='lat' dir='ltr'>non</span> <span class='ocrx_word' id='word_1_159' title='bbox 339 3240 602 3338; x_wconf 87' lang='lat' dir='ltr'>estsimonia,</span> <span class='ocrx_word' id='word_1_160' title='bbox 621 3241 785 3348; x_wconf 91' lang='lat' dir='ltr'>quando</span> <span class='ocrx_word' id='word_1_161' title='bbox 797 3238 1021 3346; x_wconf 85' lang='lat' dir='ltr'>temporale</span> <span class='ocrx_word' id='word_1_162' title='bbox 1034 3265 1115 3318; x_wconf 91' lang='lat' dir='ltr'>non</span> <span class='ocrx_word' id='word_1_163' title='bbox 1128 3239 1249 3352; x_wconf 85' lang='lat' dir='ltr'>datur</span> <span class='ocrx_word' id='word_1_164' title='bbox 1263 3245 1370 3320; x_wconf 93' lang='lat' dir='ltr'>tam-</span> 
     </span>
     <span class='ocr_line' id='line_1_23' title="bbox 200 3372 1368 3484; baseline -0.002 -32"><span class='ocrx_word' id='word_1_165' title='bbox 200 3403 363 3484; x_wconf 82' lang='lat' dir='ltr'>›quam</span> <span class='ocrx_word' id='word_1_166' title='bbox 386 3377 579 3484; x_wconf 91' lang='lat' dir='ltr'>pretium,</span> <span class='ocrx_word' id='word_1_167' title='bbox 604 3376 677 3455; x_wconf 90' lang='lat' dir='ltr'>sed</span> <span class='ocrx_word' id='word_1_168' title='bbox 700 3376 916 3456; x_wconf 78' lang='lat' dir='ltr'>dumtaxat</span> <span class='ocrx_word' id='word_1_169' title='bbox 937 3383 1150 3480; x_wconf 89' lang='lat' dir='ltr'>tamquam</span> <span class='ocrx_word' id='word_1_170' title='bbox 1168 3372 1368 3451; x_wconf 83' lang='lat' dir='ltr'>motivum</span> 
     </span>
     <span class='ocr_line' id='line_1_24' title="bbox 200 3503 1369 3616; baseline -0.003 -31"><span class='ocrx_word' id='word_1_171' title='bbox 200 3509 489 3608; x_wconf 80' lang='lat' dir='ltr'>»conserendi,</span> <span class='ocrx_word' id='word_1_172' title='bbox 525 3509 588 3588; x_wconf 91' lang='lat' dir='ltr'>vel</span> <span class='ocrx_word' id='word_1_173' title='bbox 630 3507 828 3608; x_wconf 87' lang='lat' dir='ltr'>efficiendi</span> <span class='ocrx_word' id='word_1_174' title='bbox 871 3506 1101 3616; x_wconf 91' lang='lat' dir='ltr'>spirituale,</span> <span class='ocrx_word' id='word_1_175' title='bbox 1138 3505 1202 3584; x_wconf 89' lang='lat' dir='ltr'>vel</span> <span class='ocrx_word' id='word_1_176' title='bbox 1244 3503 1369 3583; x_wconf 89' lang='lat' dir='ltr'>etiam</span> 
     </span>
     <span class='ocr_line' id='line_1_25' title="bbox 201 3638 1370 3750; baseline 0.001 -31"><span class='ocrx_word' id='word_1_177' title='bbox 201 3676 218 3719; x_wconf 86' lang='lat'><strong>›</strong></span> <span class='ocrx_word' id='word_1_178' title='bbox 241 3640 404 3750; x_wconf 89' lang='lat' dir='ltr'>quando</span> <span class='ocrx_word' id='word_1_179' title='bbox 413 3641 645 3748; x_wconf 83' lang='lat' dir='ltr'>temporale</span> <span class='ocrx_word' id='word_1_180' title='bbox 662 3640 715 3722; x_wconf 89' lang='lat' dir='ltr'>sit</span> <span class='ocrx_word' id='word_1_181' title='bbox 736 3642 870 3723; x_wconf 89' lang='lat' dir='ltr'>solum</span> <span class='ocrx_word' id='word_1_182' title='bbox 890 3642 1073 3750; x_wconf 91' lang='lat' dir='ltr'>gratuita</span> <span class='ocrx_word' id='word_1_183' title='bbox 1088 3638 1370 3749; x_wconf 89' lang='lat' dir='ltr'>compensatio</span> 
     </span>
     <span class='ocr_line' id='line_1_26' title="bbox 201 3773 1371 3887; baseline 0.003 -35"><span class='ocrx_word' id='word_1_184' title='bbox 201 3809 219 3852; x_wconf 82' lang='lat'>›</span> <span class='ocrx_word' id='word_1_185' title='bbox 241 3802 314 3884; x_wconf 93' lang='lat' dir='ltr'>pro</span> <span class='ocrx_word' id='word_1_186' title='bbox 346 3773 564 3883; x_wconf 90' lang='lat' dir='ltr'>spirituali,</span> <span class='ocrx_word' id='word_1_187' title='bbox 600 3783 672 3857; x_wconf 88' lang='lat' dir='ltr'>aut</span> <span class='ocrx_word' id='word_1_188' title='bbox 693 3805 714 3858; x_wconf 92' lang='lat' dir='ltr'>e</span> <span class='ocrx_word' id='word_1_189' title='bbox 736 3787 893 3859; x_wconf 88' lang='lat' dir='ltr'>contra.</span> <span class='ocrx_word' id='word_1_190' title='bbox 918 3776 1185 3860; x_wconf 78' lang='lat' dir='ltr'>Addiderunt</span> <span class='ocrx_word' id='word_1_191' title='bbox 1207 3777 1371 3887; x_wconf 78' lang='lat' dir='ltr'>insuper</span> 
     </span>
     <span class='ocr_line' id='line_1_27' title="bbox 141 3893 1368 4019; baseline 0.004 -32"><span class='ocrx_word' id='word_1_192' title='bbox 141 3893 144 3900; x_wconf 59' lang='grc'><em>’</em></span> <span class='ocrx_word' id='word_1_193' title='bbox 203 3945 298 3987; x_wconf 75' lang='lat'>›—</span> <span class='ocrx_word' id='word_1_194' title='bbox 321 3909 373 3990; x_wconf 88' lang='lat' dir='ltr'>Et</span> <span class='ocrx_word' id='word_1_195' title='bbox 394 3909 433 3990; x_wconf 91' lang='lat' dir='ltr'>id</span> <span class='ocrx_word' id='word_1_196' title='bbox 456 3936 618 4018; x_wconf 90' lang='lat' dir='ltr'>quoque</span> <span class='ocrx_word' id='word_1_197' title='bbox 641 3910 776 3993; x_wconf 91' lang='lat' dir='ltr'>locum</span> <span class='ocrx_word' id='word_1_198' title='bbox 798 3912 936 4014; x_wconf 88' lang='lat' dir='ltr'>habet,</span> <span class='ocrx_word' id='word_1_199' title='bbox 960 3911 1120 3994; x_wconf 89' lang='lat' dir='ltr'>etiamsi</span> <span class='ocrx_word' id='word_1_200' title='bbox 1143 3911 1368 4019; x_wconf 90' lang='lat' dir='ltr'>temporale</span> 
     </span>
     <span class='ocr_line' id='line_1_28' title="bbox 204 4043 1368 4154; baseline 0.004 -35"><span class='ocrx_word' id='word_1_201' title='bbox 204 4045 297 4125; x_wconf 73' lang='lat' dir='ltr'>»sit</span> <span class='ocrx_word' id='word_1_202' title='bbox 335 4043 560 4152; x_wconf 92' lang='lat' dir='ltr'>principale</span> <span class='ocrx_word' id='word_1_203' title='bbox 603 4045 803 4126; x_wconf 91' lang='lat' dir='ltr'>motivum</span> <span class='ocrx_word' id='word_1_204' title='bbox 846 4045 969 4128; x_wconf 88' lang='lat' dir='ltr'>dandi</span> <span class='ocrx_word' id='word_1_205' title='bbox 1010 4045 1238 4154; x_wconf 88' lang='lat' dir='ltr'>spirituale.</span> <span class='ocrx_word' id='word_1_206' title='bbox 1282 4045 1368 4124; x_wconf 93' lang='lat' dir='ltr'>lmo</span> 
     </span>
    </p>
   </div>
   <div class='ocr_carea' id='block_1_5' title="bbox 197 4175 1370 4557">
    <p class='ocr_par' dir='ltr' id='par_1_6' title="bbox 197 4175 1370 4557">
     <span class='ocr_line' id='line_1_29' title="bbox 200 4175 1369 4288; baseline 0.004 -35"><span class='ocrx_word' id='word_1_207' title='bbox 200 4177 398 4260; x_wconf 80' lang='lat' dir='ltr'>»etiamsi</span> <span class='ocrx_word' id='word_1_208' title='bbox 431 4179 486 4259; x_wconf 89' lang='lat' dir='ltr'>sit</span> <span class='ocrx_word' id='word_1_209' title='bbox 516 4177 612 4260; x_wconf 90' lang='lat' dir='ltr'>linis</span> <span class='ocrx_word' id='word_1_210' title='bbox 643 4179 775 4288; x_wconf 88' lang='lat' dir='ltr'>ipsius</span> <span class='ocrx_word' id='word_1_211' title='bbox 807 4179 865 4260; x_wconf 93' lang='lat' dir='ltr'>rei</span> <span class='ocrx_word' id='word_1_212' title='bbox 887 4178 1114 4288; x_wconf 90' lang='lat' dir='ltr'>spiritualis</span> <span class='ocrx_word' id='word_1_213' title='bbox 1135 4176 1196 4258; x_wconf 92' lang='lat' dir='ltr'>sic</span> <span class='ocrx_word' id='word_1_214' title='bbox 1211 4175 1369 4258; x_wconf 92' lang='lat' dir='ltr'>utillud</span> 
     </span>
     <span class='ocr_line' id='line_1_30' title="bbox 199 4311 1370 4422; baseline 0.005 -34"><span class='ocrx_word' id='word_1_215' title='bbox 199 4345 218 4388; x_wconf 83' lang='lat'>›</span> <span class='ocrx_word' id='word_1_216' title='bbox 239 4311 371 4420; x_wconf 90' lang='lat' dir='ltr'>pluris</span> <span class='ocrx_word' id='word_1_217' title='bbox 401 4312 657 4416; x_wconf 88' lang='lat' dir='ltr'>aestimetur,</span> <span class='ocrx_word' id='word_1_218' title='bbox 682 4339 805 4422; x_wconf 87' lang='lat' dir='ltr'>quam</span> <span class='ocrx_word' id='word_1_219' title='bbox 829 4341 895 4395; x_wconf 90' lang='lat' dir='ltr'>res</span> <span class='ocrx_word' id='word_1_220' title='bbox 916 4311 1148 4422; x_wconf 90' lang='lat' dir='ltr'>spiritualis</span> <span class='ocrx_word' id='word_1_221' title='bbox 1169 4345 1206 4395; x_wconf 70' lang='lat' dir='ltr'>i.</span> <span class='ocrx_word' id='word_1_222' title='bbox 1230 4312 1288 4393; x_wconf 87' lang='lat' dir='ltr'>At</span> <span class='ocrx_word' id='word_1_223' title='bbox 1305 4314 1370 4394; x_wconf 92' lang='lat' dir='ltr'>In-</span> 
     </span>
     <span class='ocr_line' id='line_1_31' title="bbox 197 4445 1369 4557; baseline 0.003 -33"><span class='ocrx_word' id='word_1_224' title='bbox 197 4445 412 4528; x_wconf 88' lang='lat' dir='ltr'>nocentius</span> <span class='ocrx_word' id='word_1_225' title='bbox 429 4447 489 4529; x_wconf 91' lang='lat' dir='ltr'>XI</span> <span class='ocrx_word' id='word_1_226' title='bbox 504 4450 631 4555; x_wconf 92' lang='lat' dir='ltr'>probe</span> <span class='ocrx_word' id='word_1_227' title='bbox 654 4474 829 4530; x_wconf 86' lang='lat' dir='ltr'>noscens</span> <span class='ocrx_word' id='word_1_228' title='bbox 850 4447 891 4528; x_wconf 94' lang='lat' dir='ltr'>in</span> <span class='ocrx_word' id='word_1_229' title='bbox 911 4447 1000 4530; x_wconf 90' lang='lat' dir='ltr'>istis</span> <span class='ocrx_word' id='word_1_230' title='bbox 1015 4447 1369 4557; x_wconf 87' lang='lat' dir='ltr'>propositionibus</span> 
     </span>
    </p>
   </div>
   <div class='ocr_carea' id='block_1_6' title="bbox 0 0 1698 5136">
    <p class='ocr_par' dir='ltr' id='par_1_7' title="bbox 0 0 1698 5136">
     <span class='ocr_line' id='line_1_32' title="bbox 0 0 1698 5136; baseline 0 0"><span class='ocrx_word' id='word_1_231' title='bbox 0 0 1698 5136; x_wconf 95' lang='lat' dir='ltr'> </span> 
     </span>
    </p>
   </div>
  </div>
 </body>
</html>
