3136 5138
420 462 528 514 creua
551 464 595 511 iv.
618 481 641 495 -
661 462 800 515 rrrucus
824 465 862 514 ιιι
1170 440 1233 515 103

1 643 2 702 ᾗ
84 599 144 687 est,
174 591 345 698 quodsi
376 591 608 700 praesentia
646 593 813 701 parochi
854 600 916 674 est
955 593 1123 702 physice
1163 594 1227 674 vel

84 723 271 804 moraliter
299 723 580 833 impossibilis,
617 735 867 807 nontamen
893 727 1231 807 eximuntur-nu·

83 855 286 960 plurientes
303 857 355 937 ab
372 857 603 939 adhibenda
619 842 850 967 praesentia
866 860 1041 941 duorum
1058 861 1225 942 testium

82 1017 159 1070 cum
187 992 288 1072 Pius
318 993 374 1071 Vl
406 993 447 1072 in
469 993 598 1072 Breui
618 993 674 1072 acl
693 995 942 1105 Episcopum
966 997 1230 1076 Generensem

81 1121 147 1203 diri
175 1129 198 1204 5
228 1127 473 1236 Septembris
508 1129 617 1208 1795
649 1105 834 1228 edixerit,
869 1130 992 1236 quod:
1027 1131 1227 1237 «quoties

84 1257 184 1338 »duo
213 1257 362 1338 saltem
391 1267 517 1340 testes
547 1259 716 1339 minime
747 1260 953 1342 adfuerint
983 1261 1043 1369 (in
1073 1263 1227 1344 talibus

83 1391 305 1499 »conjugiis
335 1393 486 1499 quibus
518 1393 658 1500 nequit
688 1394 891 1501 parochus
934 1395 1132 1477 adsistere
1172 1399 1225 1477 ob

82 1523 251 1605 »relatas
293 1525 489 1634 rationes)
533 1526 794 1607 matrimonia
833 1528 916 1610 sint
954 1527 1150 1629 invalide,
1187 1540 1227 1611 et

81 1667 305 1765 »quatenus
335 1659 422 1740 lieri
454 1659 600 1768 possit,
634 1661 910 1743 revalidande.
936 1695 974 1772 ιΙ

170 1793 230 1872 8.⁰
261 1793 318 1871 At
349 1791 425 1873 hac
454 1793 543 1900 lege
574 1792 914 1874 clandestinitatis
945 1793 1094 1875 vetitae
1134 1819 1224 1874 ma-

75 1923 230 2004 trimonii
264 1924 372 2006 sicut
401 1925 637 2033 obligantur
666 1925 868 2024 catholici,
905 1926 962 2007 ita
1001 1935 1040 2007 et
1079 1927 1222 2008 haere-

75 2057 127 2135 lici
155 2059 418 2158 tenebuntur,
453 2069 497 2139 ut
529 2057 712 2166 ipsorum
743 2057 936 2166 conjugia
971 2057 1224 2140 clandestina

75 2188 266 2270 retinenda
295 2189 378 2271 sint
409 2190 601 2288 invalida,
637 2191 673 2270 si
704 2189 806 2270 inita
846 2189 1015 2271 luerint·
1035 2190 1077 2270 in
1116 2191 1219 2290 loco,

73 2319 127 2399 ubi
155 2323 411 2428 praedictum
442 2323 650 2404 decretum
681 2331 742 2403 est
762 2323 1096 2431 promulgatum?
1119 2323 1221 2405 Pro-

71 2451 147 2535 inde
175 2457 274 2564 quid
304 2457 525 2538 tenendum
558 2465 619 2537 est
641 2457 689 2538 de
711 2457 984 2538 matrimoniis
1004 2458 1055 2538 ab
1078 2457 1220 2538 haere-

69 2586 144 2668 ticis
171 2593 279 2672 inter
308 2617 353 2670 se
383 2590 599 2671 celebratis
630 2589 693 2669 vel
725 2591 776 2669 ab
808 2617 891 2670 uno
921 2591 1216 2699 ipsorumcum

68 2733 163 2824 parte
192 2721 409 2824 catholica,
443 2747 548 2830 quae
578 2722 773 2802 dicuntur
789 2723 1051 2802 matrimonia
1070 2722 1216 2822 mixta,

67 2881 153 2960 quae
182 2857 225 2936 in
257 2857 409 2937 talibus
441 2855 679 2963 regionibus
702 2853 922 2938 adveniant
942 2856 1012 2937 ubi
1031 2856 1108 2938 hoc
1127 2859 1220 2937 Tri·
1279 2929 1285 2942 .

67 2988 198 3070 lentini
231 2991 441 3071 decretum
473 2997 535 3070 est
564 2987 847 3096 publicatum?
890 2989 1052 3082 Quibus
1092 3015 1218 3097 quae-

67 3122 253 3204 stionibus
284 3131 331 3204 ut
369 3149 552 3230 congrue
592 3123 712 3203 detur
750 3121 961 3230 responsio
1002 3122 1218 3230 sequentia
1266 3198 1269 3206 .

65 3263 145 3335 sunt
173 3256 553 3337 animadvertenda:
587 3301 608 3316 -
639 3255 698 3363 (a)
739 3255 817 3336 Hic
857 3281 939 3336 non
979 3253 1121 3362 quaeri
1162 3279 1214 3333 an

66 3384 238 3472 haeretici
271 3391 449 3499 exempti
481 3391 563 3471 sict
593 3391 645 3472 ab
676 3388 938 3483 observantia
975 3388 1071 3468 talis
1113 3386 1215 3496 legis

60 3550 119 3628 per
143 3551 198 3626 se,
232 3525 307 3606 sed
337 3533 497 3606 tentum
528 3552 580 3605 an
612 3523 797 3606 Ecclesia
827 3550 898 3604 eos
928 3524 1103 3606 voluerit
1128 3525 1216 3606 exi-

64 3681 153 3739 mere
182 3659 249 3740 vel
282 3659 419 3767 potius
449 3655 647 3766 obligare:
683 3683 776 3737 cum
809 3657 918 3737 enim
951 3657 1029 3766 ipsi
1046 3684 1119 3765 per
1139 3659 1213 3740 ba·
1333 3690 1335 3695 ·

63 3789 242 3890 ptismum
272 3789 482 3872 Ecclesiae
512 3789 676 3897 legibus
712 3790 957 3891 subdentur,
1003 3799 1043 3872 et
1081 3790 1216 3899 bapti-

63 3947 159 4006 smus
188 3925 318 4007 semel
349 3933 537 4034 receptus
568 3951 731 4032 semper
760 3933 1005 4032 perseveret,
1030 3924 1063 4005 si
1078 3949 1215 4036 perse

1 4167 2 4170 Ν
62 4053 251 4140 Ecclesiae
280 4060 361 4167 legi
392 4087 474 4140 non
504 4059 793 4159 subderentur,
833 4057 912 4167 ipsi
943 4085 993 4140 ex
1025 4083 1104 4141 sua
1142 4086 1214 4140 ne-

62 4189 170 4294 quitia
199 4193 526 4273 emolumentum
559 4191 769 4292 haberent,
803 4192 911 4299 quod
932 4218 1014 4273 non
1045 4199 1108 4274 est
1128 4192 1213 4273 ullo

1 4339 2 4398 ὲ
61 4323 162 4404 modo
193 4325 506 4426 admittendum,
531 4331 652 4434 prout
678 4323 814 4405 Tite-lo
836 4325 981 4406 Primo
1004 4334 1066 4407 est
1085 4352 1213 4434 expo·

1 4487 2 4560 3
61 4453 181 4540 situm.
215 4505 236 4520 -
267 4460 329 4566 (b)
360 4459 587 4542 Ecclesiam
617 4468 758 4541 autem
778 4459 820 4540 in
841 4459 1081 4540 Tridentino
1102 4459 1212 4540 Con·
