3136 5138
292 409 355 471 182
573 421 866 474 ΡκΑΕηοτιοΝΕε
888 423 982 473 runis
1006 421 1176 473 canorum

290 550 339 629 b.
375 557 403 630 t.
438 549 489 629 Et
514 549 607 655 jure
637 548 800 656 quidem
831 549 865 626 si
896 548 1005 627 enim
1047 557 1266 653 utrumque
1305 545 1451 626 crimen

296 711 377 776 non
409 683 553 763 luisset
584 683 811 764 admissum
834 680 969 763 adhuc
985 689 1198 762 constante
1215 680 1346 788 primo
1363 705 1453 758 con-

284 815 425 923 jugio,
458 815 521 894 vel
553 815 800 896 adulterium
831 842 912 896 non
944 824 1053 896 esset
1082 815 1162 896 tale
1204 813 1358 895 crimen
1386 811 1452 891 sed

298 951 474 1058 simplex
506 949 733 1050 fornicatio,
768 949 830 1029 vel
862 950 1080 1057 promissio
1111 976 1193 1062 non
1234 952 1344 1030 esset
1374 972 1455 1026 am-

298 1083 406 1191 plius
447 1082 602 1182 illicita,
646 1083 744 1190 quia
784 1108 865 1162 non
906 1092 1015 1162 esset
1053 1083 1149 1162 data
1188 1089 1332 1162 contra
1366 1105 1455 1160 san-

289 1216 476 1295 ctitatem
497 1213 649 1294 vinculi
672 1214 850 1322 amplius
868 1240 949 1294 non
966 1213 1205 1296 constantis.
1226 1213 1306 1295 Hic
1323 1222 1453 1294 autem

289 1376 320 1428 a
349 1349 597 1429 Ductoribus
628 1349 852 1457 quaeritur:
888 1375 940 1428 an
971 1373 1137 1429 necesse
1158 1348 1213 1429 sit
1233 1357 1324 1429 tum
1346 1346 1454 1428 adul-

296 1483 461 1584 terium,
485 1492 574 1563 tum
596 1483 1078 1591 promissionemdebere
1099 1509 1190 1563 esse
1212 1482 1361 1563 factam
1382 1479 1455 1561 sub

295 1617 439 1698 eodem
470 1617 646 1724 cojugio,
681 1617 745 1698 vel
775 1618 912 1726 potius
935 1617 1169 1698 incurratur
1188 1615 1265 1697 hoc
1291 1615 1456 1723 impedi-

296 1759 496 1851 mentum,
531 1752 653 1832 etiam
695 1751 858 1859 quando
900 1750 1146 1832 adulterium
1188 1749 1261 1830 uni
1302 1748 1453 1830 obstitit

290 1882 502 1990 conjugio,
535 1884 649 1965 alteri
680 1893 819 1964 autem
849 1883 957 1966 obsit
996 1885 1092 1964 data
1131 1882 1378 1991 promissio?
1408 1881 1455 1961 Et

290 2017 485 2125 quamvis
515 2045 597 2098 non
628 2018 762 2099 desint
790 2019 1002 2118 Doctores
1036 2017 1105 2125 qui
1146 2015 1251 2096 hanc
1290 2017 1453 2098 alteram

294 2159 553 2258 propugnant
569 2151 819 2259 opinionem,
834 2160 972 2232 tamen
989 2149 1240 2258 probabilior
1254 2157 1318 2231 est
1331 2151 1455 2258 prima

289 2284 645 2390 seutentia,quam
662 2285 771 2393 apud
788 2279 1157 2391 Schmalzgrueber
1172 2283 1213 2362 h.
1235 2289 1264 2363 t.
1284 2310 1394 2363 num.
1409 2281 1455 2359 la

292 2423 464 2496 tuentur
494 2416 692 2516 Sanchez,
728 2417 947 2516 Gonzalez,
995 2415 1266 2497 Reiffenstuel
1313 2413 1455 2521 aliique

236 2525 240 2536 ¹
290 2547 461 2656 optimis
491 2549 625 2631 allatis
665 2550 912 2652 rationibus3
956 2551 1059 2630 inter
1097 2575 1202 2658 quas
1241 2556 1454 2655 sequentes

293 2689 392 2761 sunt
420 2683 614 2788 potioreS,
647 2711 794 2792 nempe
824 2711 900 2764 nos
930 2709 1021 2764 esse
1052 2682 1093 2762 in
1122 2681 1297 2762 materia
1317 2680 1455 2762 odiosa

294 2814 464 2922 proinde
495 2843 576 2897 non
606 2843 697 2899 esse
728 2818 926 2898 utendum
958 2817 1292 2925 interpretatione
1324 2823 1457 2896 exten·

288 2948 398 3049 siva,
431 2949 503 3029 sed
532 2951 773 3032 restrictiva:
809 2977 905 3032 cum
937 2977 1031 3032 vero
1052 2978 1125 3059 per
1144 2949 1353 3058 posterius
1374 2973 1457 3028 ma·

294 3083 534 3164 trimonium
566 3083 713 3166 initum
744 3111 953 3166 recessum
984 3086 1038 3168 sit
1068 3111 1093 3164 a
1121 3085 1201 3166 fide
1231 3086 1344 3186 data,
1377 3107 1453 3163 non

293 3216 468 3299 habetur
512 3218 609 3300 huic
653 3219 913 3301 matrimonio
958 3220 1129 3300 obstans
1175 3217 1255 3299 nisi
1300 3217 1455 3300 adrdte-

294 3351 419 3451 rium,
443 3379 539 3432 cum
554 3379 651 3461 spes
666 3354 915 3435 matrimonii
933 3353 1040 3435 lacta
1055 3379 1128 3462 per
1142 3351 1453 3461 promissionem

290 3484 474 3566 extincta
503 3487 556 3566 sit
596 3487 818 3594 posteriore
860 3487 1121 3568 matrimonio
1160 3493 1387 3586 contracto,
1419 3491 1456 3560 et

290 3617 541 3700 adulterium
582 3621 716 3702 solum
758 3649 839 3702 non
885 3621 1037 3702 sufficit
1082 3621 1133 3701 ad
1180 3619 1454 3701 inducendum

294 3751 646 3859 impedimentum,
670 3756 778 3861 quod
810 3755 927 3836 facile
948 3754 1177 3837 ostenditur
1197 3781 1250 3836 ex
1275 3753 1454 3834 textibus

290 3913 385 3996 cup.
425 3889 441 3965 l
478 3895 514 3965 ct
545 3887 618 3968 ult.
653 3887 695 3968 b.
731 3897 780 3988 t.,
813 3917 864 3969 ex
901 3890 1052 3997 quibus
1087 3889 1248 3971 videtur
1288 3885 1451 3994 requiri,

293 4027 338 4099 ut
369 4028 540 4127 utraque
571 4021 721 4128 injuria
752 4022 822 4102 uni
854 4021 1067 4130 eidemque
1088 4023 1293 4128 irrogetur
1313 4019 1453 4126 conju-

289 4153 375 4260 gio
409 4199 429 4213 -
461 4157 520 4234 3.ῠ
550 4155 743 4262 Erigitur
772 4165 818 4238 ut
849 4157 1095 4238 adulterium
1127 4157 1180 4238 sit
1211 4183 1264 4238 ex
1285 4163 1454 4261 utraque

292 4295 406 4393 parto
427 4289 631 4398 formale,
665 4318 811 4399 nempe
842 4301 1014 4399 uterque
1044 4290 1148 4372 sciat
1183 4317 1228 4371 se
1269 4315 1355 4370 rern
1385 4287 1456 4368 ha-

291 4419 387 4500 bere
418 4447 512 4502 cum
544 4421 779 4530 conjugat0,
813 4451 864 4535 ex
896 4451 985 4535 cup.
1026 4425 1042 4502 l
1080 4433 1116 4503 et
1142 4425 1297 4534 penult.
1332 4422 1373 4502 b.
1405 4428 1451 4499 t.:
