3386 5126
557 405 656 452 nmnu
678 405 709 450 v.
732 421 777 432 -
799 404 938 452 nrrnnm
961 405 1031 450 vm.
1316 385 1383 450 209

184 488 193 515 ἡ
223 541 316 614 ctus
346 531 412 613 isti
441 532 670 639 procedunt
690 531 742 612 ab
764 529 920 629 ordine,
945 528 1009 610 vel
1030 556 1056 610 a
1071 528 1377 636 jurisdictione.

237 701 238 706 Ν
267 666 493 774 procedunt
514 666 566 746 ab
588 666 743 766 ordina,
769 671 867 745 tunc
885 661 1006 745 validi
1024 689 1115 744 esse
1131 690 1281 746 censen
1295 671 1378 766 tur,

315 809 496 907 potestas
517 799 673 880 ordinis
694 799 821 880 semel
844 804 1007 904 recepta
1036 823 1118 878 non
1149 797 1379 899 amittitur,

341 933 418 1014 odo
440 939 602 1014 servata
619 931 741 1012 luerit
762 930 934 1012 materia
950 937 1046 1039 apta
1071 930 1113 1012 in
1134 956 1348 1012 sacramen
1364 977 1382 992 ·

315 1081 447 1167 rma,
480 1073 519 1147 et
550 1065 719 1146 intentio
745 1065 949 1171 generalis
980 1064 1153 1146 faciendi
1181 1065 1237 1166 id,
1262 1065 1374 1173 quod

369 1198 506 1280 clesia.
527 1199 638 1292 Quin
655 1199 788 1280 obstet
808 1199 941 1309 Caput
961 1197 1078 1289 Quod
1093 1225 1120 1278 a
1129 1197 1351 1308 praedeces
1363 1244 1383 1262 ·

275 1345 366 1417 .r.⁰
388 1332 438 1414 de
465 1331 763 1434 Schismaticis,
800 1332 869 1413 ubi
901 1332 1053 1433 nullae,
1087 1340 1209 1440 atque
1232 1330 1380 1412 irritae

197 1469 457 1550 declarantur
492 1466 730 1574 hujusmodi
771 1467 1065 1548 ordinationes,
1109 1466 1222 1548 Istud
1267 1465 1379 1546 enim

196 1609 319 1710 caput
340 1603 396 1684 ita
417 1600 588 1708 intelligi
620 1600 753 1700 debet,
779 1627 924 1708 nempe
947 1601 1056 1708 quod
1078 1598 1286 1708 accipiens
1310 1624 1382 1680 or·

196 1732 314 1815 dines
345 1760 370 1814 a
400 1733 672 1816 Schismatioo
703 1733 757 1814 sit
787 1761 1017 1841 suspensus
1049 1736 1135 1844 ipsc
1163 1735 1288 1845 sacto
1322 1733 1374 1812 ab

197 1869 440 1950 executione
457 1867 753 1969 eorum,veluti
765 1868 800 1950 si
819 1867 980 1950 nullum
996 1868 1182 1950 ordinem
1195 1846 1381 1974 recepisss

196 2011 286 2103 set;
320 2030 396 2084 ceu
427 2005 694 2086 confirmatur
724 2030 749 2084 a
775 2004 948 2086 Constit.
973 2003 1379 2114 apostolicaesedis

195 2135 239 2214 in
269 2134 329 2214 tit.
366 2135 415 2213 de
446 2135 794 2242 suspensionibus
820 2137 927 2216 latae
948 2136 1173 2216 sententiae
1195 2137 1240 2214 S.
1267 2135 1378 2214 Pon-

195 2265 293 2348 tifici
324 2267 543 2348 reservatis
573 2268 653 2348 sub
684 2294 726 2348 n.
766 2269 808 2367 63
842 2267 1006 2348 ordines
1033 2275 1171 2348 tamen
1193 2266 1375 2373 suscepti

197 2401 320 2482 validi
352 2407 463 2500 sunt,
497 2407 536 2482 et
566 2399 845 2483 characterem
882 2400 1137 2508 imprimunt.
1171 2401 1231 2480 lta
1261 2426 1375 2481 com-

198 2535 336 2617 munis
366 2533 456 2615 DD.
492 2561 587 2616 cum
609 2534 723 2617 Glos.
749 2533 925 2616 incitat.
951 2561 1041 2642 cap.
1070 2535 1187 2626 Quod
1207 2561 1235 2615 a
1248 2561 1380 2644 prue-

197 2669 402 2749 dceessore
433 2669 539 2750 nerb.
574 2670 740 2750 Irritus.
776 2669 820 2750 Si
852 2696 949 2751 vero
980 2676 1097 2750 actus
1128 2669 1196 2750 isti
1227 2694 1372 2777 proce-

198 2801 300 2882 dunt
331 2828 356 2881 a
381 2801 681 2908 jurisdictione,
716 2810 814 2884 tunc
834 2802 1001 2885 invalidi
1024 2829 1115 2885 esse
1137 2811 1375 2903 censentur,

76 3037 78 3042 ,
198 2961 292 3015 cum
324 2941 567 3042 potestatem
593 2934 893 3041 jurisdictionis
924 2936 1152 3042 spiritualis
1190 2963 1266 3018 nec
1307 2961 1380 3015 va-

198 3067 292 3166 lide,
326 3095 401 3148 nec
431 3067 537 3148 licite
569 3093 759 3149 exercere
790 3065 964 3175 possint.
1009 3066 1197 3174 Pirhing.
1234 3068 1304 3148 lib.
1330 3070 1376 3160 5,

199 3197 240 3278 h.
276 3206 304 3278 t.
340 3229 381 3280 n.
421 3205 492 3280 10.
529 3199 652 3282 Ratio
693 3210 754 3282 est
785 3201 883 3308 quia
921 3199 1172 3282 schismatici
1209 3209 1379 3308 praeter

199 3339 383 3414 caeteras
413 3359 567 3440 poenas
598 3332 814 3415 incurrunt
844 3333 956 3414 illam
989 3333 1232 3440 privationis
1250 3334 1379 3439 juris·

200 3463 389 3545 dictionis
420 3463 734 3546 Ecclesiasticac
765 3474 842 3547 etc.
878 3464 1082 3548 Maschat.
1119 3464 1160 3544 t.
1196 3471 1225 3544 t.
1261 3492 1303 3545 n.
1329 3467 1373 3544 4.

287 3599 445 3679 Verum
477 3599 542 3680 hic
574 3601 799 3681 notandum
831 3599 1022 3700 occurrit,
1046 3599 1156 3708 quod
1185 3598 1220 3678 si
1253 3607 1370 3680 aetus

200 3730 266 3812 isti
294 3731 594 3839 jurisdictionis
624 3734 869 3816 emittuntur
901 3761 926 3816 a
955 3733 1217 3815 schismatico
1244 3731 1377 3814 mani-

202 3863 319 3966 festo,
344 3875 442 3948 tunc
464 3867 630 3949 invalidi
663 3893 755 3948 esse
785 3877 1020 3968 censentur,
1054 3874 1224 3974 excepto
1255 3867 1377 3947 unico

200 4023 300 4080 casu
323 4001 596 4102 necessitatis
622 4001 719 4110 quia
742 4002 782 4081 in
798 4000 875 4082 hac
891 3999 1105 4108 hypothesi
1124 4011 1243 4081 actus
1260 3999 1381 4078 emit-

199 4131 299 4213 titur
330 4132 371 4212 in
403 4135 560 4214 bonum
602 4133 728 4235 illiue,
779 4135 844 4216 cui
878 4133 1205 4234 administratur,
1241 4139 1380 4212 nona

201 4292 282 4373 quo
305 4267 505 4350 emittitur
518 4297 530 4370 ;
554 4267 588 4348 si
612 4295 708 4350 vero
730 4273 846 4350 actus
868 4267 936 4350 isti
958 4267 1202 4350 emittuntur
1230 4263 1379 4347 aschi-
