3360 5126
483 380 584 426 urana
606 382 635 426 v.
657 401 697 410 -
721 383 861 430 rrrunus
883 385 950 429 x1x.
1236 365 1301 432 285

123 508 318 588 tinacitcr
357 511 575 618 offirmare
613 519 878 621 praesumat,
922 537 1130 596 coeercerc,
1152 539 1300 595 usuras

122 667 204 720 non
235 668 318 723 esse
341 651 568 752 peccatum,
604 643 871 737 decernimus,
902 671 990 726 cum
1023 645 1128 726 colret
1158 647 1299 730 hoere-

121 774 248 854 ticum
272 775 539 885 puniendum.

183 906 302 1000 Quod
344 909 518 1018 denique
559 935 688 990 usura
728 909 933 1018 prohibita
963 910 1016 991 sit
1046 909 1171 992 etiam
1207 911 1300 1018 jure

120 1041 300 1121 naturali
333 1041 578 1150 itapraeter
608 1051 792 1124 caeteras
825 1044 1007 1126 rationes
1038 1044 1203 1152 probari
1227 1073 1300 1154 po·
1373 1101 1375 1106 -

120 1181 217 1256 test.
252 1173 405 1256 Contra
425 1176 495 1284 jus
526 1184 699 1258 naturae
729 1187 791 1258 est
825 1178 1029 1286 percipere
1061 1179 1220 1260 fructus
1247 1208 1299 1262 ex

120 1333 166 1388 re
188 1334 269 1388 non
301 1335 393 1408 sua,
418 1335 514 1390 oum
546 1310 705 1392 fructus
737 1311 794 1392 rei
817 1337 870 1392 ex
901 1317 1049 1392 natura
1074 1323 1153 1392 sua
1174 1313 1305 1418 perti-

120 1452 246 1525 neant
267 1445 318 1525 ad
340 1445 554 1526 dominum
576 1446 762 1552 ejusdem
783 1447 841 1526 rei
858 1476 869 1548 3
889 1447 1000 1554 etqui
1023 1445 1059 1526 si
1082 1473 1130 1526 ex
1152 1453 1298 1539 mutuo

120 1577 399 1686 perciperetur
421 1605 564 1680 usura,
584 1579 890 1687 perciperentur
906 1580 1065 1680 fructus
1082 1607 1134 1662 ex
1156 1607 1199 1661 re
1216 1608 1298 1660 non

118 1737 213 1812 sua,
247 1739 321 1792 seu
354 1712 507 1814 aliena,
542 1739 639 1820 ergo
660 1739 792 1794 usura
822 1721 884 1795 est
914 1715 963 1796 de
990 1713 1083 1821 jure
1119 1715 1295 1795 naturali

118 1843 339 1950 prohibita.
375 1845 494 1938 Quod
529 1845 686 1927 fructus
718 1847 926 1954 percipere
957 1875 1006 1928 cx
1039 1873 1083 1928 re
1115 1873 1196 1928 non
1219 1875 1297 1928 sua

117 1977 173 2058 sit
189 1987 331 2060 contra
360 1979 493 2088 legem
510 1981 755 2082 naturalem,
792 1981 830 2063 id
863 1989 1006 2062 notum
1030 1989 1091 2062 est
1123 1981 1213 2089 ipso
1231 2009 1299 2062 ra-

117 2112 241 2193 tionis
277 2113 445 2212 lumine,
488 2115 660 2221 ideoque
707 2115 948 2221 probatione
994 2140 1077 2194 non
1118 2113 1288 2219 indiget.

118 2245 238 2339 Quod
270 2273 366 2327 vero
397 2245 703 2354 perciperentur
733 2247 893 2327 fructus
924 2273 976 2326 ex
1007 2271 1049 2326 re
1081 2271 1163 2327 non
1199 2273 1292 2348 sua,

117 2405 193 2460 seu
215 2379 364 2482 aliena,
384 2379 420 2460 si
437 2406 487 2460 ex
507 2392 650 2460 mutuo
672 2405 804 2460 usura
825 2379 1116 2488 perciperetur,
1138 2379 1178 2461 id
1200 2407 1296 2488 pro-

117 2512 239 2594 batur
260 2541 311 2594 ex
333 2539 396 2614 ec,
417 2514 526 2623 quod
547 2541 619 2621 per
635 2520 828 2594 mutuum
851 2512 908 2593 rei
932 2519 1143 2594 mutuatae
1165 2513 1302 2593 domi-

117 2645 232 2726 nium
266 2647 510 2728 transfertur
541 2647 582 2726 in
608 2645 932 2728 mutuatarium:
968 2655 1161 2728 mutuum
1184 2645 1298 2726 enim·

118 2775 207 2859 ideo
235 2779 476 2887 appelletur,
494 2780 609 2888 -quia
640 2781 690 2860 de
715 2805 808 2860 meo
839 2779 884 2861 fit
915 2787 1050 2881 tuum,
1075 2806 1151 2861 ceu
1184 2785 1295 2886 patet

117 2939 171 2993 ecc
201 2913 284 3024 tepe
312 2923 495 2996 mutuum
524 2919 570 2997 2.
607 2919 649 3017 ἓ.
684 2917 730 2996 2.
756 2914 816 3019 ff.
851 2913 900 2993 de
930 2915 1065 2997 Rebus
1106 2913 1296 3006 creditis,

115 3049 153 3127 si
192 3057 344 3128 certum
377 3056 548 3159 petatur
578 3093 631 3105 —
661 3045 718 3126 ibi
741 3091 794 3106 ·-
823 3047 1047 3156 Appellato
1078 3054 1294 3128 estoutem
1410 3142 1414 3151 ¹

116 3181 247 3261 mutui
276 3180 390 3260 detio
421 3182 472 3262 ob
505 3207 564 3274 eo,
599 3177 777 3288 quotide
798 3204 884 3258 meo
915 3186 1028 3258 tuum
1053 3179 1141 3285 fiat
1165 3227 1211 3237 -
1235 3179 1296 3258 Et

116 3315 293 3396 institut.
337 3315 482 3422 quibos
527 3313 657 3394 modis
696 3340 740 3394 re
780 3311 1052 3394 contrahatur
1096 3312 1297 3420 obiipotio-

114 3449 247 3528 —ibi
268 3449 447 3530 -Inde
468 3449 591 3531 etium
623 3448 775 3530 dictum
799 3455 856 3529 est
887 3455 1084 3541 mutuum,
1109 3447 1207 3557 qaia
1231 3447 1299 3526 itc-

115 3609 141 3662 a
170 3611 232 3663 mc
272 3584 346 3663 tibi
384 3583 526 3678 datur,
560 3590 604 3665 ct
634 3610 688 3663 cc
717 3609 804 3663 meo
837 3591 950 3663 tcum
975 3581 1076 3689 fiat.
1112 3580 1221 3688 Ergo
1254 3579 1289 3662 si

115 3717 395 3826 percipiuntur
426 3717 600 3819 fructuS,
633 3743 708 3800 seu
740 3717 903 3799 lucrum
936 3742 961 3796 a
993 3723 1209 3796 mutuante
1242 3741 1296 3796 ex

114 3877 156 3931 re
178 3858 381 3954 mutuata,
401 3851 686 3960 percipiuntur
707 3879 758 3932 ex
778 3879 820 3932 re
837 3850 987 3951 aliena,
1006 3851 1191 3956 adeoque
1209 3856 1286 3929 etc.

198 3986 254 4065 At
284 4010 365 4065 non
396 4011 559 4094 semper
589 3984 796 4093 prohibita
826 3991 888 4066 est
929 4009 1076 4084 usura,
1110 3982 1182 4062 sed
1214 3981 1291 4062 ali·

114 4118 271 4227 quoties
303 4119 461 4201 fructus
502 4119 715 4226 pecuniae,
765 4145 838 4200 scu
882 4141 1034 4200 usurae
1079 4115 1207 4223 exigi,
1251 4121 1299 4194 et

113 4253 263 4362 percipi
295 4253 336 4334 in
368 4263 513 4336 mutuo
543 4253 651 4336 licite
677 4261 865 4361 possunt,
891 4252 931 4334 si
963 4249 1113 4358 aliquis
1144 4247 1296 4332 titulus·

114 4397 301 4472 amutuo
332 4387 590 4472 extrinsecus
623 4385 870 4470 verificetur.
