3360 5126
501 461 601 507 mun
625 462 654 507 v.
680 479 723 492 -
747 463 886 510 rrrunus
909 465 990 509 xxn.
1098 494 1100 498 .
1286 444 1353 512 295

169 586 239 684 lia,
278 593 481 695 quatenus
512 587 695 694 sortilegi
718 588 807 668 sine
827 589 914 670 ulla
935 589 1099 694 urgenti
1125 615 1254 672 causa
1274 592 1352 673 Dei

170 721 473 829 providentiam
513 721 626 802 hisce
666 723 849 803 sortibus
890 723 1060 829 alligare
1102 724 1242 805 velint.
1277 729 1353 808 Li·

168 859 274 936 mita
305 863 444 937 tamen
472 853 554 935 nisi
586 863 718 936 sortes
750 856 852 938 istae
889 882 941 936 ex
964 874 965 877 ‘
986 855 1155 964 speciali
1201 858 1351 940 Divino

169 987 366 1070 instinctu
385 989 659 1070 adhibeantur
670 991 789 1098 juxta
804 989 1041 1099 exemplum
1053 991 1348 1098 Apostolorum

169 1122 213 1200 in
245 1121 440 1210 electione
469 1123 513 1204 S.
548 1122 746 1204 Mathiae.

258 1255 399 1336 Sortes
429 1255 605 1364 denique
635 1257 913 1339 dioinotoriae
958 1255 1140 1364 graviter
1184 1256 1347 1340 illicitae

168 1397 282 1489 sunt,
316 1415 397 1468 non
429 1397 589 1470 tantum
620 1393 785 1498 quando
806 1391 910 1470 liunt
931 1415 1005 1498 per
1024 1416 1266 1498 expressam
1288 1393 1351 1472 in·
1472 1433 1475 1438 ·

168 1522 426 1604 vocationem
457 1525 687 1626 daemoniS,
721 1525 791 1604 sed
814 1523 936 1604 etiarn
959 1550 1032 1631 per
1052 1525 1192 1624 verba,
1217 1525 1345 1632 scrip-

167 1665 320 1758 turam,
354 1666 425 1738 aut
456 1657 537 1736 alia
566 1657 688 1764 signa
718 1657 875 1738 nullam
911 1657 1210 1738 connexionem
1250 1683 1344 1738 cum

168 1814 212 1867 re
244 1789 419 1890 occulta,
454 1797 493 1870 et
522 1799 672 1871 eventu
703 1789 842 1871 futuro
871 1789 1076 1870 habentia.
1107 1792 1211 1870 Con.
1238 1797 1284 1891 6,
1309 1775 1346 1872 ct

166 1947 327 2029 sequen.
363 1925 436 2016 26,
471 1930 624 2032 quaest.
660 1925 705 2024 5,
740 1933 777 2004 et
808 1951 900 2035 cap.
935 1926 975 2016 1,
1012 1923 1052 2006 b.
1089 1933 1118 2006 t.
1165 1923 1272 2004 Nam
1305 1924 1344 2004 in
1438 1997 1439 2000 a

62 2047 63 2050 ‘
166 2057 350 2138 sortibus
381 2057 471 2138 istis
501 2059 648 2139 saltem
679 2060 801 2140 tacite
832 2060 1008 2138 daemon
1049 2058 1199 2164 colitur
1242 2064 1349 2138 tarn-

168 2185 294 2295 quam
324 2189 454 2288 Deus,
479 2199 519 2270 et
538 2191 741 2270 revelator
770 2191 1041 2270 occultorum.

554 2510 790 2592 TITULUS
822 2509 957 2592 XXII.

461 2755 526 2834 De
556 2752 774 2832 collusione
803 2750 1039 2860 detependce

252 2991 356 3074 Cum
397 3001 437 3074 et
476 2990 717 3072 collusionis
753 2990 908 3070 crimen
939 2987 1060 3070 affine
1091 2990 1145 3072 sit
1177 2993 1342 3074 crimini
1416 3019 1419 3024 ·

164 3125 272 3224 falsi,
306 3151 353 3205 eo
385 3126 493 3232 quod
524 3124 745 3204 falsitatem
777 3121 958 3229 aliquam
989 3121 1031 3202 in
1063 3149 1108 3204 se
1138 3126 1336 3225 continet,

163 3265 203 3339 et
234 3257 325 3336 lalsi
357 3257 535 3365 speciem
567 3255 716 3356 habet3
740 3255 945 3335 colludere
967 3255 1083 3335 enim
1107 3255 1258 3363 injure
1280 3259 1341 3340 di-

163 3391 283 3492 citur,
318 3391 388 3499 qui
420 3389 532 3470 aliud
563 3389 662 3497 agit,
698 3397 738 3470 et
768 3389 879 3470 aliud
910 3389 1095 3491 simulat,
1130 3390 1226 3472 hinc
1256 3419 1338 3473 non

163 3523 367 3605 immerito
398 3551 423 3606 a
452 3525 502 3605 B.
538 3522 786 3633 Raymundo
816 3551 1017 3633 praesens
1049 3523 1196 3605 titulus
1223 3550 1344 3634 prae-

164 3657 403 3740 cedentibus
433 3657 637 3765 adjicitur.
1291 3749 1294 3756 ,
1383 3759 1385 3764 Ι

174 3783 175 3786 Ὺ
249 3792 474 3884 Quaeritur
503 3793 641 3900 itaque
673 3791 770 3900 quid
801 3791 854 3872 sit
875 3790 1062 3890 collusi0,
1089 3791 1195 3872 inter
1216 3819 1337 3900 quos

163 3925 374 4032 atquibus
396 3927 438 4006 in
460 3926 599 4008 causis
630 3925 828 4008 committi
852 3925 997 4032 possit.
1024 3923 1209 4004 Collusio
1231 3949 1342 4005 com·

161 4059 341 4141 muniter
381 4060 573 4142 definitur
611 4061 829 4141 -latens
861 4066 899 4139 et
928 4057 1210 4168 fraudolenta
1250 4083 1343 4139 con.-

162 4193 291 4274 centio
333 4197 439 4276 inter
479 4201 674 4293 actorem,
721 4201 758 4274 et
799 4218 912 4276 reum
955 4193 998 4272 in
1032 4190 1343 4302 praeJ’udicium

150 4327 358 4432 justitiae,
399 4328 463 4410 cel
493 4329 599 4409 inter
634 4327 883 4437 defensores,
916 4352 987 4408 scu
1010 4333 1212 4438 patronos
1244 4351 1341 4407 cou-

161 4487 244 4542 sae.
280 4463 374 4570 Ipsa
404 4461 623 4570 praecipue
650 4461 787 4542 locum
809 4460 932 4542 habet
955 4463 997 4541 in
1017 4459 1156 4542 causis
1178 4457 1338 4540 benefi-
