3178 5134
450 351 558 401 uranu
581 351 626 399 iv.
651 369 672 383 -
694 350 834 400 'rrruuus
857 351 927 401 xui.
1211 335 1274 398 239

118 491 172 560 est
200 505 224 558 a
254 479 339 559 Deo
368 479 518 558 Adami
541 478 730 585 posteris,
754 479 918 586 quando
942 478 1131 585 pluribus
1152 478 1273 558 effor-

18 693 19 696 γ
120 613 228 693 matis
261 611 426 692 familiis
457 639 539 692 non
570 611 747 719 amplius
774 639 940 692 necesse
963 611 1038 692 fuit
1060 620 1105 691 ut
1127 611 1272 692 fratres

18 785 19 810 i
118 745 318 826 sororibus
335 745 376 824 in
393 744 703 825 matrimonium
720 745 1024 852 copularentur.
1040 745 1177 824 Divini
1195 743 1272 824 hu-

113 879 173 986 jus
201 878 311 959 vetiti
344 878 580 985 vestigium,
615 877 657 958 in
683 878 776 984 jure
807 903 832 956 a
862 879 1052 958 civilibus
1078 879 1270 982 gentibus

116 1038 306 1120 peraeque
336 1013 552 1094 observato
583 1011 786 1113 videmus,
821 1038 915 1093 curn
937 1011 1054 1094 Plato
1078 1014 1145 1091 lib.
1173 1016 1197 1092 8
1221 1013 1269 1090 (le

116 1148 252 1254 legibus
282 1146 383 1228 talia
411 1146 605 1253 conjugia
635 1147 801 1226 minime
825 1149 902 1257 pia
932 1148 1002 1227 sed
1029 1145 1116 1226 Deo
1139 1147 1272 1226 invisa

116 1305 192 1358 csse
221 1279 386 1379 dixerit,
419 1289 459 1360 et
489 1281 646 1360 Seneca
676 1279 783 1360 idem
816 1280 1053 1378 asseruerit,
1083 1288 1122 1358 et
1148 1280 1272 1359 Pom·

117 1416 251 1521 ponius
283 1414 324 1493 in
356 1415 444 1520 lege
475 1417 707 1495 Libertinus
740 1417 764 1492 8
778 1414 835 1520 ff.
857 1413 906 1492 cle
927 1415 1010 1492 ritu
1032 1415 1270 1522 nuptiarum

114 1549 208 1630 dicat
236 1550 343 1629 inter
372 1550 474 1630 tales
505 1575 703 1656 personas
724 1547 963 1654 conjugium
986 1548 1164 1626 moribus
1186 1573 1268 1626 non

114 1683 248 1792 legibus
280 1685 408 1764 fuisse
435 1683 800 1784 vetitum,‘scilicet
821 1709 903 1764 non
924 1710 975 1762 ex
997 1682 1144 1789 placito
1162 1683 1268 1787 juris

114 1818 226 1898 civilis
256 1819 329 1899 sed
362 1819 530 1926 antiqua
560 1797 791 1900 traditione.
827 1816 956 1922 Cujus
987 1816 1044 1894 rei
1085 1814 1263 1894 validius

115 1959 389 2058 argumentum
420 1951 622 2033 habemus
658 1979 709 2032 ex
750 1979 839 2062 cop.
887 1951 1129 2032 caedemus·
1162 1952 1186 2027 8
1218 1948 1267 2028 de

114 2087 301 2165 Dicortiis
332 2085 374 2164 in
405 2111 486 2192 quo
516 2085 778 2166 Innocentius
808 2087 857 2164 ΙΙΙ
888 2083 1080 2190 conjugia
1101 2083 1152 2162 ab
1175 2081 1266 2160 infi-

112 2219 257 2300 delibus
288 2227 381 2300 ante
412 2227 616 2327 receptam
648 2220 769 2300 fidem
791 2205 1000 2300 contracta
1020 2219 1061 2296 in
1082 2217 1263 2296 secundo

111 2359 142 2429 et
167 2353 432 2459 sequentibus
463 2353 831 2459 consanguinitatis
863 2351 1076 2458 gradibus,
1120 2349 1180 2428 eis
1212 2350 1259 2428 ad

112 2483 215 2566 fidem
247 2487 535 2568 accedentibus
557 2514 638 2568 nou
660 2513 752 2566 esse
772 2486 1003 2594 separanda
1024 2482 1264 2564 iudicaverit

111 2646 191 2700 cum
221 2617 583 2702 constitutionibus
620 2621 829 2702 canonicis
870 2647 949 2700 non
992 2625 1260 2714 arctarentur,

110 2753 257 2856 quando
279 2747 378 2834 talia
400 2754 605 2835 iniverunt
625 2755 829 2862 conjugia:
856 2753 1036 2861 profecto
1063 2779 1114 2832 ex
1136 2778 1260 2832 sensu

111 2888 297 2966 contrario
329 2886 488 2966 eruitur
517 2887 625 2994 quod
646 2887 681 2967 si
704 2888 746 2966 in
768 2887 899 2994 primo
921 2887 1052 2966 lineae
1074 2885 1263 2992 obliquae

109 3019 230 3134 gradu⁴
254 3021 296 3099 in
318 3021 554 3102 infidelitate
575 3021 892 3122 contraxissent,
917 3049 986 3101 eos
1013 3021 1263 3128 separandos

110 3173 192 3254 csse
214 3154 508 3262 rescripsisset3
541 3157 650 3264 quod
681 3181 854 3264 arguere
882 3157 977 3236 lacit
997 3155 1099 3236 haec
1120 3153 1261 3260 conju-

18 3389 19 3408 Ν
108 3283 163 3384 gia
188 3286 338 3369 si'non
365 3290 458 3396 jure
490 3291 682 3392 naturali,
717 3291 855 3373 divino
896 3291 1043 3371 saltem
1086 3287 1259 3394 positivo

18 3419 20 3486 ἱ
110 3413 282 3522 inhiberi,
303 3448 384 3503 non
402 3431 540 3504 autem
557 3423 720 3531 legibus
737 3432 897 3504 tantum
914 3421 1124 3520 ecclesiae,
1144 3420 1261 3528 queis

18 3553 19 3556 ‘
109 3545 274 3633 infideles
306 3581 389 3634 non
420 3565 623 3637 tenentur.
658 3555 821 3636 Revera
850 3556 885 3636 si
917 3557 968 3636 ad
1009 3555 1261 3662 baptismum

109 3681 157 3762 sic
184 3687 359 3795 copulati
391 3690 643 3789 accederent,
678 3716 749 3770 eos
779 3689 1030 3798 separandos
1072 3714 1162 3768 esse
1204 3689 1256 3766 ab

108 3813 273 3902 Ecclesia
304 3821 470 3902 rescribi
503 3849 555 3903 ex
585 3822 662 3905 hoc
692 3851 764 3931 pro
787 3835 896 3905 certo
918 3835 1122 3931 putarem,
1147 3821 1255 3929 quod

107 3973 146 4030 ex
172 3955 283 4062 praxi
312 3956 356 4038 S.
382 3957 501 4038 Sedis
523 3959 658 4066 quoad
680 3959 819 4040 fideles
842 3985 923 4039 non
944 3957 1080 4037 solum
1104 3957 1144 4036 in
1165 3981 1263 4036 con·

18 4155 20 4202 ἰ
109 4085 300 4170 trahendis
330 4089 534 4198 conjugiis
565 4089 817 4198 dispensatio
849 4116 1076 4198 numquam
1117 4113 1262 4170 conce-

18 4249 20 4282 τ
108 4216 215 4323 ditur,
248 4224 319 4304 sed
351 4251 427 4306 nec
459 4225 499 4304 in
530 4224 749 4306 contractis
780 4225 888 4304 bona
917 4225 1011 4323 fide,
1046 4223 1168 4304 ctiam
1192 4247 1259 4300 oc·

108 4351 202 4436 culto
231 4357 431 4464 existente
462 4359 540 4440 hoc
570 4359 862 4468 impedimento
888 4355 1145 4465 gravissimis
1166 4355 1259 4436 licet
