3136 5138
425 367 603 437 1111111111.
629 403 651 418 -
672 383 811 436 nunnus
833 385 881 436 111.
1160 369 1242 434 ior

4 533 5 538 ‘
97 519 129 592 ct
151 509 268 618 hujus
295 512 446 592 decreti
477 513 620 595 edendi
652 511 832 592 rationes
863 521 979 593 erant
1009 511 1066 592 cd
1095 539 1237 592 consu·

4 651 6 716 1
97 643 236 724 lendum
256 647 452 726 uniuersis
469 646 679 726 Fidelibus
703 647 745 724 in
766 647 848 726 illis
871 648 968 726 locis
988 645 1232 755 degentibus

4 735 6 838 l
95 786 124 856 ct
134 779 252 888 pluro
273 779 493 860 auertenda
511 781 757 888 pravissima
780 779 1048 879 incommoda,
1080 823 1101 838 -
1121 781 1162 856 2⁰
1183 803 1237 856 ex

4 1013 5 1018 Ν
94 935 131 992 eo
157 913 258 1018 quod
290 912 332 993 in
362 912 432 993 illo
462 913 623 994 decreto
658 921 698 994 et
737 911 1012 993 declaratione
1053 911 1237 993 include-

4 1095 5 1146 ;
94 1044 222 1126 bantur
251 1045 308 1124 illi
331 1071 455 1126 casus
475 1047 717 1154 peculiares,
742 1071 868 1154 super
887 1045 1039 1153 quibus
1060 1044 1104 1126 S.
1130 1043 1237 1124 Con·
1274 1153 1279 1162 ι

4 1271 5 1280 ³
92 1179 252 1284 gmgatio
283 1178 452 1260 Concilii
479 1179 566 1287 jam
597 1181 649 1260 ab
671 1180 839 1288 antiquo
860 1179 1048 1261 consulta
1068 1205 1237 1286 respon-

4 1315 5 1348 ³
92 1309 188 1392 derat
214 1339 288 1419 pro
320 1337 464 1393 eorum
494 1313 849 1393 matrimoniorum
872 1311 1140 1412 invaliditatc,
1165 1331 1237 1392 aut

92 1441 215 1522 saltem
246 1444 305 1524 ita
329 1445 510 1526 sensisse
530 1445 620 1525 visa
639 1454 715 1546 est,
740 1455 862 1554 prout
882 1452 992 1553 patet
1014 1471 1066 1524 ex
1086 1445 1238 1525 Bosco-

91 1573 216 1656 duncn.
241 1579 508 1659 Matrimonii
526 1578 610 1658 dici
633 1581 684 1658 13
706 1579 930 1659 Februarii
954 1580 1078 1676 1683,
1097 1577 1139 1656 in
1156 1603 1239 1684 qua

91 1707 126 1788 S.
147 1707 414 1818 Congregatio
435 1711 659 1820 respondit:
690 1744 708 1785 11
730 1712 794 1793 Ad
816 1718 993 1792 mentem
1015 1737 1109 1791 cum
1132 1711 1238 1790 San-

96 1841 313 1926 »ctissimm
338 1842 493 1925 scilicet
514 1844 549 1923 si
571 1852 679 1924 esset
700 1843 1045 1951 respondendum,
1070 1868 1240 1950 respon·
1273 1895 1276 1901 ·

96 1974 293 2056 »dandum
323 1984 432 2056 esset
463 1977 702 2084 negative»
741 1976 847 2056 sicut
888 1975 931 2054 in
971 1975 1237 2082 responsione

92 2105 137 2184 cd
153 2111 314 2188 tertium
334 2109 508 2190 dubium·
524 2109 789 2218 responderat
810 2109 896 2216 jam
923 2107 1075 2188 clarius
1101 2107 1167 2187 die
1183 2109 1236 2188 26

93 2239 295 2350 septembr.
335 2245 443 2322 1602
474 2243 584 2352 apud
605 2243 861 2324 Cardinalem
883 2242 1006 2323 Petra
1030 2243 1241 2322 Commen-

94 2381 161 2454 tcr.
179 2385 274 2456 tom.
295 2381 323 2456 4
338 2377 395 2456 ad
414 2379 628 2459 constitut.
649 2381 700 2458 12
715 2379 890 2460 Joannis
905 2378 1035 2458 XXII
1039 2405 1149 2458 acm.
1165 2379 1236 2477 20,

92 2531 180 2612 quae
208 2519 304 2618 post
334 2509 650 2591 declarationem
672 2509 978 2591 Benedictinam
1009 2509 1239 2590 debuerunt

93 2644 325 2724 considerari
356 2643 398 2724 in
429 2645 622 2724 omnibus
652 2643 741 2724 suis
772 2643 984 2724 effectibus
1014 2650 1060 2723 ut
1100 2643 1242 2724 matri-

94 2777 215 2856 monia
244 2777 382 2858 valida
401 2777 524 2858 etiam
546 2788 733 2886 respectu
754 2776 1022 2884 legitimitatis
1041 2775 1235 2858 liliorum.

93 2905 219 3018 Neque
250 2911 357 2992 inter
384 2913 487 2994 hacc
517 2913 680 2994 decreta
708 2910 939 2992 habebatur
969 2911 1053 2992 ulla
1080 2913 1241 3020 proprie

92 3039 185 3122 dicta
213 3044 431 3152 oppositio
466 3045 564 3153 quia
603 3044 644 3124 in
684 3043 892 3151 prioribus
931 3043 1097 3125 casibus
1138 3045 1241 3124 ratio

93 3171 296 3258 decisionis
327 3177 577 3259 fundabatur
610 3177 653 3256 in
689 3176 1007 3258 circumstantiis
1043 3176 1268 3256 uniuscu-'

90 3303 225 3416 jusque
255 3337 396 3412 casus3
420 3311 583 3393 stratio
604 3311 829 3392 Decretalis
849 3310 1140 3391 Benedictinae
1156 3318 1243 3391 erat

93 3439 339 3542 universalis,
375 3471 522 3553 nempe
543 3445 639 3526 boni
660 3443 815 3552 publici
836 3443 1032 3546 fidelium,
1057 3442 1153 3524 hinc
1173 3445 1244 3525 de-

92 3581 235 3657 cretum
251 3586 292 3658 et
307 3577 528 3665 declaratio
545 3605 636 3659 sesc
652 3577 830 3659 habebat
846 3579 897 3658 ad
914 3577 1115 3658 infelicem
1132 3577 1243 3658 illius

93 3710 218 3814 populi
248 3711 522 3793 conditionem
553 3712 633 3792 sub
659 3711 761 3819 jugo
791 3711 1105 3792 haereticorum.
1125 3709 1243 3792 Unde

88 3834 168 3940 jure
198 3851 355 3949 poterat
384 3843 519 3924 dicere
560 3843 808 3924 Benedictus
848 3843 948 3924 XIV
987 3842 1030 3922 in
1065 3839 1240 3922 Constit.

95 3973 376 4085 ‹Sinpaloris
410 3979 478 4060 cit.
512 3977 623 4060 hunc
652 4003 796 4059 casum
837 3977 1067 4085 generalem
1108 3973 1244 4054 adhuc

92 4129 303 4215 expensum
333 4137 415 4193 non
444 4139 551 4214 esse,
583 4157 603 4172 -
635 4112 677 4191 3⁰
707 4139 758 4192 ex
779 4137 827 4193 eo
848 4111 957 4219 quod
978 4107 1244 4191 Benedictina

92 4237 300 4327 declaratio
330 4245 439 4328 dicta
467 4253 530 4328 est
560 4271 640 4326 non
673 4245 876 4353 possead
912 4243 1014 4324 alias
1053 4241 1245 4349 regiones
1349 4339 1353 4346 ,

93 4377 240 4459 extendi
248 4441 260 4482 ‚
291 4379 372 4460 nisi
403 4404 456 4460 ex
486 4376 652 4488 speciali
684 4377 803 4458 venia
822 4375 1083 4484 Apostolicae
1105 4372 1242 4471 Sedis;
