3386 5126
562 471 659 516 mesa
681 471 712 516 v.
739 489 782 501 -—
804 472 942 520 sirenus
964 474 1033 520 ναι
1315 457 1382 527 203

206 621 297 676 rem
327 602 460 674 sonat.
494 596 635 704 lpsum
666 596 944 704 multipliciter
975 597 1103 706 accipi
1136 607 1284 706 potest,
1309 606 1381 686 sed

203 728 245 808 in
268 753 368 808 casu
401 735 541 809 nostro
572 735 634 809 est
654 775 704 790 —
727 735 924 829 scissura,
946 731 1031 811 sice
1050 729 1285 838 disjunctio,
1303 763 1382 848 per

203 889 325 970 quom
355 862 446 971 quis
476 862 584 942 ultro
614 890 656 944 se
686 865 737 944 ub
769 865 925 944 unitate
954 865 1201 946 unicersolis
1236 869 1382 950 Eccle-

201 996 290 1077 sioe
323 1004 506 1108 separat,
541 998 583 1076 tn
614 1005 810 1104 quantum
842 1023 891 1078 eu
921 1006 976 1079 est
1009 1024 1155 1108 corpus
1176 1001 1380 1082 misticum

202 1156 256 1210 em
270 1129 483 1238 fidelibus,
518 1139 552 1212 et
582 1131 772 1240 le9itimt's
790 1132 1041 1242 pastoribus,
1065 1161 1116 1214 ac
1130 1137 1379 1244 praesertim

200 1266 389 1346 Romano
420 1265 630 1372 Pontifioe
665 1273 876 1375 tamquam
911 1270 1045 1378 capite
1080 1277 1280 1352 constans.
1320 1275 1380 1352 Ita

200 1405 292 1505 post
339 1397 390 1479 D.
434 1396 584 1481 Thom.
630 1399 813 1482 schisma
859 1400 1059 1482 definiunt
1105 1403 1377 1484 communiter

197 1530 411 1612 Doctores
439 1531 634 1613 Diximus
656 1533 780 1625 ultro,
806 1533 905 1641 quia
925 1533 1059 1640 siquis
1089 1535 1142 1613 ab
1168 1535 1377 1617 Ecclesiae

198 1662 489 1744 communione
512 1689 594 1743 non
628 1665 735 1746 ultro
766 1693 811 1746 se
852 1666 1118 1773 separaverit,
1153 1667 1225 1747 sed
1257 1695 1375 1775 sepa-

199 1805 316 1876 ratus
354 1795 490 1897 luerit,
524 1805 622 1879 tunc
653 1825 734 1878 non
765 1799 1072 1900 schismaticus,
1114 1801 1184 1882 sed
1218 1827 1379 1882 eccum-

202 1930 430 2012 manicatus
463 1932 706 2040 appellatur.

283 2063 474 2144 Schisma
515 2065 571 2144 ita
602 2065 815 2146 definitum
838 2067 1034 2147 dividitur
1065 2068 1105 2146 in
1131 2095 1301 2177 purum,
1338 2077 1378 2151 et

193 2221 274 2275 non
308 2223 477 2305 purum,
521 2223 597 2276 seu
637 2199 829 2290 mictum,
877 2199 1034 2280 scilicet
1079 2225 1175 2279 cum
1212 2199 1371 2280 haeresi

194 2328 475 2436 conjunctum.
511 2329 702 2411 Schisma
731 2357 884 2438 purum
914 2331 1015 2412 illud
1047 2338 1124 2429 est,
1160 2332 1268 2440 quod
1308 2333 1370 2414 di·
1426 2337 1429 2346 ⁴

192 2469 300 2544 recte
321 2463 542 2570 opponitur
563 2465 715 2545 unitati
734 2464 962 2565 Ecclesiae,
992 2492 1071 2546 non
1089 2465 1214 2573 fidei.
1250 2466 1369 2547 Unde

193 2592 261 2694 ille
302 2604 364 2677 est
403 2596 692 2680 schismaticus
731 2625 877 2707 purae,
914 2599 984 2708 qui
1021 2625 1166 2680 omnes
1197 2626 1369 2707 prorsus

192 2729 286 2810 fidei
309 2729 503 2809 articulos
520 2730 711 2831 admittit,
745 2739 785 2813 et
815 2731 967 2814 fatetur
997 2733 1365 2841 obtemperandum

191 2887 282 2942 esse
303 2860 509 2968 legitimae
531 2861 763 2944 auctoritati
795 2863 837 2944 in
858 2864 1044 2946 Ecclesia
1064 2865 1271 2966 existenti,
1297 2890 1368 2944 ve·

189 3003 425 3078 rumtamen
461 3023 512 3076 ex
535 2994 693 3078 malitia
723 2998 897 3104 denegat
928 2998 1204 3080 obedientiam
1237 3001 1373 3106 legiti-

189 3153 281 3210 mae
313 3127 410 3208 huic
440 3129 691 3210 auctoritati.
725 3130 817 3210 Hac
848 3131 897 3211 de
933 3155 976 3210 re
1007 3129 1194 3212 schisma
1220 3156 1373 3238 purum

189 3260 348 3343 definiri
386 3271 519 3368 potest
558 3262 831 3345 «malitiosus
853 3291 1042 3344 recessus
1065 3290 1090 3344 a
1112 3290 1211 3344 vera
1230 3264 1374 3346 Eccle-

195 3395 298 3476 ›sia
318 3396 453 3504 quoad
484 3397 758 3478 obedientiam
789 3397 945 3497 solum,
970 3403 1011 3477 et
1030 3397 1090 3497 fit,
1117 3403 1156 3476 et
1177 3403 1255 3496 est,
1278 3422 1374 3476 cum

193 3527 327 3635 »quis
356 3555 500 3609 omnes
530 3530 623 3612 fidei
657 3529 866 3628 articuloS,
903 3530 1037 3637 ipsam
1072 3529 1195 3610 etiam
1227 3553 1372 3636 supre-

193 3693 211 3738 »
232 3687 346 3744 mam
364 3661 495 3769 ipsius
511 3663 723 3746 Pontificis
745 3670 1008 3772 potestatem,
1029 3669 1068 3744 et
1084 3662 1307 3770 primatum
1330 3659 1372 3741 in

193 3795 417 3876 »Ecclesia
450 3797 590 3898 credit,
625 3805 788 3879 recusat
818 3805 955 3878 tamen
990 3823 1042 3878 ex
1063 3821 1178 3876 mera
1213 3793 1372 3875 malitia

192 3959 210 4005 ›
232 3930 421 4030 subesse,
441 3937 481 4010 et
501 3930 667 4012 obedire
684 3931 730 4012 S.
750 3930 938 4012 Pontifici
958 3929 1183 4010 formaliter
1203 3936 1370 4034 sumpto

191 4091 209 4138 ›
231 4088 313 4169 qua
328 4062 415 4163 tali,
441 4090 606 4172 seuque
623 4063 771 4173 Capiti,
792 4072 830 4145 et
851 4063 1000 4143 Christi
1026 4062 1066 4142 in
1099 4061 1221 4143 terris
1242 4060 1369 4140 Vica-

188 4195 304 4296 ›ri0,
337 4197 549 4278 Ecclesiae
572 4198 815 4296 universali,
849 4197 911 4277 vel
935 4197 1080 4278 ceteris
1114 4196 1246 4278 dictae
1277 4193 1372 4275 uni-

188 4329 398 4411 »versalis
419 4331 628 4412 Ecclesiae
650 4330 848 4412 membris
881 4330 1005 4431 uniri,
1041 4343 1113 4412 aut
1137 4330 1295 4430 unitus,
1330 4337 1370 4412 et

189 4489 208 4536 >
229 4463 478 4571 conjunctus
496 4491 586 4546 esse
603 4463 798 4546 detrectat
822 4495 859 4544 >,
881 4463 949 4546 Sic
970 4461 1156 4544 schisma
1172 4463 1217 4544 fit
1238 4471 1277 4544 et
1293 4469 1368 4563 est,
