3264 5146
117 365 128 377 ”
277 395 318 456 10
563 403 857 458 nmncucuouas
879 403 972 455 uuus
996 401 1165 457 canonici

284 535 350 614 Ab
370 533 448 616 hac
469 534 637 642 antiqua
656 540 696 614 et
716 539 879 614 servata
903 531 1021 641 praxi
1048 529 1351 639 aliquantulum
1376 531 1449 613 de·

283 669 444 750 flectere
473 668 564 748 visa
593 674 664 749 est·
681 668 726 748 S.
756 665 1029 775 Congcogatio
1059 664 1244 766 Concilii,
1277 691 1374 746 cum
1404 665 1447 748 in

284 801 529 882 Placentina
546 799 631 882 diei
647 801 696 880 31
716 800 919 882 Janaarii
937 801 1046 880 1880
1063 798 1115 878 ad
1135 797 1323 879 dubium:
1342 843 1363 858 -
1377 799 1446 879 An

285 934 505 1043 sponsalia,
536 959 641 1042 quae
672 932 714 1013 in
739 931 942 1040 Hispania
965 930 1262 1014 contrahuntur
1291 932 1447 1040 absque

284 1066 450 1176 publica
469 1066 675 1174 scriptura
694 1065 776 1145 sint
796 1063 949 1145 valida
964 1107 985 1124 -
1006 1063 1246 1171 Respondit:
1263 1051 1290 1124 ’-
1310 1061 1449 1172 Naga-

286 1204 382 1287 tive.
415 1247 436 1264 -
467 1199 596 1282 Licita
626 1225 788 1308 quoquc
818 1197 1029 1307 sponsalia
1067 1199 1146 1280 sub
1187 1223 1446 1307 quacumque

287 1337 419 1417 sonna
448 1335 656 1434 ineuntur,
680 1333 756 1414 etsi
778 1332 916 1413 deceat
934 1332 1022 1412 sine
1042 1339 1137 1412 teste
1156 1359 1236 1412 noa
1258 1333 1378 1440 ficri,
1403 1341 1450 1414 ut

287 1468 451 1577 probari
463 1468 636 1577 possint,
645 1467 681 1548 si
699 1467 800 1549 forte
811 1467 939 1549 altera
949 1472 1225 1574 pansneganet
1240 1471 1449 1548 contracta

287 1601 510 1710 sponsalia,
534 1607 656 1709 prout
685 1600 862 1707 allegata
881 1598 1107 1682 Doctorum
1133 1599 1375 1681 auctoritate
1405 1598 1447 1679 in

289 1738 357 1816 cit.
377 1736 510 1816 laelii.
529 1735 686 1815 Eccles.
708 1736 762 1813 46
784 1732 932 1842 probat
950 1732 1199 1815 Benedictus
1220 1731 1333 1814 XIV.
1358 1733 1449 1814 Hoc

288 1875 425 1948 autem
442 1865 552 1974 viget
573 1866 754 1973 inspecto
770 1867 864 1974 juna
884 1865 1161 1947 ecclesiastico
1181 1892 1276 1947 cum
1298 1864 1448 1947 Civiles

289 1999 459 2081 Codices
488 1998 672 2080 moderni
704 1999 865 2080 nullum
895 2025 1028 2105 neque
1049 2024 1101 2078 ex
1121 1997 1384 2106 sponsalibus
1404 1997 1448 2079 in

290 2131 420 2212 lorma
439 2132 491 2212 ab
513 2131 614 2237 ipsis
634 2132 858 2213 constituta
886 2130 999 2213 initis
1019 2131 1131 2212 aliud
1153 2131 1365 2213 vinculum
1380 2131 1449 2240 ju·

290 2265 463 2346 ridicum
493 2264 591 2346 oriri
621 2265 853 2365 admittant,
878 2263 957 2344 nisi
987 2271 1149 2346 tantum
1174 2265 1226 2345 ad
1247 2263 1450 2346 indemni-

290 2403 430 2498 tatem,
450 2397 486 2477 si
502 2423 608 2506 quae
623 2397 738 2480 alteri
755 2396 859 2504 panti
877 2403 1042 2506 propter
1061 2423 1205 2478 eorum
1220 2424 1303 2479 non
1319 2397 1450 2480 adim-

290 2529 540 2636 plemcntum
570 2531 721 2613 damna
750 2537 893 2611 secuta
922 2529 1019 2612 sint.

405 2668 466 2745 4.⁰
496 2663 557 2745 Dc
578 2663 841 2774 sponsalibus
871 2663 984 2744 initis
1003 2664 1082 2743 sub
1103 2663 1333 2746 conditione
1354 2689 1451 2772 age·

290 2823 384 2878 mus
405 2796 447 2877 in
468 2800 531 2880 tit.
561 2799 658 2881 Vct
687 2799 736 2879 de
766 2803 900 2878 aetate
929 2797 1163 2878 necessaria
1192 2799 1244 2878 ad
1274 2825 1323 2880 ea
1352 2825 1450 2880 oon-

290 2929 488 3012 tnahenda
526 2957 698 3038 agemus
728 2933 791 3012 lit.
824 2931 883 3028 IL·
915 2957 1026 3012 nunc
1054 2957 1152 3012 veno
1191 2937 1284 3013 anta
1324 2956 1450 3039 quam

290 3065 339 3145 de
369 3089 513 3146 eorum
538 3064 579 3144 vi
609 3089 800 3170 agamuS,
833 3063 1031 3145 nonnulla
1060 3065 1369 3173 praemittemus
1399 3066 1450 3145 de

290 3195 422 3277 arrhis
457 3202 498 3277 et
532 3196 689 3305 poenis.
722 3196 891 3277 Praeter
930 3195 1151 3277 nonnullas
1189 3197 1446 3298 donationes

289 3355 394 3437 quae
414 3329 546 3410 solent
566 3330 670 3412 inter
689 3354 864 3439 sponsos
890 3329 1148 3431 intervenire,
1172 3355 1358 3438 quaeque
1380 3355 1451 3410 vo-

290 3469 436 3545 cantur
453 3464 631 3570 jocalia,
657 3463 831 3565 dotalia,
855 3462 964 3544 dona
991 3463 1236 3574 sponsalitia
1255 3471 1351 3564 etc,
1375 3461 1450 3542 ali-

291 3597 454 3706 quando
484 3596 525 3676 in
556 3602 767 3678 contractu
796 3595 1038 3706 sponsalitio
1074 3596 1350 3680 interveniunt
1379 3625 1451 3680 ar·

293 3731 409 3832 aliae,
442 3756 547 3839 quae
576 3728 826 3811 definiuntur
853 3761 872 3805 ‹
895 3755 957 3812 ros
987 3730 1204 3840 quaedam,
1237 3756 1265 3811 a
1292 3733 1450 3843 sponsis

292 3863 352 3944 cel
382 3888 521 3944 eoram
541 3862 782 3975 pareatibus
814 3863 855 3942 in
886 3863 947 3943 cel
968 3869 1065 3976 post
1094 3869 1303 3944 contracta
1331 3889 1455 3976 spon·

289 3995 400 4075 salia
417 3995 498 4076 sibi
518 3995 685 4076 inuicem
700 3996 820 4104 quasi
831 3997 1012 4106 pignora
1029 3996 1072 4074 in
1084 3995 1343 4077 securitatem
1363 4023 1451 4077 ma·

292 4129 477 4210 tnimoaii
505 4127 676 4210 datae.»
699 4126 929 4209 Arnhanum
958 4125 1108 4234 positio
1137 4133 1200 4208 est
1230 4151 1256 4206 a
1279 4126 1373 4235 jure
1394 4128 1451 4209 ci-

292 4261 362 4344 vili
392 4268 433 4343 et
461 4261 657 4345 canonico
698 4262 894 4363 admissa,
927 4259 1039 4343 velut
1078 4267 1238 4346 constat
1271 4287 1323 4342 ex
1353 4287 1443 4342 can.

291 4399 330 4477 si
358 4398 449 4507 qais
480 4424 651 4480 acorem
681 4423 791 4480 caus.
826 4396 881 4478 27
912 4404 1064 4505 quaest.
1090 4398 1178 4478 2et
1199 4423 1289 4478 aaa.
1316 4396 1342 4476 3
1366 4395 1449 4475 etl
