3178 5134
488 396 595 448 amna
617 397 665 448 ιν.
689 414 710 428 -
732 395 870 448 rrrunus
892 397 990 447 xvur.
1263 384 1329 450 279

155 523 518 623 cohabitationem,
546 525 609 607 vel
629 525 682 606 ad
702 525 968 606 obtinendum
998 525 1217 607 divortium
1238 527 1323 635 ple-

153 685 290 760 num,
332 683 478 766 nempe
519 657 747 748 nullitatem
788 657 982 740 contracti
1022 658 1233 740 connubii.
1277 655 1321 738 Si

156 793 275 875 enim
305 790 485 901 primum
522 791 746 898 contingat,
783 798 883 892 tunc
920 789 1150 872 admittitur
1188 791 1323 872 solum

155 925 331 1032 conjux,
365 923 434 1034 qui
464 931 582 1032 putat
612 950 657 1004 se
685 921 836 1005 habere
875 924 1074 1005 rationem
1110 923 1161 1004 ad
1193 921 1328 1004 disso-

155 1059 353 1141 ciandam
383 1055 638 1138 individuam
667 1056 774 1138 vitae
809 1057 1162 1158 consuetudinem,
1197 1063 1243 1138 ut
1272 1080 1323 1135 er

158 1189 376 1274 communi
407 1189 635 1272 ostenditur
654 1189 878 1270 Doctorum
908 1189 1112 1304 sententia
1136 1187 1327 1296 pluribus

158 1322 301 1404 allatis
325 1322 434 1429 juris
463 1323 656 1422 textibus
681 1330 789 1404 etex
810 1322 997 1431 apposita
1021 1321 1192 1422 ratione,
1216 1321 1326 1429 quod
1433 1334 1437 1359 ¹

160 1455 450 1564 unusquisque
465 1453 547 1563 juri
569 1482 646 1537 suo
663 1455 896 1537 renuntiare
912 1456 1034 1557 valet,
1055 1454 1193 1555 antei,
1217 1455 1325 1562 quod

116 1649 122 1662 .
160 1589 296 1670 insui
323 1589 503 1671 favorem
535 1587 811 1674 introductum
832 1597 908 1689 est;
932 1587 1001 1669 alii
1031 1587 1200 1696 proinde
1231 1613 1326 1668 cum

160 1723 364 1805 interesse
394 1723 435 1802 in
465 1722 618 1803 talibus
638 1722 775 1804 causis
804 1749 886 1803 non
917 1722 1107 1824 habeant,
1133 1724 1184 1804 ad
1205 1750 1328 1804 accu-

161 1855 343 1954 sandum
373 1880 455 1935 non
476 1854 761 1955 admittuntur.
785 1856 942 1936 Verum
963 1856 997 1935 si
1020 1864 1167 1962 agatur
1187 1857 1235 1938 de
1256 1882 1330 1963 pe-

162 1989 290 2069 tenda
326 1987 512 2068 nullitate
552 1987 815 2089 matrimonii,
857 1996 956 2070 tunc
987 1989 1206 2070 videndum
1246 1995 1323 2088 est,

155 2120 288 2230 quale
308 2121 362 2202 sil
382 2120 733 2228 impedimentum,
753 2121 804 2200 ob
821 2121 928 2228 quod
949 2129 1111 2229 petatur
1129 2119 1331 2202 nullitatis

164 2253 419 2334 matrimonii
441 2254 673 2336 declaratio.
698 2254 751 2334 Et
770 2253 971 2361 siquidem
997 2255 1051 2335 sit
1071 2253 1327 2362 impotentia,

165 2399 267 2470 tuno
298 2389 350 2468 ad
381 2388 659 2468 accusandum
690 2387 917 2468 admittitur
945 2388 1060 2468 solus
1084 2388 1236 2495 conjux
1256 2413 1333 2495 po-

166 2529 275 2622 tens,
298 2520 397 2628 quia
426 2520 514 2627 ejus
535 2527 597 2600 est
617 2520 680 2601 vel
701 2523 888 2629 persequi
915 2521 1233 2622 accusationem,
1258 2529 1334 2601 aut

168 2655 205 2735 ei
238 2654 472 2734 renuntiare
493 2653 783 2735 consentiendo
803 2681 898 2735 cum
920 2655 1140 2763 impotente
1161 2653 1332 2736 cohabi-

166 2805 257 2869 tare
288 2795 333 2867 ut
363 2787 487 2868 frater
507 2796 546 2869 et
566 2814 695 2868 soror.
722 2787 841 2880 Quod
872 2789 979 2869 idem
1010 2789 1226 2870 dicendum
1248 2795 1325 2888 est,

167 2919 203 2999 si
236 2919 572 3027 impedimentum
610 2920 664 3001 sit
705 2946 837 3024 error,
871 2921 935 3001 vel
975 2929 1114 3024 metus,
1149 2928 1220 3001 aut
1251 2922 1355 3019 eis„

166 3077 263 3133 cum
286 3078 382 3160 pars
396 3052 510 3134 laesa
525 3053 655 3162 possit
670 3053 859 3162 supplere
875 3080 1136 3154 consensum,
1156 3061 1228 3134 aut
1243 3078 1331 3132 ma-

166 3188 407 3270 trimonium
442 3187 700 3271 convalidare
735 3188 926 3270 eumdem
955 3213 1202 3270 consensum
1232 3213 1331 3294 sup-
1374 3286 1380 3294 ⁸

166 3321 317 3431 plendo
338 3322 401 3402 vel
422 3321 664 3404 reiterando.
690 3321 734 3404 Si
756 3328 894 3402 autem
915 3321 969 3402 sit
990 3321 1326 3429 impedimentum
1444 3399 1446 3406 .

167 3453 509 3559 consanguinitas
539 3462 615 3554 aut
640 3453 818 3535 affinitas
848 3461 920 3535 aut
939 3453 1105 3562 publica
1134 3453 1332 3545 honestas

167 3583 444 3666 admittuntur
483 3587 534 3668 ad
574 3587 853 3668 accusandum
894 3585 1187 3694 consanguinei
1229 3585 1333 3666 inter

167 3743 278 3825 quos
307 3719 485 3827 primum
506 3721 681 3829 gradum
702 3721 875 3804 retinent
894 3731 1083 3829 parentes
1105 3721 1168 3802 vel
1189 3719 1329 3816 vicini,

166 3853 243 3962 qui
274 3853 421 3936 melius
456 3881 577 3964 quam
619 3855 688 3935 alii
720 3855 1057 3963 impedimentum
1087 3859 1332 3960 cognoscere

169 3983 326 4087 valent,
368 4013 420 4068 ex
456 3988 673 4069 canonibus
704 3989 731 4068 2
762 3995 798 4068 et
830 3991 854 4068 3
885 4015 996 4070 cuns.
1033 3991 1087 4068 35
1117 3993 1270 4095 quaest.
1307 3989 1332 4064 6

168 4126 212 4200 et
235 4118 431 4202 Doctores
451 4122 735 4204 communiter.
761 4123 895 4230 Super
921 4121 1012 4203 aliis
1033 4122 1334 4232 impedimentis

169 4251 448 4362 admittuntur
481 4264 641 4364 praeter
671 4256 867 4363 conjuges
897 4265 936 4338 et
964 4257 1215 4366 propinquos
1246 4254 1331 4354 alii,

170 4387 398 4470 dummodo
428 4413 511 4470 non
540 4390 622 4471 sint
651 4396 866 4497 suspectae
896 4389 1005 4493 fidei,
1030 4387 1266 4500 praesertim
1298 4386 1332 4466 si
