3388 5136
1061 36 1065 42 .
1350 24 1411 40 ww

348 441 392 506 62
657 449 925 499 ranunncmosre
946 449 1038 496 rums
1061 446 1219 495 cesoma

348 585 525 689 occulta,
549 580 730 690 prolecto
745 576 975 659 Concilium
997 601 1079 656 non
1101 574 1296 657 dixisset:
1313 620 1365 630 -
1381 577 1528 657 Etiam

342 726 516 831 propter
545 714 746 795 occultam
776 711 942 808 crimen,
978 710 1050 791 sed
1081 709 1255 790 dixisset
1285 707 1528 816 simpliciter

341 858 515 964 propter
544 847 745 929 occultum
775 849 943 925 crimen.
979 843 1156 936 Quando
1182 841 1294 921 enim
1315 842 1365 921 de
1387 841 1528 950 aliqua

346 982 484 1093 specie
516 980 669 1089 aliquid
699 979 930 1058 affirmatur
959 1002 1055 1056 cum
1079 973 1281 1081 particula
1301 975 1442 1075 etiam,
1466 975 1528 1054 al-

345 1116 523 1199 firmatio
553 1114 678 1215 cadit,
712 1121 751 1193 et
783 1111 930 1192 lortius
964 1109 1006 1189 in
1038 1109 1142 1188 alias
1172 1135 1318 1189 omnes
1348 1108 1522 1214 species,

345 1260 467 1360 prout
482 1276 635 1331 sensus
651 1243 974 1354 grammaticalis
992 1243 1158 1342 indicat,
1184 1250 1224 1322 et
1243 1242 1389 1323 docent
1410 1269 1524 1323 com-

346 1383 526 1466 muniter
556 1380 818 1462 Canonistae.
855 1378 924 1458 Sic
956 1377 1066 1458 verbi
1099 1376 1246 1486 gratia,
1278 1377 1314 1456 is
1335 1375 1402 1457 cui
1426 1403 1525 1458 con-

346 1542 465 1597 cessa
496 1515 573 1596 luit
603 1513 777 1595 facultas
808 1538 834 1591 a
864 1509 1033 1592 casibus
1064 1512 1189 1590 etiam
1219 1508 1423 1618 Episcopo
1460 1535 1525 1588 re-

345 1649 521 1731 servatis
541 1647 796 1745 absolvendi,
824 1671 850 1725 a
872 1645 1028 1726 fortiori
1052 1653 1187 1753 potest
1207 1671 1233 1725 a
1253 1643 1420 1725 casibus
1444 1670 1527 1724 non

346 1783 565 1864 reservatis
596 1781 826 1862 absolvere.
862 1781 972 1887 Ergo
1003 1808 1055 1861 ex
1087 1806 1135 1859 eo
1168 1779 1276 1885 quod
1317 1778 1525 1886 Episcopo

344 1942 543 1999 concessa
573 1915 695 1996 luerit
725 1912 1011 1996 aTridentino
1036 1912 1211 1994 facultas
1231 1912 1525 2018 extrajudicia-

343 2052 437 2133 liter
465 2049 743 2158 suspendendi
775 2049 900 2128 etiam
931 2049 978 2128 ob
1010 2047 1209 2127 occultum
1239 2045 1405 2144 crimen,
1436 2070 1525 2124 me-

344 2186 421 2265 rito
452 2183 713 2267 concluditur
743 2181 872 2262 simul
904 2207 1143 2262 concessam
1179 2180 1309 2261 luisse
1350 2179 1523 2260 faculta-

343 2330 426 2401 tem
456 2316 822 2424 extrajudicialiter
843 2315 1124 2423 suspendendi
1145 2316 1198 2396 ob
1220 2342 1301 2395 non
1321 2314 1522 2395 occultum

217 2531 229 2544 ‚
342 2453 513 2548 crimen,
548 2476 623 2529 seu
655 2450 709 2530 ob
740 2449 899 2529 crimen
933 2448 1162 2555 publicum.
1207 2449 1298 2530 Hoc
1338 2457 1400 2529 est
1439 2447 1522 2556 pri-

342 2609 459 2665 mum
489 2609 615 2689 grave
646 2589 955 2687 argumentum.

429 2717 623 2798 Secunda
653 2713 758 2795 ratio
807 2714 961 2821 petitur
1001 2742 1052 2796 ex
1095 2716 1228 2797 indole
1266 2723 1513 2824 temporum.

341 2852 471 2956 Ajunt
501 2847 626 2929 enim:
662 2846 785 2928 hodie
816 2874 961 2930 eversa
990 2857 1089 2930 sunt
1110 2849 1192 2932 lare
1215 2850 1367 2956 ubique
1388 2849 1521 2929 tribu-

341 2983 452 3065 nalia
487 2982 804 3089 Episcoporum,
849 2983 959 3062 unde
1001 2983 1071 3063 illa
1110 2982 1358 3065 Constitutio
1398 2983 1521 3061 Inno-

339 3117 462 3200 centii
503 3116 552 3195 Ill
594 3114 778 3195 ordinem
816 3114 1083 3222 judiciarium
1125 3116 1410 3224 praescribens
1456 3128 1521 3196 est

338 3277 510 3358 prorsus
542 3247 870 3357 inapplicabilis3
910 3258 1049 3330 carent
1090 3249 1198 3330 enim
1240 3248 1434 3356 Episcopi
1477 3248 1517 3327 vi

337 3385 574 3472 coactionis.
615 3383 835 3476 Quomodo
866 3408 966 3464 sane
997 3411 1143 3491 cogere
1182 3393 1351 3493 possent
1389 3390 1518 3464 testes

338 3521 390 3600 ad
420 3546 571 3599 causas
602 3517 950 3614 determinandas
987 3517 1064 3598 etsi
1097 3518 1139 3598 in
1171 3518 1268 3626 jure
1307 3517 1518 3598 Canonico

338 3651 504 3730 rubrica
524 3649 727 3730 habeatur
747 3653 797 3731 de
818 3650 994 3734 testibus
1011 3652 1229 3759 cogendis‘l
1254 3653 1372 3733 Patet
1390 3651 1518 3757 igitur

336 3782 447 3890 quod
476 3781 671 3890 Episcopi
702 3781 744 3861 in
775 3782 887 3863 hisce
913 3785 1156 3890 praesertim
1178 3785 1452 3893 temporibuS,
1476 3796 1517 3866 et

334 3941 473 3997 rerum
515 3915 722 4024 adjunctis
763 3915 937 4023 possint,
983 3944 1031 3999 ac
1073 3919 1248 3999 debeant
1292 3919 1516 4026 procedere

334 4060 477 4134 contra
507 4051 649 4132 omnia
678 4049 852 4131 crimina
892 4051 979 4132 sive
1010 4052 1185 4152 occulta,
1225 4052 1312 4133 sive
1343 4051 1518 4159 publica

335 4187 376 4264 in
397 4187 480 4265 vim
503 4186 785 4294 dispositionis
812 4185 1061 4268 ConcTrid.
1087 4188 1191 4298 Cap.
1221 4192 1244 4268 1
1263 4213 1360 4267 sess.
1380 4188 1455 4286 14,
1476 4187 1516 4266 si

334 4316 412 4424 ipsi
443 4317 597 4424 aliquid
628 4322 770 4401 volunt
795 4346 1007 4428 peragere,
1031 4330 1071 4402 et
1092 4327 1199 4403 recte
1221 4319 1513 4402 administrare

332 4449 552 4533 dioecesim
574 4453 797 4560 propriam,
817 4463 856 4535 et
873 4456 976 4535 bene
993 4481 1161 4563 pascere
1178 4481 1345 4562 gregem
1362 4480 1507 4537 suum.
