<?xml version="1.0" encoding="UTF-8"?>
<!DOCTYPE html PUBLIC "-//W3C//DTD XHTML 1.0 Transitional//EN"
    "http://www.w3.org/TR/xhtml1/DTD/xhtml1-transitional.dtd">
<html xmlns="http://www.w3.org/1999/xhtml" xml:lang="en" lang="en">
 <head>
  <title>
</title>
<meta http-equiv="Content-Type" content="text/html;charset=utf-8" />
  <meta name='ocr-system' content='tesseract 3.04.00' />
  <meta name='ocr-capabilities' content='ocr_page ocr_carea ocr_par ocr_line ocrx_word'/>
</head>
<body>
  <div class='ocr_page' id='page_1' title='image "./praelectionesju00angegoog/praelectionesju00angegoog_0263.png"; bbox 0 0 3178 5134; ppageno 0'>
   <div class='ocr_carea' id='block_1_1' title="bbox 776 1803 1270 1922">
    <p class='ocr_par' dir='ltr' id='par_1_1' title="bbox 776 1803 1270 1922">
     <span class='ocr_line' id='line_1_1' title="bbox 776 1803 1270 1922; baseline -0.002 -3"><span class='ocrx_word' id='word_1_1' title='bbox 776 1839 1011 1922; x_wconf 70' lang='lat' dir='ltr'>Taunus</span> <span class='ocrx_word' id='word_1_2' title='bbox 1043 1841 1139 1920; x_wconf 81' lang='lat' dir='ltr'>xv.</span> <span class='ocrx_word' id='word_1_3' title='bbox 1268 1803 1270 1808; x_wconf 77' lang='grc'><strong>’</strong></span> 
     </span>
    </p>
   </div>
   <div class='ocr_carea' id='block_1_2' title="bbox 393 2104 1522 2220">
    <p class='ocr_par' dir='ltr' id='par_1_2' title="bbox 393 2104 1522 2220">
     <span class='ocr_line' id='line_1_2' title="bbox 393 2104 1522 2220; baseline -0.004 -33"><span class='ocrx_word' id='word_1_4' title='bbox 393 2109 457 2187; x_wconf 86' lang='lat' dir='ltr'>De</span> <span class='ocrx_word' id='word_1_5' title='bbox 467 2104 646 2216; x_wconf 69' lang='lat' dir='ltr'>frigidis</span> <span class='ocrx_word' id='word_1_6' title='bbox 668 2113 704 2185; x_wconf 83' lang='lat' dir='ltr'>ot</span> <span class='ocrx_word' id='word_1_7' title='bbox 725 2107 1007 2213; x_wconf 78' lang='lat' dir='ltr'>ruoiefioiutie,</span> <span class='ocrx_word' id='word_1_8' title='bbox 1032 2116 1067 2187; x_wconf 86' lang='lat' dir='ltr'>et</span> <span class='ocrx_word' id='word_1_9' title='bbox 1092 2109 1328 2220; x_wconf 73' lang='lat' dir='ltr'><em>impotentia</em></span> <span class='ocrx_word' id='word_1_10' title='bbox 1350 2105 1522 2188; x_wconf 80' lang='lat' dir='ltr'>coeundi.</span> 
     </span>
    </p>
   </div>
   <div class='ocr_carea' id='block_1_3' title="bbox 377 2507 1566 4354">
    <p class='ocr_par' dir='ltr' id='par_1_3' title="bbox 377 2507 1566 4355">
     <span class='ocr_line' id='line_1_3' title="bbox 500 2507 1533 2616; baseline -0.005 -29"><span class='ocrx_word' id='word_1_11' title='bbox 500 2511 556 2587; x_wconf 86' lang='lat' dir='ltr'>l.⁰</span> <span class='ocrx_word' id='word_1_12' title='bbox 577 2507 834 2615; x_wconf 88' lang='lat' dir='ltr'>Impotentia‚</span> <span class='ocrx_word' id='word_1_13' title='bbox 860 2517 981 2616; x_wconf 91' lang='lat' dir='ltr'>prout</span> <span class='ocrx_word' id='word_1_14' title='bbox 1011 2510 1053 2588; x_wconf 90' lang='lat' dir='ltr'>iu</span> <span class='ocrx_word' id='word_1_15' title='bbox 1086 2507 1204 2590; x_wconf 87' lang='lat' dir='ltr'>titulo</span> <span class='ocrx_word' id='word_1_16' title='bbox 1236 2509 1463 2590; x_wconf 72' lang='lat' dir='ltr'><strong>assumitur</strong></span> <span class='ocrx_word' id='word_1_17' title='bbox 1483 2519 1533 2585; x_wconf 80' lang='lat' dir='ltr'>est</span> 
     </span>
     <span class='ocr_line' id='line_1_4' title="bbox 382 2641 1534 2749; baseline 0.001 -32"><span class='ocrx_word' id='word_1_18' title='bbox 382 2641 665 2722; x_wconf 82' lang='lat' dir='ltr'>‹inhabilitas</span> <span class='ocrx_word' id='word_1_19' title='bbox 709 2669 783 2722; x_wconf 90' lang='lat' dir='ltr'>seu</span> <span class='ocrx_word' id='word_1_20' title='bbox 819 2642 1070 2749; x_wconf 74' lang='lat' dir='ltr'>incapacitas</span> <span class='ocrx_word' id='word_1_21' title='bbox 1109 2643 1161 2723; x_wconf 87' lang='lat' dir='ltr'>ad</span> <span class='ocrx_word' id='word_1_22' title='bbox 1202 2641 1434 2724; x_wconf 89' lang='lat' dir='ltr'>habendam</span> <span class='ocrx_word' id='word_1_23' title='bbox 1477 2667 1534 2720; x_wconf 88' lang='lat' dir='ltr'>oo-</span> 
     </span>
     <span class='ocr_line' id='line_1_5' title="bbox 379 2773 1535 2883; baseline -0.006 -27"><span class='ocrx_word' id='word_1_24' title='bbox 379 2775 522 2882; x_wconf 88' lang='lat' dir='ltr'>pulam</span> <span class='ocrx_word' id='word_1_25' title='bbox 561 2773 767 2856; x_wconf 84' lang='lat' dir='ltr'>carnalem</span> <span class='ocrx_word' id='word_1_26' title='bbox 808 2773 1030 2882; x_wconf 79' lang='lat' dir='ltr'>perfectam</span> <span class='ocrx_word' id='word_1_27' title='bbox 1060 2802 1134 2856; x_wconf 86' lang='lat' dir='ltr'>seu</span> <span class='ocrx_word' id='word_1_28' title='bbox 1172 2775 1221 2855; x_wconf 92' lang='lat' dir='ltr'>de</span> <span class='ocrx_word' id='word_1_29' title='bbox 1251 2802 1296 2856; x_wconf 86' lang='lat' dir='ltr'>se</span> <span class='ocrx_word' id='word_1_30' title='bbox 1325 2785 1466 2883; x_wconf 86' lang='lat' dir='ltr'>aptam</span> <span class='ocrx_word' id='word_1_31' title='bbox 1493 2773 1535 2850; x_wconf 87' lang='lat' dir='ltr'>ad</span> 
     </span>
     <span class='ocr_line' id='line_1_6' title="bbox 381 2905 1538 3018; baseline 0.003 -28"><span class='ocrx_word' id='word_1_32' title='bbox 381 2909 507 3018; x_wconf 88' lang='lat' dir='ltr'>prolis</span> <span class='ocrx_word' id='word_1_33' title='bbox 536 2908 903 3017; x_wconf 80' lang='lat' dir='ltr'>generationem.»</span> <span class='ocrx_word' id='word_1_34' title='bbox 938 2911 981 2987; x_wconf 87' lang='lat' dir='ltr'>ln</span> <span class='ocrx_word' id='word_1_35' title='bbox 1012 2935 1093 3016; x_wconf 94' lang='lat' dir='ltr'>quo</span> <span class='ocrx_word' id='word_1_36' title='bbox 1124 2917 1323 3016; x_wconf 81' lang='lat' dir='ltr'>conceptu</span> <span class='ocrx_word' id='word_1_37' title='bbox 1355 2908 1420 2988; x_wconf 89' lang='lat' dir='ltr'>vel</span> <span class='ocrx_word' id='word_1_38' title='bbox 1453 2905 1538 2994; x_wconf 82' lang='lat' dir='ltr'>defi·</span> 
     </span>
     <span class='ocr_line' id='line_1_7' title="bbox 378 3041 1536 3151; baseline -0.009 -26"><span class='ocrx_word' id='word_1_39' title='bbox 378 3045 533 3126; x_wconf 89' lang='lat' dir='ltr'>nitione</span> <span class='ocrx_word' id='word_1_40' title='bbox 555 3043 818 3151; x_wconf 77' lang='lat' dir='ltr'>impotentiae</span> <span class='ocrx_word' id='word_1_41' title='bbox 838 3044 920 3124; x_wconf 93' lang='lat' dir='ltr'>duo</span> <span class='ocrx_word' id='word_1_42' title='bbox 942 3053 1039 3124; x_wconf 86' lang='lat' dir='ltr'>sunt</span> <span class='ocrx_word' id='word_1_43' title='bbox 1060 3042 1278 3151; x_wconf 77' lang='lat' dir='ltr'>praecipue</span> <span class='ocrx_word' id='word_1_44' title='bbox 1300 3041 1536 3124; x_wconf 84' lang='lat' dir='ltr'>advertenda</span> 
     </span>
     <span class='ocr_line' id='line_1_8' title="bbox 379 3173 1566 3284; baseline -0.002 -28"><span class='ocrx_word' id='word_1_45' title='bbox 379 3175 489 3284; x_wconf 91' lang='lat' dir='ltr'>quod</span> <span class='ocrx_word' id='word_1_46' title='bbox 520 3175 583 3256; x_wconf 84' lang='lat' dir='ltr'>vel</span> <span class='ocrx_word' id='word_1_47' title='bbox 614 3201 696 3256; x_wconf 91' lang='lat' dir='ltr'>non</span> <span class='ocrx_word' id='word_1_48' title='bbox 736 3174 868 3282; x_wconf 85' lang='lat' dir='ltr'>possit</span> <span class='ocrx_word' id='word_1_49' title='bbox 906 3173 1047 3255; x_wconf 90' lang='lat' dir='ltr'>haberi</span> <span class='ocrx_word' id='word_1_50' title='bbox 1079 3176 1241 3283; x_wconf 79' lang='lat' dir='ltr'>copula,</span> <span class='ocrx_word' id='word_1_51' title='bbox 1276 3176 1386 3257; x_wconf 89' lang='lat' dir='ltr'>unde</span> <span class='ocrx_word' id='word_1_52' title='bbox 1417 3175 1536 3254; x_wconf 88' lang='lat' dir='ltr'>viret</span> <span class='ocrx_word' id='word_1_53' title='bbox 1565 3209 1566 3254; x_wconf 67' lang='grc' dir='ltr'><em>τ</em></span> 
     </span>
     <span class='ocr_line' id='line_1_9' title="bbox 378 3307 1539 3418; baseline -0.005 -28"><span class='ocrx_word' id='word_1_54' title='bbox 378 3309 528 3390; x_wconf 91' lang='lat' dir='ltr'>mulier</span> <span class='ocrx_word' id='word_1_55' title='bbox 558 3309 663 3390; x_wconf 86' lang='lat' dir='ltr'>fiunt</span> <span class='ocrx_word' id='word_1_56' title='bbox 684 3336 766 3390; x_wconf 84' lang='lat' dir='ltr'>anu</span> <span class='ocrx_word' id='word_1_57' title='bbox 798 3335 910 3408; x_wconf 82' lang='lat' dir='ltr'>aare,</span> <span class='ocrx_word' id='word_1_58' title='bbox 935 3309 999 3388; x_wconf 87' lang='lat' dir='ltr'>vel</span> <span class='ocrx_word' id='word_1_59' title='bbox 1030 3311 1140 3416; x_wconf 93' lang='lat' dir='ltr'>quod</span> <span class='ocrx_word' id='word_1_60' title='bbox 1171 3309 1241 3390; x_wconf 84' lang='lat' dir='ltr'>iila</span> <span class='ocrx_word' id='word_1_61' title='bbox 1272 3309 1422 3418; x_wconf 83' lang='lat' dir='ltr'>copula</span> <span class='ocrx_word' id='word_1_62' title='bbox 1442 3307 1539 3390; x_wconf 66' lang='lat' dir='ltr'>(lese</span> 
     </span>
     <span class='ocr_line' id='line_1_10' title="bbox 378 3441 1537 3554; baseline -0.006 -31"><span class='ocrx_word' id='word_1_63' title='bbox 378 3455 481 3554; x_wconf 62' lang='lat' dir='ltr'>opita</span> <span class='ocrx_word' id='word_1_64' title='bbox 512 3471 593 3524; x_wconf 90' lang='lat' dir='ltr'>uon</span> <span class='ocrx_word' id='word_1_65' title='bbox 623 3445 677 3524; x_wconf 85' lang='lat' dir='ltr'>sit</span> <span class='ocrx_word' id='word_1_66' title='bbox 707 3443 758 3523; x_wconf 91' lang='lat' dir='ltr'>ad</span> <span class='ocrx_word' id='word_1_67' title='bbox 793 3441 920 3550; x_wconf 87' lang='lat' dir='ltr'>prolis</span> <span class='ocrx_word' id='word_1_68' title='bbox 960 3443 1281 3549; x_wconf 79' lang='lat' dir='ltr'>generationem.</span> <span class='ocrx_word' id='word_1_69' title='bbox 1316 3443 1438 3524; x_wconf 91' lang='lat' dir='ltr'>Unde</span> <span class='ocrx_word' id='word_1_70' title='bbox 1468 3467 1537 3522; x_wconf 91' lang='lat' dir='ltr'>non</span> 
     </span>
     <span class='ocr_line' id='line_1_11' title="bbox 379 3551 1537 3685; baseline -0.003 -31"><span class='ocrx_word' id='word_1_71' title='bbox 379 3576 532 3656; x_wconf 87' lang='lat' dir='ltr'>suffieit</span> <span class='ocrx_word' id='word_1_72' title='bbox 571 3603 645 3656; x_wconf 82' lang='lat' dir='ltr'>vas</span> <span class='ocrx_word' id='word_1_73' title='bbox 684 3574 870 3656; x_wconf 88' lang='lat' dir='ltr'>naturale</span> <span class='ocrx_word' id='word_1_74' title='bbox 910 3575 1096 3656; x_wconf 86' lang='lat' dir='ltr'>mulieris</span> <span class='ocrx_word' id='word_1_75' title='bbox 1135 3551 1447 3685; x_wconf 80' lang='lat' dir='ltr'>perrumpere,¹</span> <span class='ocrx_word' id='word_1_76' title='bbox 1470 3573 1537 3655; x_wconf 81' lang='lat' dir='ltr'>nisi</span> 
     </span>
     <span class='ocr_line' id='line_1_12' title="bbox 378 3707 1539 3818; baseline -0.001 -30"><span class='ocrx_word' id='word_1_77' title='bbox 378 3709 591 3790; x_wconf 87' lang='lat' dir='ltr'>emittatur</span> <span class='ocrx_word' id='word_1_78' title='bbox 611 3734 755 3788; x_wconf 90' lang='lat' dir='ltr'>verum</span> <span class='ocrx_word' id='word_1_79' title='bbox 785 3735 943 3810; x_wconf 84' lang='lat' dir='ltr'>semen,</span> <span class='ocrx_word' id='word_1_80' title='bbox 968 3711 1077 3818; x_wconf 87' lang='lat' dir='ltr'>quod</span> <span class='ocrx_word' id='word_1_81' title='bbox 1108 3719 1171 3790; x_wconf 87' lang='lat' dir='ltr'>est</span> <span class='ocrx_word' id='word_1_82' title='bbox 1196 3711 1477 3793; x_wconf 85' lang='lat' dir='ltr'>necessarium</span> <span class='ocrx_word' id='word_1_83' title='bbox 1497 3707 1539 3788; x_wconf 81' lang='lat' dir='ltr'>ai</span> 
     </span>
     <span class='ocr_line' id='line_1_13' title="bbox 379 3841 1542 3954; baseline 0 -34"><span class='ocrx_word' id='word_1_84' title='bbox 379 3841 506 3948; x_wconf 85' lang='lat' dir='ltr'>prolis</span> <span class='ocrx_word' id='word_1_85' title='bbox 547 3841 867 3949; x_wconf 84' lang='lat' dir='ltr'>generationem,</span> <span class='ocrx_word' id='word_1_86' title='bbox 901 3843 995 3925; x_wconf 86' lang='lat' dir='ltr'>licet</span> <span class='ocrx_word' id='word_1_87' title='bbox 1024 3871 1106 3925; x_wconf 92' lang='lat' dir='ltr'>non</span> <span class='ocrx_word' id='word_1_88' title='bbox 1136 3845 1369 3954; x_wconf 85' lang='lat' dir='ltr'>requiratur</span> <span class='ocrx_word' id='word_1_89' title='bbox 1399 3855 1446 3926; x_wconf 92' lang='lat' dir='ltr'>ut</span> <span class='ocrx_word' id='word_1_90' title='bbox 1477 3843 1542 3924; x_wconf 86' lang='lat' dir='ltr'>ha·</span> 
     </span>
     <span class='ocr_line' id='line_1_14' title="bbox 380 3977 1543 4087; baseline 0 -32"><span class='ocrx_word' id='word_1_91' title='bbox 380 3977 526 4057; x_wconf 91' lang='lat' dir='ltr'>beatur</span> <span class='ocrx_word' id='word_1_92' title='bbox 555 4001 718 4083; x_wconf 88' lang='lat' dir='ltr'>semper</span> <span class='ocrx_word' id='word_1_93' title='bbox 747 3977 874 4084; x_wconf 87' lang='lat' dir='ltr'>prolis</span> <span class='ocrx_word' id='word_1_94' title='bbox 900 3978 1126 4084; x_wconf 69' lang='lat' dir='ltr'>generatim</span> <span class='ocrx_word' id='word_1_95' title='bbox 1150 4005 1200 4060; x_wconf 86' lang='lat' dir='ltr'>ao</span> <span class='ocrx_word' id='word_1_96' title='bbox 1220 3979 1390 4087; x_wconf 92' lang='lat' dir='ltr'>proinde</span> <span class='ocrx_word' id='word_1_97' title='bbox 1422 3979 1543 4086; x_wconf 77' lang='lat' dir='ltr'>impe</span> 
     </span>
     <span class='ocr_line' id='line_1_15' title="bbox 377 4108 1565 4220; baseline -0.003 -30"><span class='ocrx_word' id='word_1_98' title='bbox 377 4108 507 4190; x_wconf 88' lang='lat' dir='ltr'>tentia</span> <span class='ocrx_word' id='word_1_99' title='bbox 532 4137 615 4190; x_wconf 93' lang='lat' dir='ltr'>non</span> <span class='ocrx_word' id='word_1_100' title='bbox 636 4109 902 4192; x_wconf 81' lang='lat' dir='ltr'>confunditur</span> <span class='ocrx_word' id='word_1_101' title='bbox 932 4139 1028 4193; x_wconf 89' lang='lat' dir='ltr'>oum</span> <span class='ocrx_word' id='word_1_102' title='bbox 1059 4113 1286 4195; x_wconf 87' lang='lat' dir='ltr'>sterilitate.</span> <span class='ocrx_word' id='word_1_103' title='bbox 1311 4113 1565 4220; x_wconf 70' lang='lat' dir='ltr'>Indifferem</span> 
     </span>
     <span class='ocr_line' id='line_1_16' title="bbox 379 4243 1544 4354; baseline 0.002 -32"><span class='ocrx_word' id='word_1_104' title='bbox 379 4249 519 4323; x_wconf 86' lang='lat' dir='ltr'>autem</span> <span class='ocrx_word' id='word_1_105' title='bbox 550 4252 612 4324; x_wconf 88' lang='lat' dir='ltr'>est</span> <span class='ocrx_word' id='word_1_106' title='bbox 641 4245 762 4351; x_wconf 80' lang='lat' dir='ltr'>quod,</span> <span class='ocrx_word' id='word_1_107' title='bbox 782 4243 883 4327; x_wconf 88' lang='lat' dir='ltr'>haee</span> <span class='ocrx_word' id='word_1_108' title='bbox 913 4247 1155 4354; x_wconf 87' lang='lat' dir='ltr'>impotentia</span> <span class='ocrx_word' id='word_1_109' title='bbox 1184 4247 1342 4329; x_wconf 85' lang='lat' dir='ltr'>oriatur</span> <span class='ocrx_word' id='word_1_110' title='bbox 1371 4273 1421 4327; x_wconf 82' lang='lat' dir='ltr'>ex</span> <span class='ocrx_word' id='word_1_111' title='bbox 1448 4269 1544 4354; x_wconf 93' lang='lat' dir='ltr'>quo-</span> 
     </span>
    </p>
   </div>
   <div class='ocr_carea' id='block_1_4' title="bbox 380 4376 1543 4490">
    <p class='ocr_par' dir='ltr' id='par_1_4' title="bbox 380 4376 1543 4490">
     <span class='ocr_line' id='line_1_17' title="bbox 380 4376 1543 4490; baseline -0.001 -35"><span class='ocrx_word' id='word_1_112' title='bbox 380 4376 479 4458; x_wconf 90' lang='lat' dir='ltr'>libet</span> <span class='ocrx_word' id='word_1_113' title='bbox 500 4377 676 4458; x_wconf 87' lang='lat' dir='ltr'>naturali</span> <span class='ocrx_word' id='word_1_114' title='bbox 699 4378 859 4460; x_wconf 87' lang='lat' dir='ltr'>deiectu</span> <span class='ocrx_word' id='word_1_115' title='bbox 890 4381 1068 4489; x_wconf 90' lang='lat' dir='ltr'>partium</span> <span class='ocrx_word' id='word_1_116' title='bbox 1096 4379 1279 4490; x_wconf 85' lang='lat' dir='ltr'>eorporis</span> <span class='ocrx_word' id='word_1_117' title='bbox 1307 4379 1543 4487; x_wconf 86' lang='lat' dir='ltr'>genitalium</span> 
     </span>
    </p>
   </div>
   <div class='ocr_carea' id='block_1_5' title="bbox 0 0 1594 5134">
    <p class='ocr_par' dir='ltr' id='par_1_5' title="bbox 0 0 1594 5134">
     <span class='ocr_line' id='line_1_18' title="bbox 0 0 1594 5134; baseline 0 0"><span class='ocrx_word' id='word_1_118' title='bbox 0 0 1594 5134; x_wconf 95' lang='lat' dir='ltr'> </span> 
     </span>
    </p>
   </div>
  </div>
 </body>
</html>
