1031 1440
408 185 556 198 PRAEmcrxoxEs
567 185 614 197 sums
626 184 711 197 (unorum

315 218 446 245 irpitudinem
461 217 515 238 filiae
531 217 602 237 uxoris
617 217 682 244 patris
697 216 727 237 tui
743 223 806 243 quam
818 223 854 243 pe-

315 259 318 272 :
333 251 385 279 patri
402 253 446 276 tuo,
463 253 483 272 et
497 253 529 271 est
543 257 602 271 soror
612 252 656 276 tua,
669 257 709 271 non
720 250 829 271 revelabis.
841 259 851 269 ι

326 285 379 305 onim
396 292 437 305 non
452 285 519 305 desint
537 284 637 304 Doctores
657 283 691 311 qui
712 286 795 304 teneant
815 283 853 304 has

315 325 347 346 que
363 319 446 345 nuptias
458 318 505 345 jure
520 317 609 338 naturali
620 317 716 342 inhiberi,
729 317 789 344 eujus
800 317 852 344 legis

315 352 394 372 ensatio
411 352 464 372 facta
479 358 492 372 a
507 351 550 371 Deo
565 351 592 371 sit
610 351 631 371 in
652 350 789 371 matrimoniis
804 357 853 371 oon-

315 385 336 405 zis
352 391 365 405 a
379 384 426 405 filiis
440 386 459 404 et
469 384 552 404 filiabus
563 383 705 404 communium
716 384 853 411 Protoparen-

315 426 319 443 ·,
335 418 381 438 aliis
394 420 463 438 tamen
474 417 599 438 Ductoribus
609 417 703 444 displicet
713 417 746 437 hic
755 417 851 444 loquendi

316 458 348 477 us,
365 457 413 471 eum
428 453 448 471 et
468 451 489 471 in
507 451 554 478 jure
574 450 663 471 naturali
684 457 724 470 non
744 450 854 471 admittant

316 485 386 506 ibilem
401 484 584 512 dispensationem3
601 490 689 511 eumque
710 484 756 504 talis
776 484 853 504 locutio

315 519 417 539 iantulum
427 518 454 539 sit
467 518 548 539 divinae
563 517 676 545 sapientiae
692 518 849 543 contumeliosa,

315 560 319 572 ι
335 552 363 572 ita
372 552 458 572 humani
469 551 550 579 generis
561 551 730 578 propagationem
740 551 851 576 ordinaret,

315 586 373 606 tatim
389 586 409 605 in
425 585 469 612 lege
485 587 571 605 naturae
589 585 715 612 dispensatio
735 585 853 605 necessaria

316 619 437 639 btinendum
448 619 509 639 finem
518 618 628 639 videretur.
638 618 696 638 Haec
703 617 788 645 proinde
796 618 852 638 erui-

315 652 368 673 edita
383 653 416 672 lex
432 654 493 679 atque
508 654 521 672 a
536 652 579 672 Deo
595 651 692 672 universo
709 651 800 671 humano
816 658 852 679 ge-

325 686 421 713 imposita
435 688 480 706 tum
495 692 543 706 cum
559 692 585 706 ex
601 692 643 706 uno
658 685 727 712 stipite
739 685 851 712 proceden-

315 720 405 740 liomines
420 719 442 740 in
457 719 527 747 plures
542 719 621 740 coivere
637 719 734 744 familias,
746 722 851 746 tamquam

315 753 435 773 honestatem
449 753 587 780 familiarum
607 753 760 778 contutandam,
777 753 854 780 foven-

315 791 353 813 ραι·
367 787 490 807 charitatem
508 787 561 807 inter
581 786 672 807 diuersas
687 786 795 814 familias,
817 786 852 813 qui

322 819 373 840 fines
389 820 489 847 principio
500 826 540 840 non
552 819 688 840 habebantur.
698 819 729 840 De
739 819 778 840 hoc
788 819 853 840 altero

322 853 408 880 loquens
424 853 447 873 S.
464 853 596 880 Augustinus
612 853 647 873 lib.
668 854 694 873 15
709 853 734 873 cle
744 853 799 873 civit.
812 853 853 873 Dei

315 888 341 907 at:
360 895 369 905 ι
380 887 457 907 Habita
472 888 503 907 est
516 886 568 907 ratio
578 886 693 906 rectissima
703 886 817 913 charitatis,
830 888 852 906 ut

316 920 360 941 ines
376 920 452 948 quibus
467 922 522 940 esset
542 920 598 940 utilis
618 922 679 947 atque
700 920 787 940 honesta
803 926 853 940 con-

315 953 335 973 ia
350 954 478 974 diversarum
494 953 670 974 necessitudinum
681 947 769 974 vinculis
784 956 853 974 necte-

315 993 343 1012 αν,
360 993 398 1007 nec
414 993 468 1007 unus
484 986 504 1007 in
521 993 562 1007 uno
578 986 643 1007 multa
653 986 745 1012 haberet,
761 987 798 1007 sed
808 987 852 1007 sin-

315 1026 326 1039 e
341 1021 487 1046 spargerentur
498 1020 518 1040 in
529 1019 630 1046 singulos,
643 1026 667 1040 ac
677 1019 707 1040 sic
718 1020 743 1040 ad
754 1020 852 1040 socialem

315 1059 327 1072 n
342 1053 462 1080 diligentius
477 1053 613 1080 colligandam
629 1053 731 1080 plurimae
750 1053 852 1080 plurimos

315 1088 387 1106 lerant.
400 1095 409 1104 ι
427 1086 471 1107 Hoc
484 1089 554 1107 autem
562 1086 598 1113 jus
608 1086 800 1113 positivo-divinum
811 1094 852 1107 non

315 1126 333 1139 m
348 1119 439 1140 Judaeos
454 1126 480 1140 ex
495 1120 562 1140 citatis
580 1119 646 1140 verbis
662 1120 747 1140 Levitiei
763 1122 783 1140 et
793 1120 852 1140 Chri-

315 1159 351 1178 ios,
368 1153 405 1173 sed
416 1153 536 1173 universum
546 1153 662 1173 humanum
673 1160 739 1180 genus
750 1154 852 1181 respicere

315 1192 326 1206 e
341 1186 434 1213 obligare
449 1186 558 1207 dicendum
576 1188 614 1207 est.
636 1186 757 1214 Impositum
777 1187 853 1214 quippe
