3360 5126
324 415 392 482 264
623 431 891 480 rmscnoaue
914 431 1008 479 mers
1031 430 1189 476 educarer

326 563 408 644 Sed
440 570 602 670 tempus
622 568 700 660 est,
726 569 771 641 ut
801 559 853 639 ad
900 558 1073 638 alteram
1115 553 1303 638 rubricae
1342 563 1509 662 partem

326 694 652 804 progrediamur.
687 693 751 773 Sit
781 692 919 800 itaque

850 965 891 1064 §-
921 963 985 1040 2st

789 1186 855 1266 Dc
878 1191 1037 1294 strtpro.

385 1365 549 1446 Crimen
582 1364 659 1446 hoc
689 1364 896 1446 interdum
931 1364 1113 1445 sumitur
1143 1363 1205 1444 νε]
1236 1363 1437 1472 generice,
1472 1371 1517 1442 et

201 1511 204 1516 '
329 1501 426 1600 late,
460 1499 666 1580 interdum
707 1509 846 1580 autem
887 1497 950 1578 vel
983 1499 1140 1598 stricte,
1175 1505 1215 1578 et
1239 1497 1427 1608 proprie.
1464 1497 1514 1576 Si

329 1631 530 1739 generice,
574 1639 614 1712 et
656 1631 736 1712 late
778 1631 993 1739 accipitur,
1027 1639 1126 1712 tunc
1156 1631 1323 1711 denotat
1357 1655 1513 1738 quem-

330 1791 507 1872 cumque
542 1763 730 1846 illicitum
761 1765 1043 1866 concubitum,
1066 1766 1154 1845 sive
1184 1791 1281 1846 cum
1302 1765 1511 1862 masculo,

330 1903 418 1982 sive
448 1926 545 1982 cum
587 1899 785 2000 foemina,
819 1925 950 2008 eaque
990 1900 1224 2007 conjugata,
1262 1899 1325 1980 νε]
1365 1899 1512 1996 vidua,

330 2035 393 2116 νε]
425 2032 599 2140 virgine,
633 2033 692 2115 uti
716 2041 878 2114 constat
907 2061 958 2113 ex
983 2033 1058 2142 lep.
1087 2035 1131 2115 4.
1157 2033 1218 2140 ff.
1244 2037 1294 2114 de
1314 2031 1510 2114 Adulter.

330 2169 405 2280 lep.
441 2170 553 2250 Inter
574 2175 620 2250 d.
646 2173 688 2272 ἓ.
717 2172 781 2250 1.·
801 2168 861 2275 ff.
886 2167 935 2248 de
961 2167 1082 2248 Verd.
1106 2167 1253 2276 signif.
1284 2175 1324 2246 et
1355 2165 1516 2247 notavit

331 2304 376 2384 S.
411 2303 596 2384 Thomas
626 2307 671 2387 2.
696 2307 742 2385 2.
780 2303 1066 2410 quaest.154.
1100 2309 1183 2382 art.
1219 2305 1264 2382 6.
1300 2300 1436 2382 addit.
1461 2304 1509 2384 2.

331 2436 375 2516 Si
407 2445 547 2516 autem
577 2436 732 2536 stricte,
767 2445 807 2517 et
839 2435 1001 2542 proprie
1031 2435 1226 2534 sumitur,
1262 2435 1312 2515 de
1343 2461 1423 2542 qno
1444 2433 1516 2513 hio

332 2568 483 2677 agitur,
517 2579 616 2650 tunc
647 2577 709 2648 est
741 2567 880 2648 illicita
911 2567 1120 2675 virginum
1163 2569 1386 2668 defloratio,
1424 2591 1514 2645 non

332 2705 599 2812 praecedente
641 2701 829 2808 pactione
871 2702 1095 2810 conjugali.
1131 2703 1334 2810 Stuprum
1374 2713 1514 2783 tamen

332 2837 409 2917 hoc
440 2835 565 2916 latius
596 2835 770 2916 describi
803 2845 952 2944 potest,
987 2837 1099 2945 quod
1130 2836 1184 2918 sit
1215 2836 1384 2918 illicitus
1414 2861 1515 2916 con-

333 2968 513 3068 cubituS,
547 2994 628 3076 quo
660 2967 875 3076 virginalis
906 2970 1120 3078 integritas
1151 2970 1444 3078 corrumpitur.

391 3102 591 3210 Stuprum
623 3100 701 3182 hoc
730 3129 857 3184 sensu
888 3111 1107 3210 acceptum
1131 3101 1242 3186 aliud
1265 3113 1328 3184 est
1358 3101 1517 3182 violen-

333 3244 438 3333 tum,
462 3261 543 3343 quo
564 3262 637 3344 per
659 3235 741 3316 vim
775 3235 923 3343 virgini
955 3236 1150 3318 adimitur
1179 3235 1403 3343 virginitas
1424 3261 1517 3315 cor-

333 3368 459 3477 poriS,
494 3376 534 3448 et
553 3367 631 3450 hoc
653 3377 715 3449 est
735 3375 927 3476 stuprum
955 3369 1252 3477 propriissime,
1278 3377 1318 3450 et
1339 3367 1516 3450 strictis·

333 3503 436 3582 sime
453 3501 621 3582 dictum:
640 3499 753 3583 aliud
770 3508 833 3582 est
846 3502 1035 3610 simplex,
1056 3501 1160 3584 idest
1172 3528 1253 3582 non
1267 3500 1510 3600 violentum,

333 3631 404 3712 sed
428 3631 726 3735 voluntarium,
761 3635 869 3742 quod
903 3634 1066 3736 volenti,
1101 3645 1141 3716 et
1169 3633 1437 3716 consentienti
1473 3632 1517 3713 in

333 3763 398 3844 sui
432 3764 693 3848 violationem
716 3767 904 3850 infertur:
931 3768 1052 3876 idque
1074 3769 1137 3849 νε]
1159 3769 1281 3876 plena
1307 3769 1510 3865 libertate,

334 3898 397 3979 vel
437 3900 653 3981 accedente
697 3900 851 4000 fraude,
889 3911 928 3984 et
960 3911 1087 4004 metu,
1121 3902 1277 3984 scilicet
1313 3900 1410 4010 quia
1441 3925 1515 4007 per

335 4031 519 4114 fraudem
563 4033 746 4135 inducta,
780 4045 852 4118 aut
880 4047 994 4119 metu
1035 4037 1250 4146 compulsa
1291 4035 1509 4118 consentit.

335 4164 534 4271 Stuprum
572 4167 729 4250 illatum
772 4196 843 4277 per
884 4171 1135 4274 violentiam,
1172 4170 1235 4251 νε]
1276 4170 1399 4252 etiam
1442 4195 1516 4276 per

336 4293 536 4398 fraudem,
571 4307 643 4381 aut
674 4327 746 4408 per
776 4311 932 4384 metum
958 4303 1115 4412 'injuste
1146 4303 1362 4384 incussum
1396 4301 1515 4382 mali·

334 4425 433 4508 tiam
464 4431 643 4512 continet
672 4435 809 4541 specie
849 4436 1083 4518 distinctam
1115 4465 1140 4518 e
1170 4435 1347 4544 simplici
1388 4434 1514 4515 forni-
