3356 5118
348 423 415 493 386
655 443 923 491 raimmrroxns
946 444 1039 493 mars
1062 443 1220 492 ememor

347 589 488 670 divina
516 588 651 670 officia
681 587 967 694 intelliguntur
996 590 1245 686 functiones,
1279 596 1319 670 et
1340 588 1524 671 actiones

347 723 598 833 spiritualeS,
631 749 736 831 quae
767 721 915 829 primo,
949 751 998 805 ao
1028 751 1100 832 per
1133 751 1178 805 se
1223 725 1356 805 ordini
1400 752 1522 806 sacro

345 869 444 942 sunt
474 885 677 960 annexae,
711 865 835 966 atque
865 885 916 939 ex
948 859 1116 959 Christi,
1151 869 1190 942 et
1221 859 1429 941 Ecclesiae
1460 861 1523 940 in·

346 992 561 1076 stitutione
593 1018 618 1070 a
647 991 748 1072 solis
778 981 1220 1093 clericis'exercentur,
1253 995 1314 1074 uti
1336 1004 1435 1075 sunt
1453 1019 1525 1074 sa-

346 1127 547 1211 crificium
576 1124 749 1223 Missae,
782 1124 987 1206 solemnes
1018 1127 1323 1210 benedictiones
1362 1128 1519 1234 templi,

348 1263 472 1345 fontis
501 1259 778 1369 baptismaliS,
812 1261 995 1366 exceptis
1026 1261 1311 1360 concionibus,
1346 1287 1451 1369 quae
1481 1288 1524 1342 e-
1661 1283 1662 1302 *

346 1400 446 1483 tiam
467 1406 652 1503 tempore
689 1393 897 1478 interdicti
931 1396 973 1474 in
1014 1395 1201 1479 Ecclesia
1240 1396 1382 1477 haberi
1420 1425 1521 1505 pos·

346 1542 457 1616 sunt.
1661 1527 1662 1538 '

432 1665 601 1746 Tertius
631 1663 802 1743 effectus
835 1662 1044 1744 interdicti
1074 1669 1136 1743 est
1171 1663 1345 1770 privatio
1382 1665 1522 1772 sepul-

346 1813 464 1882 turae
493 1795 822 1895 Ecclesiasticae,
856 1795 926 1903 qui
958 1795 1015 1876 ita
1045 1803 1108 1876 est
1137 1796 1443 1902 intelligendus
1478 1806 1524 1879 ut

346 1934 389 2014 in
419 1933 508 2013 loeo
538 1955 658 2010 sacro
690 1927 906 2010 interdicto
939 1928 1079 2009 nullus
1110 1930 1378 2037 quantumvis
1406 1931 1523 2013 inno-

345 2091 459 2162 cenS,
493 2089 569 2142 nec
599 2062 748 2160 inlanS,
786 2088 861 2141 nec
891 2088 1036 2140 amens
1067 2061 1197 2168 possit
1226 2063 1389 2170 sepeliri
1403 2064 1521 2170 juxta

346 2197 550 2280 monitum
585 2196 688 2304 Cap.
727 2193 859 2285 Quod.
896 2198 937 2276 in
969 2202 1006 2275 te
1036 2193 1087 2274 de
1116 2194 1346 2276 Poenitent.
1383 2204 1420 2276 et
1442 2198 1523 2278 Re-
1661 2193 1662 2238 r

346 2335 550 2429 mission,
585 2329 662 2410 nisi
694 2328 957 2436 privilegium
989 2327 1203 2411 habeatur.

431 2464 695 2544 Interdictum
726 2463 873 2570 triplex
903 2469 979 2562 est,
1013 2462 1168 2543 scilicet
1199 2463 1341 2563 locale,
1368 2489 1517 2572 perso-

345 2603 455 2703 nale,
474 2608 514 2682 et
533 2601 726 2680 mictum.
751 2598 900 2678 Locale
922 2597 1074 2679 directe
1095 2598 1233 2680 locum
1255 2597 1390 2696 afficit,
1415 2625 1514 2705 per·
1661 2651 1662 2668 t

345 2735 487 2815 sonale
518 2734 668 2812 directe
699 2730 825 2811 afficit
855 2757 1069 2839 personas
1093 2733 1274 2813 mixtum
1295 2739 1436 2811 autem
1457 2731 1511 2811 al·
1661 2717 1662 2738 Ν

346 2865 432 2946 ficit
461 2890 677 2972 personaS,
710 2871 750 2944 et
780 2863 884 2944 loca.

373 2995 375 2998 ’
433 3000 581 3082 Locale
611 2999 889 3080 subdividitur
920 2999 961 3077 in
991 2999 1197 3108 pencrale,
1217 2999 1518 3108 etinparticu-

347 3139 450 3216 lare.
501 3133 690 3212 Primum
731 3131 921 3234 habetur,
964 3132 1128 3240 quaudo
1170 3131 1426 3213 interdicitur
1461 3133 1521 3212 lo·

346 3296 420 3350 cus
450 3271 566 3347 varia
596 3267 676 3345 sub
707 3291 752 3344 se
773 3265 863 3346 loca
883 3266 1158 3373 complectens
1179 3293 1218 3346 v.
1239 3291 1281 3370 g.
1307 3265 1517 3370 Regnum,

345 3401 579 3501 Provincia,
624 3399 793 3481 Civitas
839 3400 1078 3480 Secundum
1120 3398 1311 3497 habetur,
1356 3401 1522 3506 quando

346 3535 601 3618 interdicitur
631 3532 892 3641 particularis
925 3532 1063 3640 aliqua
1092 3533 1293 3614 Ecclesia.

430 3671 531 3750 Item
562 3667 672 3748 sicut
703 3669 846 3768 locale,
883 3669 940 3760 ita
960 3678 1000 3748 et
1017 3668 1233 3778 personale
1253 3667 1518 3749 interdictum

346 3802 457 3886 aliud
488 3807 550 3881 est
566 3777 780 3908 peterere,
804 3827 886 3908 quo
908 3799 1095 3881 videlicet
1115 3811 1226 3881 totus
1248 3799 1426 3907 populus
1443 3798 1522 3879 ali-

345 3936 464 4044 cujus
487 3935 579 4032 loci,
607 3934 835 4035 districtuS,
869 3935 1047 4016 civitatis
1078 3941 1155 4016 etc.
1176 3935 1239 4014 vel
1257 3935 1416 4040 integra
1446 3933 1522 4014 ali·
1661 4049 1662 4054 Ν

347 4096 429 4178 qua
459 4069 733 4180 UniversitaS,
767 4067 1012 4176 Collegium,
1046 4068 1297 4175 Capitulum,
1329 4068 1523 4148 Conven-
1661 4087 1662 4126 ³

344 4209 412 4281 tus
443 4200 714 4283 interdicitur.
762 4201 888 4282 Aliud
927 4202 1203 4312 particulare,
1242 4227 1323 4308 quo
1363 4201 1522 4282 scilicet
1661 4199 1662 4238 ¹

346 4361 430 4415 una
460 4335 688 4434 dumtaxat,
724 4335 788 4416 vel
818 4335 959 4443 plures
989 4361 1164 4443 persone
1201 4335 1501 4416 interdicuntur

431 4467 615 4549 Ulterius
646 4469 862 4575 personale
901 4467 1181 4551 subdividitur
1216 4469 1257 4547 in
1295 4469 1436 4570 totale,
1481 4477 1522 4548 ct
