3178 5134
447 391 555 443 maea
578 390 623 439 lv.
648 409 667 422 -
690 369 828 444 errones
851 391 909 440 xv.
1055 364 1056 372 ’
1198 377 1263 442 259

113 529 287 604 constare
308 548 389 603 non
410 529 582 630 poterat,
606 529 692 604 erat
712 523 940 604 adhibenda
959 547 1175 630 corporum
1196 522 1258 602 in-

110 656 273 762 spectio,
291 663 332 738 et
352 655 486 764 quoad
507 655 642 736 virum
672 683 744 765 per
763 656 944 741 medicos
966 662 1005 736 et
1025 655 1254 762 chirurgos

111 788 235 894 quoad
265 787 465 869 foeminas
495 812 591 868 vero
626 814 698 896 per
727 788 966 869 obstetrices
996 795 1036 868 et
1064 786 1258 868 honestas

112 928 308 1002 matronas
339 947 391 1001 ex
421 947 509 1031 cap.
534 923 574 1019 4,
602 923 686 1000 bet
716 921 788 1002 alt.
823 921 863 1001 b.
890 927 937 1022 t,
971 920 1041 1029 qui
1072 946 1257 1029 quaeque

112 1080 191 1134 esse
222 1053 422 1135 debebant
453 1052 639 1160 ajudice
660 1053 825 1154 electae,
849 1059 969 1161 atque
999 1079 1122 1134 suum
1148 1052 1257 1160 judi-

112 1188 212 1268 cium
251 1187 453 1268 debebant
488 1186 721 1293 juramento
759 1187 937 1268 firmare.
971 1187 1099 1268 Porro
1139 1187 1174 1265 si
1206 1213 1257 1266 ex

111 1319 273 1401 istarum
299 1346 567 1428 personarum
593 1319 747 1427 judicio
767 1319 1023 1401 habebantur
1041 1319 1160 1426 signa
1180 1320 1258 1398 im·
1328 1415 1329 1418 p

112 1453 302 1559 potentiae
323 1453 489 1534 omnino
519 1460 629 1534 certa
649 1481 700 1534 ex
722 1453 924 1536 evidentia
946 1455 1136 1566 pbpstca,
1159 1463 1257 1551 ωηο

111 1585 406 1666 matrimonium
419 1585 514 1665 sine
535 1611 666 1687 mora,
690 1586 821 1666 aliave
842 1587 1097 1669 solemnitate
1123 1587 1258 1668 decla-

110 1718 266 1800 rabatur
295 1718 537 1821 invalidum,
561 1721 775 1801 eratenim
797 1721 914 1828 plene
935 1721 1106 1828 probata
1126 1721 1257 1830 impo-

109 1851 237 1932 tentia.
263 1851 307 1932 Si
330 1858 468 1932 autem
489 1851 751 1960 impotentiae
776 1851 897 1959 signa
916 1879 998 1933 non
1020 1860 1135 1933 erant
1147 1851 1256 1962 phy-

108 1985 177 2064 sice
205 1993 328 2084 certa,
364 1985 435 2064 sed
467 1992 626 2066 tantum
656 1987 881 2084 moraliter,
908 1993 1006 2066 ωηο
1035 1986 1252 2066 accedebat

104 2117 371 2222 juramentum
402 2119 623 2226 conjugum
645 2127 685 2201 et
704 2127 858 2228 septem
891 2120 1065 2200 aliorum
1086 2119 1136 2200 de
1159 2145 1255 2199 con-

108 2251 370 2358 sanguinitate
401 2257 473 2333 aut
492 2253 642 2334 vicinia
671 2279 831 2354 eorum3
864 2259 904 2334 et
933 2253 1029 2334 dicti
1060 2253 1255 2359 conjuges

106 2373 285 2488 jurabant
314 2414 359 2467 se
390 2387 497 2468 coire
528 2414 610 2469 non
631 2414 765 2495 posse,
783 2367 1083 2494 'consanguinei
1116 2397 1252 2466 antem

109 2517 160 2597 rel
180 2518 300 2600 vieini
328 2519 522 2626 jurabant
553 2547 597 2600 se
627 2522 804 2622 credere,
829 2520 937 2628 quod
968 2520 1162 2628 conjuges
1188 2519 1256 2625 ju-

106 2661 254 2733 rassent
282 2654 510 2734 secundum
531 2654 758 2736 veritatem.
783 2655 839 2733 At
865 2653 901 2733 si
932 2653 1051 2759 signa
1080 2651 1255 2737 fuissent

107 2783 352 2892 impotentiae
382 2786 521 2885 dubia,
557 2795 654 2868 tunc
693 2786 992 2867 concedebatur
1031 2785 1253 2865 triennium

107 2915 148 2995 ad
168 2919 471 3026 experiendum,
495 2945 548 2998 an
569 2945 642 3027 per
661 2946 799 3002 veram
830 2917 1020 3026 copulam
1048 2917 1253 2997 carnalem

108 3048 274 3132 valerent
302 3052 609 3133 matrimonium
640 3075 943 3154 consummare;
971 3049 1092 3157 idque
1122 3049 1254 3156 primo

109 3179 184 3290 lege
203 3185 403 3295 imperiali
424 3183 692 3266 constitutum
708 3193 783 3283 est,
802 3183 945 3265 deinde
962 3181 1169 3263 Ecclesiae
1186 3207 1254 3262 ca-

107 3341 199 3398 none
229 3318 307 3400 fuit
336 3327 559 3427 receptum,
593 3325 714 3426 prout
753 3315 928 3396 habetur
957 3341 1005 3394 ex
1036 3341 1124 3423 cop.
1162 3319 1186 3393 5
1217 3324 1253 3393 ct

107 3449 168 3528 ott.
192 3451 232 3532 b.
258 3460 286 3532 t.
321 3451 448 3532 Facto
479 3458 617 3532 autem
647 3449 724 3530 hoc
754 3447 942 3530 triennali
974 3447 1252 3556 experimento

107 3581 134 3659 si
153 3584 269 3692 signa
298 3585 559 3693 impotentiae
590 3591 700 3666 certa
720 3584 783 3663 vel
814 3583 865 3664 ad
896 3581 1112 3663 minimum
1136 3607 1254 3662 vcro·

106 3715 243 3799 similia
271 3747 355 3800 non
376 3719 674 3827 apparuissent,
702 3726 798 3799 tunc
819 3719 870 3799 ad
891 3717 1136 3798 assertiones
1157 3723 1254 3798 'con-

103 3845 236 3957 jugum
266 3852 494 3933 habebatur
524 3879 735 3952 recursuS,
769 3859 807 3932 et
838 3851 1040 3958 siquidem
1081 3851 1252 3931 fuissent

106 3987 312 4067 concordes
334 4013 510 4095 pronon
540 3993 683 4067 secuta
712 3985 960 4068 matrimonii
993 4010 1254 4065 consumma-

106 4115 216 4220 tione,
239 4129 337 4202 tune
358 4126 518 4228 recepto
548 4119 668 4201 istius
689 4117 972 4200 affirmationis
1001 4117 1249 4226 juramento,

106 4275 265 4334 necnon
287 4255 425 4334 habito
452 4254 589 4361 jurato
620 4251 852 4334 testimonio
874 4251 1072 4359 septimae
1102 4275 1252 4330 manus

105 4389 457 4496 consanguinitatis
489 4401 559 4470 aut
581 4387 751 4468 viciniae
783 4385 1090 4467 matrimonium
1118 4383 1252 4465 docla-
