3380 5132
535 735 740 839 LIBER
775 732 1057 860 QUINTUS

405 984 804 1068 oucnnmmuu
834 983 1096 1067 cneconn
1125 985 1183 1066 rx

534 1683 584 1736 DE
613 1677 799 1751 DELIG'I'IS,
832 1679 881 1731 ET
913 1677 1062 1733 Popula.

300 1907 464 2000 Quanto
504 1903 664 1987 dulcior
694 1902 810 2004 mihi,
845 1929 894 1986 ac
920 1901 1143 2012 jucundior
1184 1902 1260 1984 tuit
1289 1929 1389 1986 oon·

213 2038 390 2122 versatio
422 2037 608 2145 Gregorii
630 2036 688 2117 IX
720 2035 762 2115 in
795 2035 1002 2144 prioribus
1032 2061 1206 2117 suarum
1238 2037 1388 2120 Decre-

214 2172 357 2255 talium
373 2170 492 2253 libris
508 2169 758 2270 evolvendiS,
778 2177 901 2278 atque
923 2169 1252 2278 interpretandis
1273 2179 1388 2252 tanto

214 2305 383 2407 tristior,
409 2315 531 2414 atque
549 2303 732 2411 asperior
747 2304 869 2384 modo
900 2303 1034 2384 evadit
1051 2302 1092 2382 in
1124 2306 1381 2410 exponendo,

216 2448 337 2548 atque
358 2437 598 2547 explicando
619 2436 723 2517 libro
739 2436 779 2514 V
796 2435 1074 2545 praefatarum
1093 2437 1383 2521 Decretalium.

215 2572 340 2653 Liber
355 2572 464 2653 enim
486 2570 551 2652 hio
567 2569 790 2652 terribilem
812 2569 915 2650 iuris
930 2569 1207 2652 Ecclesiastici
1230 2579 1387 2680 partem

217 2705 411 2804 continet,
435 2731 530 2786 cum
553 2704 595 2784 in
616 2703 888 2786 atrocioribus
910 2703 1153 2784 criminibus
1175 2731 1391 2786 recensen-

217 2840 296 2940 dis,
316 2848 355 2920 et
375 2837 653 2920 severioribus
673 2838 817 2946 poenis
838 2837 879 2917 in
901 2863 993 2918 reos
1015 2839 1255 2920 eorumdem
1286 2838 1393 2918 infli-

218 2973 363 3078 gendis
386 2979 586 3054 versetur.

306 3105 481 3190 Recrcat
521 3131 586 3186 me
626 3112 779 3204 tamen,
813 3128 878 3186 ac·
902 3103 1031 3186 reficit
1070 3105 1389 3206 animadversi0,

220 3240 329 3347 quod
360 3237 547 3320 Ecclesia
575 3237 710 3319 Mater
744 3235 868 3318 etiam
900 3236 941 3316 in
974 3235 1049 3318 hac
1081 3263 1124 3317 re
1156 3264 1237 3318 non
1267 3245 1394 3320 exuat

221 3396 320 3478 erga
349 3370 537 3451 homines
567 3369 768 3451 scelerum
796 3369 985 3451 conscios
1016 3379 1243 3450 maternam
1267 3371 1397 3478 pieta-

220 3511 319 3604 tem,
353 3512 393 3584 et
423 3502 465 3582 in
497 3501 597 3611 ipsis
618 3503 761 3611 poenis
783 3501 1015 3610 infligendis
1046 3501 1306 3584 clementiam
1329 3528 1396 3584 se-

222 3652 373 3743 quatur
402 3636 477 3716 Dei
509 3635 663 3744 Optimi
687 3635 879 3737 Maximi,
904 3636 1077 3744 quinon
1112 3637 1200 3718 vult
1222 3646 1396 3718 mortem

222 3777 499 3878 peccatorum,
532 3771 605 3851 sod
637 3777 682 3850 ut
711 3777 1020 3872 convertantur,
1055 3780 1095 3852 et
1126 3771 1283 3869 vivant,
1320 3797 1395 3852 ceu

222 3929 364 3986 sacrae
395 3905 572 4013 paginae
604 3911 821 3986 testantur.

310 4037 400 4119 Hac
430 4037 539 4120 dulci
572 4036 927 4118 animadversione
958 4035 1213 4119 confortatus
1251 4037 1397 4119 festino

225 4172 326 4278 pede
358 4171 409 4253 ad
441 4172 480 4250 V
511 4170 603 4252 libri
637 4170 934 4279 expositionem
968 4170 1188 4278 ingredior.

764 4433 867 4448 ἢ
