3360 5126
564 423 663 470 nisan
685 425 717 470 v.
743 437 787 452 -·
811 423 950 472 maanus
973 426 1029 472 xu.
1317 408 1385 476 243

207 551 337 632 Porro
369 551 403 630 si
437 553 520 629 vim
553 549 590 628 vi
622 549 817 656 repellere
849 550 989 630 omnia
1007 549 1102 655 jura
1122 553 1382 658 permittunt,

204 692 316 792 patet
346 683 478 764 cuivis
510 682 631 763 licere
663 709 735 790 pro
758 684 994 764 necessaria
1014 685 1122 765 vitae
1144 685 1401 768 defensione.

204 815 406 924 injustum
443 842 727 923 aggressorem
759 815 959 898 occidere.
986 819 1042 899 At
1073 817 1181 898 sicut
1211 820 1381 900 modum

203 952 401 1032 excedere
432 951 526 1058 quis
562 961 715 1057 posset,
760 950 855 1031 hinc
894 951 1083 1032 Ecclesia
1124 951 1252 1051 addit,
1296 979 1384 1034 ser-

203 1091 297 1165 vato
328 1084 609 1164 moderamine
641 1084 875 1192 inculpatae
907 1085 1073 1166 tutelae.
1101 1086 1165 1165 Ad
1197 1111 1284 1166 rem
1307 1089 1377 1167 cit.

207 1219 311 1329 Cap.
351 1219 423 1310 18,
468 1218 509 1299 h.
556 1225 584 1298 t.
620 1217 833 1296 —ibi-
868 1219 1019 1298 Tamen
1053 1218 1096 1298 id
1121 1222 1229 1325 fieri
1268 1220 1381 1301 debet

201 1377 292 1432 cam
332 1352 610 1432 moderamine
653 1352 888 1463 inculpatae
918 1353 1084 1453 tutelae,
1117 1380 1198 1434 non
1230 1351 1287 1433 ad
1315 1380 1385 1434 sa-

200 1485 390 1565 mendam
407 1467 643 1584 uindictam,
659 1487 732 1566 sed
746 1487 803 1566 ad
820 1488 1020 1594 injuriam
1030 1485 1378 1598 propulsandam.

198 1617 340 1700 Posito
371 1627 509 1700 autem
541 1621 650 1728 quod
683 1620 776 1728 quis
807 1627 971 1702 servato
1008 1619 1289 1702 moderamine
1311 1647 1380 1701 oc-

199 1753 341 1834 ciderit
359 1755 421 1835 vel
438 1754 691 1836 mutilaverit
706 1755 909 1863 injustum
926 1783 1229 1863 aggressorem,
1250 1782 1381 1863 prono

196 1885 324 1968 fluere
355 1888 470 1970 alvoo
502 1888 678 1990 videtur,
703 1892 812 1996 quod
834 1889 901 1969 hic
922 1889 1268 1996 irregularitatem
1296 1915 1378 1970 non

197 2020 382 2101 incurrit.
407 2025 467 2100 lta
501 2023 627 2102 Clam.
664 2027 770 2103 anie.
807 2023 848 2101 h.
887 2031 917 2103 t.
953 2023 1023 2103 ubi
1056 2023 1205 2128 legitur
1236 2069 1294 2087 -
1323 2024 1383 2102 Ii-

198 2153 281 2234 lum
311 2181 392 2234 non
435 2155 646 2234 incarrere
686 2156 1056 2262 irregularitatem,
1100 2158 1172 2262 qni
1211 2162 1382 2235 mortem

196 2290 322 2370 aliter
343 2291 473 2369 citare
502 2316 582 2368 non
614 2288 764 2390 calens,
798 2315 916 2368 suam
942 2289 1107 2381 occidit,
1125 2290 1194 2370 ¹aa
1214 2289 1381 2389 mutilat

197 2425 438 2504 invasorem.
474 2421 525 2502 Et
555 2422 720 2503 merito:
756 2422 821 2503 hio
847 2422 956 2502 enim
980 2449 1060 2503 non
1083 2431 1216 2530 potest
1238 2422 1377 2504 incur-

193 2583 283 2637 rere
314 2557 658 2663 irregularitatem
690 2583 743 2636 ea
773 2555 935 2655 delicte,
961 2557 1058 2663 quia
1079 2557 1273 2637 delictum
1295 2581 1377 2636 non

195 2691 326 2790 adest,
360 2697 399 2768 et
428 2691 508 2770 tale
540 2689 811 2770 homicidium
842 2697 953 2771 caret
973 2690 1084 2771 omni
1118 2691 1259 2797 culpa:
1295 2717 1376 2770 non

194 2849 246 2903 ex
278 2821 437 2904 delectu
470 2823 663 2914 lenitatis,
697 2823 795 2929 quia
826 2821 1008 2903 delectus
1031 2823 1107 2904 iste
1129 2822 1376 2904 intervenire

191 2955 302 3036 haud
336 2963 484 3062 potest,
518 2955 683 3064 quando
714 2955 865 3034 occisio
897 2955 960 3034 vel
993 2955 1197 3037 mutilatio
1223 2982 1275 3035 ex
1305 2980 1379 3035 ne·

193 3088 375 3168 cessaria
405 3089 640 3168 defensione
671 3088 884 3193 contingit.
931 3087 1089 3166 Verum
1119 3087 1155 3167 si
1187 3089 1377 3168 modera-

192 3249 287 3303 men
321 3221 551 3328 inculpatae
573 3222 723 3302 tutelae
754 3221 846 3328 quis
878 3221 1106 3320 excederet,
1148 3228 1246 3300 tuno
1277 3220 1379 3300 irre·

192 3353 456 3462 gularitatem
493 3354 646 3434 incurri
688 3361 844 3434 certum
878 3361 1021 3433 estex
1059 3353 1163 3462 Cap.
1199 3359 1241 3449 6,
1268 3359 1306 3430 et
1327 3357 1372 3444 8,

192 3488 289 3568 dist.
314 3491 391 3568 50.
431 3489 534 3597 Cap.
559 3491 637 3580 28,
663 3489 704 3569 l.
731 3496 760 3568 t.
800 3487 956 3570 Concil.
986 3486 1151 3568 Triden.
1176 3511 1273 3566 sess.
1299 3487 1372 3578 14,

196 3623 300 3733 Cap.
336 3627 380 3722 7,
411 3621 461 3702 dc
489 3623 725 3731 Reformat.

279 3755 400 3848 Quod
442 3756 598 3836 dictum
640 3764 701 3836 est
743 3783 816 3864 pro
858 3757 1098 3838 necessaria
1137 3753 1376 3836 defensione

191 3913 294 3968 suae
311 3889 434 3991 vitae,
456 3889 562 3970 idem
585 3891 806 3971 dicendum
828 3917 902 4000 pro
926 3889 1162 3973 defensione
1183 3887 1376 3969 omnium

192 4022 413 4124 bonorum,
433 4023 497 4105 vel
514 4028 661 4105 saltem
679 4025 889 4106 maximae
901 4025 1028 4135 partis
1041 4024 1370 4106 eorumdemetc.
