3380 5132
519 471 618 516 LIBER
640 472 672 517 V.
699 489 736 500 -
765 472 902 519 maanus
926 473 948 518 1.

683 871 708 968 ἓ
744 871 803 947 3.⁰

546 1140 611 1218 De
640 1139 925 1246 inquisitione.

233 1406 397 1488 Tertius
430 1407 576 1486 modus
607 1404 879 1512 cognoscendi
902 1403 1075 1486 crimina
1105 1411 1167 1486 est
1188 1405 1324 1514 inqui-

145 1543 254 1621 sitio.
291 1540 396 1620 Cum
428 1539 535 1620 enim
569 1539 651 1620 lere
682 1539 976 1619 insufficientes
1012 1538 1241 1620 evasissent
1272 1542 1323 1622 ad

147 1674 321 1756 crimina
361 1673 588 1779 detegenda
628 1671 853 1771 accusatio,
899 1679 938 1752 et
978 1671 1234 1752 denuntiatio
1271 1675 1324 1755 ob

148 1807 283 1888 minas
314 1807 531 1915 praecipue
553 1807 835 1913 improborum
868 1804 1084 1886 hominum
1116 1805 1322 1887 invectum

148 1941 225 2021 suit
246 1940 356 2020 aliud
372 1939 599 2046 juridicum
618 1939 799 2020 medium
822 1966 895 2047 pro
912 1939 1074 2020 delictis
1096 1965 1324 2046 agnoscen-

147 2073 225 2171 dis,
254 2073 409 2154 scilicet
442 2075 670 2180 inquisitio,
695 2100 776 2179 qua
797 2073 1019 2153 auctoritas
1050 2073 1215 2179 publica
1242 2100 1320 2154 suo

148 2207 320 2314 iungens
363 2234 534 2286 munere
577 2207 772 2311 vigilandi
815 2213 975 2286 tenetur
1015 2206 1242 2312 diligenter,
1286 2217 1326 2287 ct

150 2351 336 2422 accurate
368 2339 616 2440 examinari,
642 2347 680 2420 et
702 2338 897 2444 indagare
928 2338 1117 2439 crimina,
1152 2347 1191 2421 et
1213 2339 1323 2448 ipso-

149 2501 240 2556 rum
273 2483 478 2556 auctores.

232 2611 448 2717 Inquisitio
471 2607 697 2715 generatim
715 2615 882 2715 sumpta
898 2609 1064 2690 denotat
1084 2609 1324 2716 cujuscum-

147 2768 227 2850 que
262 2741 316 2820 rei
354 2742 678 2846 indagationem,
711 2767 785 2820 seu
828 2741 1205 2848 investigationem,
1250 2771 1325 2824 ceu

148 2875 308 2955 eruitur
338 2901 388 2954 ex
411 2875 513 2983 Cap.
538 2879 599 2956 26
621 2875 670 2954 de
691 2875 822 2953 Elect.
844 2881 880 2953 et
902 2875 1005 2984 Cap.
1035 2878 1120 2982 fin.
1145 2882 1170 2979 ἓ
1194 2876 1253 2959 1.¹
1276 2877 1325 2957 de

151 3009 271 3117 Offic.
294 3008 479 3116 Delegat.
500 3010 542 3087 ln
575 3008 711 3116 specie
732 3015 885 3106 tamen,
904 3009 1060 3090 scilicet
1084 3010 1124 3088 in
1150 3013 1322 3092 materia

148 3141 347 3222 criminali
381 3142 480 3220 nihil
513 3142 624 3222 aliud
657 3151 735 3241 est,
771 3141 873 3221 nisi:
904 3143 1119 3242 Criminis,
1146 3145 1207 3224 oet
1243 3145 1325 3225 cri-

150 3277 296 3357 minosi
321 3301 398 3386 per
416 3275 602 3382 judicem
633 3275 809 3384 legitime
830 3276 958 3384 facta
992 3276 1218 3384 indagatio.
1255 3277 1327 3357 Di-

149 3409 255 3489 citur
285 3410 485 3505 criminis,
511 3408 572 3488 ael
593 3409 805 3487 criminosi
826 3409 877 3487 ad
900 3408 1323 3514 comprehendendam

151 3543 375 3648 quamlibet
412 3541 746 3650 inquisitionem,
786 3567 867 3620 non
904 3542 1039 3621 solum
1069 3543 1323 3651 generalem,

150 3676 238 3774 sed,
264 3687 302 3756 et
323 3679 553 3787 specialem,
579 3702 651 3783 per
671 3701 795 3782 quam
814 3677 964 3757 nedum
983 3678 1031 3758 de
1049 3677 1234 3778 crimino,
1254 3679 1327 3758 sed

153 3810 275 3889 etiam
307 3813 355 3891 de
387 3811 608 3892 criminoso
641 3809 681 3889 in
704 3811 839 3918 speeie
871 3810 1130 3918 investigatio
1161 3815 1220 3893 lit.
1257 3811 1327 3890 Di-

151 3942 256 4022 citur
283 3944 459 4053 lepitime
479 3945 607 4052 facta
629 3945 680 4023 ad
703 3944 957 4026 innuendum
980 3973 1072 4026 eam
1095 3945 1325 4025 faciendam

152 4103 241 4156 esse
264 4079 315 4158 ad
347 4079 552 4159 tramitem
576 4077 728 4184 legum,
756 4086 795 4158 et
816 4080 1047 4160 Canonum.
1073 4080 1166 4186 lpsa
1182 4079 1328 4185 justis-

150 4210 253 4290 simo
295 4213 528 4292 introducta
574 4211 664 4310 luit,
701 4238 750 4290 no
792 4212 1090 4312 deficientibuS,
1127 4212 1195 4320 qni
1237 4239 1329 4292 reos

153 4343 202 4423 ad
229 4344 391 4450 judices
422 4345 639 4444 deferrent,
675 4344 822 4425 delicta
863 4346 1044 4427 maximo
1076 4345 1326 4453 reipublicae

154 4477 304 4560 damno
337 4479 539 4588 impunita
570 4485 781 4596 manerent
816 4480 918 4591 Cap.
943 4483 1131 4573 Qualiter
1147 4485 1206 4565 24
1230 4479 1270 4559 h.
1294 4487 1322 4557 t.
