3178 5134
452 445 561 497 mana
581 443 627 494 Ν.
653 460 673 476 -
696 443 834 494 rrrunus
857 443 928 492 xix.
1210 425 1275 490 287

114 583 198 656 tem
213 575 318 656 inter
333 581 635 683 oppugnatores
651 572 775 654 aliam
791 571 1027 653 methodum
1042 577 1263 654 sectantur.

113 709 244 816 Ajunt
275 707 476 816 siquidem
506 705 726 788 divortium
756 731 847 787 esse
876 705 1047 805 malum,
1075 706 1147 786 sed
1178 733 1270 815 spe·
1304 694 1306 702 ¹

112 841 232 923 etatis
261 839 563 922 conditionibus
593 839 799 921 societatis
830 839 881 918 ab
911 864 961 918 eo
990 839 1104 947 accipi
1127 845 1266 946 utpote

110 974 221 1082 quod
237 971 393 1080 majora
405 971 517 1052 'mala
530 977 785 1080 praecaveat,
804 996 908 1078 quae
924 996 972 1051 eo
988 995 1071 1050 non
1087 971 1268 1051 admisso

111 1106 348 1188 societatem
376 1113 588 1207 vexarent3
611 1105 720 1186 unde
750 1130 831 1185 non
863 1112 1055 1186 verentur
1084 1130 1267 1186 asserere

111 1239 274 1320 divortii
305 1239 437 1346 legem
467 1265 558 1319 esse
587 1237 690 1318 satis
720 1263 944 1346 congruam
975 1237 1027 1318 ad
1053 1237 1269 1320 fovendam

111 1372 358 1480 populorum
378 1369 662 1472 moralitatem,
682 1379 722 1452 et
741 1369 842 1451 satis
862 1369 1107 1477 respondere
1127 1397 1267 1452 eorum

111 1504 256 1586 sociali
287 1503 581 1614 tranquillitati.
609 1503 760 1596 Contra
789 1530 892 1612 quos
923 1487 1109 1584 catholici
1131 1505 1269 1612 publi·

110 1637 239 1719 cistae
260 1637 522 1718 ostenderunt
542 1639 700 1718 aenium
721 1635 889 1746 legalem
909 1635 1079 1717 dicortii
1093 1663 1183 1718 esse
1200 1638 1269 1718 de-

108 1770 354 1854 structivam
389 1769 540 1852 vinculi
577 1769 775 1871 familiae,
813 1769 982 1878 proinde
1017 1797 1110 1850 vere
1143 1797 1269 1880 oppo-

107 1905 233 1984 sitam
254 1901 385 1983 ordini
405 1877 626 2002 societatis
650 1927 742 1982 eam
771 1901 992 1982 moralitati
1021 1902 1269 2010 populorum

107 2035 279 2118 omnino
309 2063 400 2116 esse
440 2037 622 2137 noxiam,
656 2043 696 2118 et
726 2036 861 2117 lovere
901 2037 1038 2144 potius
1078 2037 1265 2137 crimina,

108 2179 235 2279 atque
256 2170 425 2278 proinde
441 2197 523 2250 non
538 2170 677 2251 minus
698 2195 788 2250 esse
809 2169 1039 2278 oppositam
1059 2169 1268 2251 dictamini

109 2304 359 2386 christianae
388 2303 611 2412 religionis,
636 2329 760 2412 quam
785 2304 893 2384 bono
913 2303 1119 2385 societatis
1139 2303 1268 2385 civilis

109 2435 318 2545 regimini.
484 2445 488 2454 '

228 2569 291 2650 4⁰
310 2567 421 2649 Dum
451 2568 552 2650 haec
582 2570 690 2679 apud
710 2569 912 2651 Auctores
941 2579 1160 2678 agerentur
1184 2571 1270 2652 sive

103 2704 159 2784 ad
194 2701 437 2808 ingerendos
466 2701 616 2810 populo
647 2681 819 2802 errores
843 2703 930 2783 sive
960 2704 1011 2784 ad
1031 2703 1270 2784 revelandas

105 2837 347 2943 iniquorum
364 2833 542 2936 fraudeS,
563 2845 683 2943 atque
704 2836 841 2942 legum
861 2835 1011 2917 latores
1032 2837 1074 2940 in
1095 2835 1270 2945 publicis

103 2968 231 3050 Aulis
262 2993 405 3048 secum
435 2975 635 3048 certarent
663 2994 737 3076 pro
769 2967 931 3049 divortii
961 2970 1051 3078 lege
1076 2969 1139 3049 vel
1169 2970 1272 3050 reoi-

103 3100 263 3209 pienda
292 3101 355 3181 vel
386 3101 641 3210 reprobanda
670 3127 752 3181 non
783 3100 912 3184 defuit
941 3101 1131 3211 Supremi
1157 3102 1272 3182 Chri-

103 3235 342 3315 stianorum
374 3235 595 3315 Sacrorum
616 3233 823 3314 Antistitis
853 3235 1030 3317 Romani
1060 3235 1271 3318 Pontificis

103 3369 263 3450 Leonis
292 3367 385 3449 Xlll
415 3367 625 3449 infallibile
658 3366 896 3450 Oraoulum.
931 3371 1020 3478 Ipse
1050 3369 1159 3450 enim
1188 3371 1273 3451 En-

103 3499 267 3608 cyclica
286 3497 472 3608 Epistola
491 3502 543 3581 ad
563 3499 836 3600 Patriarchas,
862 3501 1078 3604 PrimateS,
1102 3503 1273 3584 Archio-

101 3635 316 3741 piscop05‚
350 3640 389 3714 et
408 3633 635 3742 Episcopos
666 3632 879 3714 universos
909 3635 1082 3742 gratiam
1104 3643 1143 3716 et
1162 3662 1274 3717 com-

102 3766 350 3847 munionem
371 3793 466 3848 oum
487 3765 726 3874 Apostolioa
747 3765 850 3847 Sede
875 3765 1071 3848 habentes
1091 3768 1187 3849 data
1207 3769 1273 3850 die
1307 3767 1313 3777 ’

106 3904 160 3982 10
186 3899 414 3982 Februarii
439 3903 548 3982 1880
571 3899 754 4008 apprime
784 3902 976 4010 exposuit
995 3903 1092 4010 quid
1114 3903 1163 3983 de
1185 3928 1274 3983 rna·

96 4031 290 4115 trimonii
321 4031 482 4116 loedere
507 4034 631 4141 juxta
651 4035 892 4117 catholicam
913 4035 1139 4118 doctrinam
1161 4045 1271 4116 esset

97 4165 344 4268 tenendum,
380 4173 420 4250 et
451 4169 654 4276 quomodo
690 4167 791 4249 haec
831 4169 1014 4250 doctrina
1052 4169 1273 4250 divortium

94 4301 292 4408 aliosque
323 4325 483 4382 errores
513 4295 714 4382 damnans
750 4301 996 4410 populorum
1025 4295 1132 4383 civili
1164 4299 1273 4406 regi-

93 4433 208 4516 mini
240 4441 349 4517 esset
378 4435 586 4517 salutaris.
611 4435 692 4518 P'ro
713 4462 877 4517 summo
897 4436 1051 4518 honore
1071 4435 1273 4517 habemus
