3388 5136
291 356 357 424 138
590 375 863 422 paramonarius
885 375 977 422 eume
1000 374 1157 422 cononici

284 503 445 614 pendii,
477 512 514 584 et
535 504 802 612 elemosynae,
838 501 898 582 uel
930 501 1084 583 loboris
1106 503 1346 602 eoetrinseci,
1374 505 1473 612 quia

291 638 333 718 in
355 639 433 720 hoo
454 664 581 719 sensu
612 663 694 718 non
721 637 905 734 daretur,
939 662 1013 716 nec
1043 636 1284 743 recipiretur
1313 643 1473 746 tempo·

293 771 377 852 rale
408 780 604 878 tanquam
637 769 831 877 pretium,
866 768 939 849 sed
961 775 1122 849 tantum
1144 769 1203 849 uti
1226 770 1373 850 titulus
1400 772 1474 853 sti-

293 903 446 1011 pendii,
470 915 511 984 et
531 903 729 984 honestae
754 900 1097 982 substentationis
1113 900 1383 1004 Clericorum,
1404 906 1472 1012 qui

294 1037 411 1116 altari
434 1037 686 1137 deserviunt,
712 1037 886 1143 ideoque
917 1035 968 1116 de
989 1034 1107 1114 altari
1129 1036 1267 1116 vivere
1306 1037 1470 1118 debent.

300 1169 404 1250 Con.
439 1171 515 1250 Ea
535 1169 600 1284 bis
619 1174 697 1252 22.
724 1195 837 1250 cous.
866 1173 938 1252 12.
965 1176 1121 1275 quaest.
1147 1169 1187 1248 1.
1211 1167 1337 1276 quue
1368 1169 1476 1252 valet

296 1328 377 1382 non
408 1304 530 1384 modo
552 1305 688 1411 quoad
710 1303 892 1384 Clericos
913 1302 1074 1409 inopes,
1100 1302 1173 1383 sed
1194 1302 1320 1382 etiarn
1340 1305 1476 1410 quoad

297 1436 458 1518 divites.
492 1439 578 1516 lmo
600 1464 683 1518 non
713 1437 850 1518 solum
884 1436 926 1516 in
958 1436 1041 1516 vim
1072 1436 1178 1518 tituli
1210 1437 1403 1544 stipendii
1426 1439 1476 1520 ad

297 1569 513 1648 honestam
534 1572 877 1652 sustentationem
894 1577 1072 1677 possunt
1089 1569 1270 1677 recipere
1291 1597 1354 1673 ea,
1373 1599 1478 1680 quae

298 1711 444 1809 sponte
474 1730 500 1782 a
529 1703 720 1784 fidelibus
751 1705 996 1802 offeruntur,
1030 1703 1102 1782 sed
1139 1702 1263 1784 etiarn
1305 1710 1479 1812 possunt

299 1837 369 1919 illa
400 1839 578 1946 exigere,
605 1847 645 1920 et
666 1839 833 1946 pacisci,
858 1839 982 1920 modo
1007 1837 1199 1946 specialis
1230 1866 1312 1919 non
1344 1840 1480 1920 obstet

296 1971 403 2080 juris
434 1972 669 2081 prohibitio⁸
713 1973 848 2054 Gloss.
891 1973 933 2053 in
973 1973 1076 2081 Cep.
1117 1971 1395 2080 significatum
1427 1971 1478 2051 de

301 2104 533 2188 Praebend.
560 2105 844 2187 Reiffenstuel.
871 2105 913 2186 lt.
935 2113 964 2186 t.
989 2136 1031 2186 n.
1053 2107 1156 2205 186,
1181 2113 1319 2212 etseq.
1357 2104 1481 2196 Quod

302 2249 440 2320 autem
470 2240 537 2322 hic
562 2240 617 2322 sit
648 2240 835 2349 spiritus,
870 2265 1003 2341 menS,
1039 2247 1161 2346 atque
1203 2237 1372 2320 intentio
1400 2237 1460 2341 Ec

302 2371 519 2453 clesiastici
550 2375 658 2480 juris
702 2373 855 2454 mirum
892 2373 932 2452 in
975 2373 1146 2454 modum
1186 2371 1394 2479 colligitur
1429 2399 1480 2454 ex

309 2505 413 2615 Cep.
440 2507 515 2588 42.
537 2506 578 2587 h.
604 2516 634 2590 t.
665 2508 774 2614 quod
806 2515 851 2587 ut
880 2505 1087 2588 recolatur
1118 2507 1333 2614 adprecor.

391 2640 473 2720 Sed
503 2641 657 2721 nedum
678 2639 858 2720 simonia
887 2640 1029 2721 exulat
1051 2639 1093 2720 in
1124 2639 1482 2722 administratione

308 2781 676 2872 sacramentorum,
711 2779 750 2852 et
779 2772 1160 2874 sacramentalium,
1184 2772 1220 2853 si
1253 2772 1484 2854 verificetur

309 2903 451 2986 tilulus
481 2904 687 3012 stipendii,
725 2911 764 2986 eb
793 2905 1070 3014 elemosynae,
1095 2905 1168 2986 sed
1199 2905 1323 2986 etiarn
1354 2905 1389 2985 si
1414 2929 1484 2984 ve-

306 3038 485 3120 rificetur
515 3039 660 3121 titulus
691 3039 912 3120 extrinseci
945 3039 1114 3121 laboris,
1140 3038 1260 3132 Quod
1281 3047 1329 3119 ut
1359 3037 1484 3146 proba

306 3172 572 3280 intelligatur,
598 3173 812 3255 sciendum
843 3181 920 3273 est,
946 3173 1151 3280 duplicem
1183 3173 1225 3254 in
1247 3171 1487 3280 hujusmodi

309 3303 588 3388 functionibus
604 3307 891 3416 spiritualibus
908 3305 1107 3413 distingui
1124 3307 1329 3388 laborem:
1356 3331 1487 3386 unum

309 3439 455 3522 iisdem
486 3439 771 3542 intrinsecum,
816 3438 950 3548 qualis
981 3447 1057 3540 est,
1094 3439 1162 3547 qui
1197 3439 1412 3522 adhibetur
1443 3436 1487 3518 in

309 3572 401 3678 ipsa
430 3572 703 3652 celebratione
734 3573 907 3673 Missae,
931 3571 995 3652 vel
1026 3571 1243 3654 collatione
1273 3570 1482 3670 ordinum,

311 3711 351 3785 et
370 3711 433 3785 est
453 3705 504 3784 ab
526 3704 591 3785 his
622 3703 903 3788 functionibus
934 3706 1249 3814 inseparabilis3
1274 3706 1392 3807 alter,
1417 3705 1488 3812 qui

310 3843 373 3917 est
402 3836 483 3917 illis
514 3837 787 3939 extrinsecus
821 3847 861 3921 et
891 3839 942 3920 ab
964 3839 1015 3919 iis
1046 3865 1119 3947 per
1150 3865 1194 3920 se
1224 3836 1485 3947 separabilis,

241 4069 244 4074 1
311 3979 357 4052 ut
397 3971 506 4079 quod
547 3971 830 4054 celebraturus
871 3971 1045 4055 missam
1086 3973 1235 4055 debeat
1273 3979 1491 4081 expectare

311 4112 464 4184 certam
495 4102 656 4206 horam,
693 4111 765 4185 aut
787 4104 973 4186 alienum
1009 4111 1176 4208 nutum,
1206 4106 1314 4214 quod
1346 4107 1494 4188 debeat

312 4233 444 4315 lacere
476 4236 566 4338 iter,
595 4239 658 4318 vel
691 4238 804 4320 adire
836 4247 996 4321 eertum
1027 4239 1165 4321 locum
1197 4247 1274 4322 eto.
1308 4241 1492 4322 Iamvero

219 4377 222 4384 '
312 4364 429 4448 titulo
461 4371 808 4476 compensationis
852 4373 1008 4454 laboris
1049 4371 1259 4455 intrinseci
1294 4372 1393 4482 peti,
1426 4371 1492 4454 vel
