3136 5138
319 384 381 447 176
605 401 896 453 rnnnnncrrouus
918 403 1012 454 rurus
1037 403 1202 454 canonici

326 525 369 606 Si
401 535 540 608 autem
570 537 791 634 quaeratur
821 555 902 637 quo
928 530 1021 637 jure
1052 538 1193 610 votum
1223 529 1399 611 solemne
1418 525 1473 608 di-

324 659 447 742 rimat
487 661 725 769 conjugium
771 663 1109 764 contrahendum,
1158 663 1473 772 respondendum

325 821 421 875 cum
452 795 635 876 Sanohez
668 797 737 878 lib.
774 797 799 878 7
830 799 880 878 de
909 799 1090 878 matrim.
1120 799 1215 879 dist.
1240 801 1295 879 26
1317 825 1421 879 num.
1452 799 1474 874 4

325 931 367 1008 iu
391 931 474 1036 fin.
510 929 683 1039 aliisque
716 932 756 1012 id
788 960 869 1013 non
900 959 990 1012 esse
1026 959 1079 1012 ex
1113 933 1207 1040 jure
1246 933 1383 1014 divino
1420 930 1475 1010 vel

321 1063 498 1144 naturali
529 1065 601 1146 sed
632 1072 792 1148 tanturn
823 1093 874 1146 ox
900 1067 993 1174 jure
1024 1067 1316 1149 ecclesiastico,
1358 1065 1474 1146 Narn-

322 1224 401 1305 que
431 1198 472 1279 id
502 1225 584 1278 non
615 1199 737 1281 efficit
766 1208 907 1280 votum
928 1201 1028 1308 quio
1044 1209 1101 1280 est
1123 1209 1271 1301 uotum,
1296 1201 1369 1282 sed
1388 1201 1476 1310 quio

322 1339 378 1410 est
418 1332 605 1433 solemne
648 1359 771 1414 secus
809 1333 949 1414 omnia
987 1343 1083 1415 vota
1122 1335 1247 1416 etiam
1286 1333 1476 1442 simplicia

322 1465 361 1546 id
393 1473 662 1574 praestarent,
696 1468 805 1575 quod
836 1494 917 1548 non
939 1474 1001 1548 est
1022 1494 1182 1568 verum,
1206 1469 1318 1576 atqui
1340 1467 1477 1549 solem-

322 1598 429 1678 nitas
450 1599 533 1679 voti
556 1599 788 1681 introducta
803 1607 865 1680 est
880 1625 928 1680 ex
943 1600 1035 1705 jure
1051 1599 1343 1699 ecclesiastico,
1366 1609 1474 1708 prout

321 1739 458 1840 aperte
489 1733 606 1814 docet
635 1733 877 1814 Bonifacius
910 1732 998 1812 VIII
1029 1761 1118 1843 cap.
1164 1735 1271 1814 unic.
1316 1733 1367 1813 dc
1396 1743 1474 1814 roto

321 1874 357 1944 et
388 1867 470 1946 coti
500 1867 770 1978 redemptione
803 1869 845 1947 in
881 1867 952 1966 VI,
977 1867 1145 1974 proinde
1167 1866 1207 1948 id
1227 1867 1413 1975 provenit
1431 1891 1475 1946 ex

314 1999 406 2107 jure
427 2000 716 2082 ecclesiastico.
740 2002 1012 2108 Argumenta,
1039 2027 1144 2107 quae
1167 2001 1218 2080 ab
1237 2001 1288 2080 iis
1305 2001 1475 2082 afferun-

319 2145 402 2236 tur,
446 2135 514 2242 qui
555 2135 777 2216 defendunt
816 2133 1062 2216 contrariam
1102 2133 1350 2216 sententiam
1372 2143 1476 2215 'sunt
1545 2161 1546 2254 p

320 2267 453 2374 magis
483 2268 671 2374 speciosa
699 2293 824 2375 quam
855 2293 965 2368 vera,
1000 2292 1075 2347 nco
1105 2267 1181 2374 ipsi
1213 2266 1354 2348 valent
1384 2267 1477 2347 ellu-
1545 2263 1546 2302 l

318 2427 414 2507 gere
445 2401 529 2480 vim
559 2411 896 2508 argumentorum
926 2409 1091 2482 nostrae
1120 2401 1363 2502 sententiae,
1388 2407 1474 2479 sunt

319 2533 428 2614 enim
449 2533 566 2636 haec,
591 2561 696 2643 quae
718 2533 996 2642 adjungimus
1021 2535 1264 2614 certissima:
1284 2579 1304 2593 -
1325 2537 1382 2615 l.0
1402 2559 1474 2614 non

319 2666 447 2749 luisse
478 2667 520 2747 in
549 2667 734 2748 Ecclesia
775 2666 1110 2775 impedimentum
1151 2665 1352 2746 dirimens
1383 2665 1472 2764 voti,

318 2799 549 2907 usquedum
581 2824 631 2878 ea
660 2826 742 2880 non
773 2799 935 2879 induxit
965 2781 1132 2879 in'voto
1162 2797 1472 2896 solemnitatem,

318 2961 393 3015 seu
423 2933 588 3035 meliuS,
622 2933 854 3042 usquedum
897 2931 1081 3013 Ecclesia
1119 2959 1202 3012 non
1244 2931 1338 3012 fecit
1369 2931 1476 3010 inha-

317 3068 420 3149 biles
452 3068 502 3150 ad
533 3067 700 3176 nuptias
721 3066 1034 3166 contrahendas
1061 3067 1131 3175 qui
1152 3075 1295 3148 votum
1317 3068 1475 3148 ederent

317 3203 358 3282 in
388 3203 541 3284 talibus
570 3200 857 3308 religionibus3
888 3247 909 3260 -
939 3200 1001 3282 2.⁰
1031 3201 1131 3308 quin
1161 3201 1243 3281 irno
1260 3201 1474 3281 Pontifices

315 3337 583 3437 concessisse,
628 3345 673 3417 ut
713 3335 934 3444 aliquando
973 3341 1071 3416 vota
1109 3335 1233 3416 etiam
1278 3332 1476 3443 simplicia

316 3469 625 3550 matrimonium
655 3477 799 3577 postea
828 3466 1152 3549 contrahendum
1182 3465 1345 3548 irritum
1377 3466 1477 3546 face·

315 3611 419 3703 rent,
456 3611 502 3683 ut
532 3611 629 3684 sunt
659 3610 754 3683 vota
783 3601 988 3711 simplicia
1018 3601 1236 3682 Societatis
1265 3601 1366 3682 Jesu
1391 3605 1477 3708 post

315 3734 528 3815 biennium
558 3733 783 3815 novitiatus
814 3734 981 3834 emissa,
1016 3758 1120 3840 quae
1160 3733 1237 3814 etsi
1278 3712 1360 3813 non
1400 3731 1476 3811 sint

315 3867 516 3949 solemnia
535 3867 734 3949 dirimunt
754 3875 891 3949 tamon
914 3866 1223 3949 matrimonium
1240 3865 1477 3950 contrahen-

315 4004 416 4084 dum
447 4003 518 4083 sed
549 4029 631 4082 non
661 4001 892 4083 dissolvunt
917 4001 1004 4109 jam
1026 4007 1282 4084 contractum
1303 4001 1397 4083 licet
1416 4025 1478 4078 ra-

315 4149 406 4217 tum
435 4142 596 4217 tantum
627 4134 681 4218 sit
711 4161 762 4217 ex
803 4135 1105 4216 Constitutione
1145 4135 1331 4243 Gregorii
1371 4133 1472 4213 XIII:

319 4304 337 4344 «
359 4268 608 4353 Ascendente
627 4271 804 4350 Domino
825 4299 864 4369 »5
889 4275 929 4349 et
949 4267 1147 4376 probatur
1167 4293 1219 4348 ox
1242 4265 1321 4346 alio
1341 4290 1477 4346 exem-

315 4401 382 4511 plo
413 4402 454 4482 in
487 4403 556 4484 cit.
591 4402 654 4481 tit.
688 4399 861 4481 XXXII
887 4401 957 4482 tib.
992 4401 1069 4480 III.
1094 4447 1112 4460 -
1136 4399 1197 4481 3.⁰
1228 4399 1270 4480 in
1300 4398 1376 4480 hoc
1407 4397 1480 4478 im·
