3178 5134
340 383 405 445 212
628 393 920 448 runnneorrouus
943 396 1037 448 rums
1062 395 1232 448 onuourcr

350 526 441 606 fert.
465 568 485 584 -
507 523 565 631 (e)
585 523 801 617 Quomodo
817 523 986 631 proinde
1003 531 1100 604 sunt
1116 523 1376 631 intelligenda
1390 523 1503 604 verba

348 658 519 740 ConciIii
551 657 795 740 Tridentini:
834 659 982 765 «quod
1012 659 1048 738 si
1080 658 1149 739 aIii
1180 659 1288 739 ultra
1325 659 1502 765 designa·

348 803 429 892 toS‚
463 790 715 899 baptizatum
747 790 967 898 tetigerint,
999 793 1286 898 cognationem
1325 793 1503 900 spiritua·

348 927 429 1008 lom
459 925 573 1006 nullo
603 933 722 1032 pacto
762 925 1004 1008 contrahant
1023 930 1069 1006 »t
1106 927 1158 1007 Et
1197 927 1413 1010 dicendum
1449 935 1503 1008 est

346 1085 443 1141 cum
474 1059 699 1140 Gallemart
728 1087 793 1170 op.
829 1067 879 1140 et.
917 1061 991 1140 too.
1017 1063 1085 1141 cit.
1115 1061 1421 1142 Declarationes
1439 1059 1502 1139 sub

346 1220 457 1274 num.
494 1195 519 1272 8
550 1191 591 1272 id
622 1217 713 1272 esse
744 1191 1053 1300 intelligendum
1084 1193 1133 1273 de
1159 1193 1225 1293 iis,
1250 1193 1320 1300 qui
1342 1199 1503 1298 tangunt

346 1328 419 1408 sed
450 1351 532 1406 non
564 1324 716 1406 habent
745 1325 930 1407 animum
960 1325 1226 1434 suscipiendi,
1255 1327 1326 1434 qui
1348 1325 1503 1433 proinde

347 1486 399 1539 ex
429 1458 517 1538 solo
548 1465 657 1541 tactu
691 1484 772 1538 non
804 1458 1051 1540 contrahunt
1081 1461 1368 1571 cognationem
1394 1459 1504 1567 spiri-

303 1573 306 1580 ’
347 1592 516 1692 malem,
539 1592 886 1698 quemadmodum
903 1594 972 1700 qui
994 1593 1144 1676 habent
1158 1593 1410 1701 suscipiendi
1426 1591 1504 1672 ani-

347 1752 478 1825 mum,
513 1725 585 1806 sed
615 1733 770 1806 tactum
801 1753 882 1806 non
922 1735 1145 1833 praestant,
1189 1753 1320 1834 neque
1362 1725 1417 1806 illi
1445 1749 1502 1804 co·

347 1857 585 1964 gnationem
616 1856 876 1958 contrahunt,
910 1885 1006 1939 nam
1046 1867 1267 1968 utromque
1306 1857 1430 1940 simul
1458 1881 1502 1934 ex

344 1991 560 2100 explicatis
589 1992 823 2100 requiritur.

461 2130 523 2205 4⁰
549 2126 611 2205 De
643 2113 882 2232 parentibus
913 2127 1119 2234 propriam
1152 2129 1306 2236 prolem
1338 2133 1411 2208 aut
1438 2125 1502 2204 ba·
1569 2231 1570 2244 Ν

345 2259 610 2365 ptizantibus,
639 2259 703 2340 vel
733 2259 1058 2366 suscipientibus
1089 2263 1129 2342 in
1162 2263 1409 2369 baptismate
1438 2265 1502 2338 aut
1569 2319 1570 2384 3

347 2391 671 2492 confirmatione,
695 2419 795 2472 num
823 2393 1064 2475 contrahant
1084 2395 1341 2503 spiritualem
1362 2417 1503 2500 cogna-
1569 2385 1570 2410 ¹

347 2523 525 2624 tionem,
560 2523 777 2606 dicendum
808 2533 883 2605 est:
917 2571 938 2586 -
968 2541 1013 2622 (α)
1045 2528 1089 2608 Si
1120 2555 1174 2609 ecc
1202 2531 1436 2609 necessitate
1467 2523 1501 2603 id

350 2657 530 2757 fecerint,
568 2657 690 2764 juxte
730 2684 973 2765 responsum
1012 2662 1184 2743 Ioannis
1213 2663 1303 2740 VIII
1343 2663 1395 2742 ad
1424 2661 1503 2739 An-

347 2787 525 2869 selmum
572 2789 908 2870 Lemovicensem
953 2793 1203 2902 Episcopum
1248 2795 1424 2875 relatum
1466 2792 1502 2868 in

346 2949 438 3002 cun.
465 2922 490 3002 7
522 2948 670 3004 consue
693 2925 746 3004 30
778 2932 931 3030 quaest.
961 2930 979 3006 l
1006 2929 1164 3009 nullum
1196 2929 1406 3009 incurrere
1436 2926 1504 3006 im-

346 3055 624 3163 pedimentum
644 3057 900 3163 cognationis
916 3060 1156 3168 spiritualis
1177 3088 1271 3144 oum
1287 3059 1504 3142 necessitas

346 3217 428 3270 non
458 3189 607 3272 habeat
636 3189 783 3297 legem.
810 3192 900 3272 Hoc
931 3202 1070 3275 autem
1100 3221 1181 3276 non
1212 3194 1432 3302 procedere
1459 3192 1503 3271 dc

347 3331 461 3430 patre
492 3333 565 3406 aut
598 3333 728 3406 matre
768 3325 928 3407 levante
958 3329 1009 3408 de
1039 3355 1157 3412 sacro
1198 3330 1321 3429 fonte,
1356 3337 1429 3409 aut
1458 3351 1504 3405 ex

345 3459 586 3541 necessitate
617 3460 849 3567 baptizante
880 3461 1087 3569 propriam
1118 3465 1272 3572 prolem
1294 3459 1503 3545 fornicario

344 3599 580 3697 susceptam
621 3593 766 3698 probat
800 3595 1025 3700 Fagnanus
1056 3595 1098 3676 in
1129 3624 1219 3708 cup.
1254 3599 1280 3676 2
1311 3597 1352 3676 h.
1387 3603 1417 3676 t.
1425 3657 1437 3696 ,
1468 3599 1505 3672 et

345 3733 640 3830 consequenter
663 3727 972 3809 matrimonium
1004 3729 1172 3812 intense
1194 3731 1326 3811 valide
1347 3735 1505 3810 contra·

343 3853 440 3935 here
471 3883 552 3936 non
581 3885 717 3966 possc.
736 3905 757 3919 -
773 3871 818 3953 (β)
840 3862 950 3942 Idem
981 3862 1142 3946 dicatur
1170 3863 1206 3945 si
1237 3871 1427 3972 parentes
1455 3855 1504 3936 ad
1567 3961 1568 3972 Ν

345 3985 385 4066 id
415 3989 635 4094 procedant
665 4017 737 4099 per
766 3993 1019 4100 probabilem
1044 3995 1152 4102 juris
1183 4005 1255 4077 aut
1276 3995 1371 4076 facti
1391 3995 1505 4101 igno·

344 4119 534 4224 rentiam,
558 4125 719 4207 nullum
749 4155 895 4236 nempe
926 4129 1132 4212 incurrere
1153 4129 1410 4239 cognationis
1430 4130 1503 4208 im·

343 4251 621 4358 pedimentum
652 4285 747 4339 cum
775 4287 918 4361 uxore,
944 4289 992 4344 ac
1012 4263 1180 4371 proinde
1209 4263 1393 4344 debiturn
1424 4286 1503 4342 non

341 4384 477 4467 solum
508 4413 629 4495 posse
659 4391 826 4476 reddere
856 4396 928 4476 sed
958 4403 999 4478 et
1028 4405 1180 4505 petere,
1204 4423 1300 4479 cum
1329 4421 1411 4478 non
1433 4395 1506 4474 ha-
