3388 5136
293 321 359 388 116
594 339 865 385 nasammonas
889 340 982 386 sums
1004 339 1163 386 canorum

296 467 652 551 administratione
691 475 1062 568 sacramentorum,
1096 479 1136 549 et
1176 469 1353 551 aliorum
1384 473 1476 552 offi-

295 605 454 686 ciorum
480 603 743 682 Divinorum.
767 600 865 680 Alia
883 601 1060 709 denique
1080 611 1179 684 sunt
1199 604 1361 684 adnexa
1381 631 1477 686 oon-

294 745 507 847 sequentcr
541 733 844 843 spiritualibus,
878 734 990 815 velut
1009 735 1181 816 effectus
1200 763 1303 817 suae
1324 764 1475 820 causae

295 881 342 952 ut
373 870 574 952 beneficia
604 869 896 950 Ecclesiastica
920 877 1124 976 quatenus
1144 881 1243 952 sunt
1257 870 1356 978 jura
1384 899 1476 980 per-

293 1005 471 1113 cipiendi
503 1005 678 1104 reditus,
711 1002 782 1110 qui
813 1005 965 1083 dantur
994 1015 1158 1111 propter
1178 987 1373 1105 officium,
1399 1033 1475 1087 seu

297 1138 572 1219 ministerium
603 1137 833 1246 spirituale,
857 1163 939 1245 quo
960 1137 1085 1218 etiam
1112 1138 1347 1220 referuntur
1377 1167 1477 1249 pen·

297 1272 438 1353 siones
468 1271 784 1354 Ecclesiasticus
805 1279 883 1352 eto.
908 1269 998 1351 Has
1019 1299 1085 1352 res
1106 1299 1250 1353 omnes
1271 1299 1353 1380 qua
1373 1273 1475 1354 tales

298 1407 436 1506 vendi,
470 1407 567 1508 emi,
602 1415 641 1487 et
673 1407 713 1485 in
744 1405 991 1486 commercio
1023 1406 1118 1514 poni
1150 1407 1308 1514 passim
1339 1407 1477 1516 prohi-

295 1543 416 1621 betur
446 1539 487 1618 in
516 1541 625 1647 jure,
659 1551 706 1621 ut
727 1549 869 1621 notant
904 1540 1178 1622 communiter
1200 1541 1412 1644 DoctoreS,
1437 1551 1477 1624 et

296 1675 545 1756 Canonistae
576 1703 650 1783 per
679 1683 818 1756 textus
839 1676 922 1754 iam
943 1675 1105 1758 citatos.
1130 1678 1180 1756 In
1201 1705 1292 1788 cop.
1317 1679 1476 1786 Siquis
1597 1732 1601 1751 ,

299 1811 451 1890 Dolor.
486 1811 535 1888 In
566 1837 657 1922 cop.
682 1809 841 1917 Siquis
862 1810 1090 1921 Episcopus
1111 1818 1185 1891 etc.
1211 1811 1292 1892 Sed
1313 1820 1476 1918 tempus

298 1953 433 2048 urget,
467 1951 513 2022 ut
542 1943 592 2024 de
612 1943 730 2023 tertio
751 1951 936 2023 extremo
957 1944 1230 2026 constituente
1250 1944 1470 2024 simoniam

298 2077 532 2184 loquamur,
567 2077 671 2158 idest
701 2079 751 2159 de
780 2079 926 2186 pretio,
961 2079 1011 2159 de
1042 2105 1123 2186 quo
1154 2079 1239 2186 agit
1278 2106 1471 2187 sequens

831 2484 856 2581 ἓ
886 2482 948 2560 3-·

763 2751 828 2830 De
849 2750 1005 2860 pretio

387 3015 572 3099 Pretium
594 3017 795 3100 simoniae
811 3019 919 3126 juris
941 3017 1157 3119 naturalis,
1182 3024 1222 3100 et
1243 3017 1381 3099 Divini
1407 3043 1477 3098 ne-

299 3150 480 3232 cessario
511 3151 631 3231 debet
660 3178 752 3231 esse
787 3151 941 3260 aliquid
978 3151 1216 3260 temporale.
1252 3151 1327 3233 Est
1366 3177 1479 3233 oom-

300 3283 440 3365 munis
471 3283 695 3367 Doctorum
728 3286 931 3367 sententia
961 3286 1105 3366 innixa
1130 3287 1234 3397 Cap.
1270 3289 1299 3366 8
1330 3291 1474 3366 Actor.

302 3421 371 3500 ubi
413 3419 562 3501 Petrus
592 3421 887 3528 Apostolorum
928 3421 1120 3529 princeps
1162 3419 1319 3501 Simoni
1350 3419 1477 3525 Mago

300 3552 429 3636 dixit:
462 3595 519 3614 —
550 3553 737 3632 Pecunia
769 3561 840 3634 tac
877 3562 1006 3634 tecum
1035 3554 1089 3634 sit
1121 3555 1162 3634 in
1185 3553 1475 3664 perditionem,

299 3685 495 3792 quoniam
525 3683 677 3766 donum
697 3689 779 3767 Dei
799 3689 1049 3768 occistimcsti
1064 3689 1245 3799 pecunia
1257 3686 1475 3798 possideri.

387 3817 484 3897 Dixi
515 3819 693 3926 pretium
725 3819 924 3902 simoniae
952 3821 1061 3928 juris
1095 3821 1311 3919 naturalia,
1348 3829 1388 3900 et
1408 3819 1477 3898 Di·

300 3950 400 4054 vini,
440 3952 539 4063 quia
583 3955 759 4062 pretium
805 3957 1007 4038 simoniae
1049 3956 1157 4064 juris
1202 3953 1479 4037 Ecclesiastici

300 4092 433 4192 potest
462 4115 552 4170 esse
583 4089 707 4170 etiam
739 4089 893 4198 aliquid
924 4089 1157 4198 spirituale,
1194 4089 1255 4170 uti
1296 4098 1408 4198 patet
1437 4087 1479 4168 in

300 4221 473 4299 materia
503 4221 811 4324 beneficiorum,
847 4251 954 4333 quae
984 4223 1078 4306 licet
1107 4225 1190 4306 sint
1220 4223 1318 4333 quid
1359 4221 1481 4332 spiri-

299 4352 428 4456 tuale,
448 4353 715 4438 nihilominus
731 4357 766 4438 si
785 4359 950 4468 propria
972 4359 1214 4442 auctoritate
1229 4357 1478 4440 fiatillorum
