3136 5138
280 369 322 434 98
569 379 975 432 66666666666666616
999 376 1167 432 6666666

285 509 541 594 conciliando
587 511 777 590 tenentur
817 510 949 617 quoad
991 507 1240 588 validitatem
1285 533 1456 588 servare

286 648 397 754 leges
426 645 504 727 loci
536 645 577 724 in
609 669 690 752 quo
712 643 1022 726 matrimonium
1053 642 1209 724 166661.
1234 639 1335 722 -De
1356 639 1454 722 aliis

284 779 465 878 casibuS,
490 778 559 887 qui
589 776 813 884 respiciunt
839 775 1073 857 Parochum
1104 773 1222 883 quasi
1254 775 1451 856 domicilii

283 914 418 1021 quoad
439 911 689 994 matrimonii
710 910 1039 1011 celebrationem,
1066 909 1264 990 videndus
1285 917 1347 990 est
1367 909 1452 991 Be-

282 1046 469 1128 nedictus
508 1044 607 1124 XIV
638 1043 678 1123 in
709 1044 966 1123 Institutione
996 1043 1290 1123 Ecclesiastico
1323 1044 1376 1121 33
1407 1053 1453 1124 et

283 1178 439 1259 Giraldi
470 1206 536 1288 op.
571 1185 608 1257 61
630 1184 747 1286 part.
784 1178 852 1256 cit.
876 1184 970 1256 sect.
1002 1179 1095 1257 115.
1121 1161 1359 1256 Notandum
1384 1189 1452 1258 est

281 1310 358 1392 hac
388 1310 512 1392 etiam
543 1309 585 1389 in
615 1335 659 1389 re
688 1307 829 1389 haberi
860 1307 981 1388 hodie
1012 1306 1309 1415 oppositionem
1341 1309 1451 1389 inter

282 1422 543 1554 praeceptum
575 1442 678 1551 legis
708 1443 927 1524 canonicae
958 1451 998 1524 61
1029 1443 1176 1543 6161116,
1206 1442 1304 1523 dum
1334 1443 1448 1525 enim

281 1584 326 1660 ut
355 1577 538 1659 diximus
567 1577 634 1658 lex
665 1577 863 1659 canonica
891 1577 934 1658 in
965 1575 1083 1685 quasi
1125 1575 1331 1658 domicilio
1360 1577 1448 1658 duo

279 1710 480 1790 elementa
501 1709 701 1817 agnoscit,
724 1736 870 1818 nempe
890 1709 1184 1791 habitationem
1201 1715 1241 1790 et
1257 1709 1444 1790 animum

278 1871 369 1926 eam
401 1845 647 1954 perducendi
680 1845 731 1926 ad
761 1870 831 1925 sex
862 1871 1039 1946 mansee,
1064 1845 1175 1951 leges
1196 1842 1337 1924 civiles
1367 1869 1446 1950 pro

278 1978 355 2058 hoc
371 1978 489 2086 quasi
506 1976 712 2058 domicilio
728 1977 779 2057 ad
795 1976 1105 2058 matrimonium
1122 2003 1204 2056 non
1221 1975 1443 2058 admittunt

273 2111 352 2192 nisi
363 2110 657 2192 habitationem
668 2111 719 2191 ad
732 2109 896 2218 aliquod
908 2118 1071 2218 tempus
1078 2111 1165 2217 jam
1176 2117 1443 2218 protractam,

278 2244 385 2350 quod
403 2245 524 2358 juxta
545 2243 730 2324 diversas
750 2243 936 2324 nationes
957 2251 1020 2324 est
1040 2243 1175 2350 majus
1196 2243 1259 2322 661
1282 2241 1438 2342 661666,

276 2377 375 2458 dum
408 2378 516 2456 enim
537 2403 603 2458 ex.
629 2403 691 2484 gr.
716 2402 790 2484 pro
822 2377 955 2458 Gallia
985 2385 1148 2484 tempus
1178 2375 1255 2457 hoc
1284 2385 1442 2458 661666

273 2510 468 2590 mercium
490 2507 753 2590 habitationis
782 2507 945 2589 realiter
974 2515 1229 2608 exactorum,
1254 2534 1327 2616 pro
1349 2511 1441 2589 An-

273 2642 356 2748 3116
396 2651 494 2722 6661
525 2651 605 2722 tres
636 2641 911 2722 hebdomadae
941 2641 1204 2724 habitationis
1241 2641 1328 2749 jam
1366 2669 1441 2722 ex-

270 2776 417 2884 pletae;
440 2777 511 2858 sed
531 2776 718 2857 Ecclesia
747 2803 877 2884 usque
908 2776 1042 2858 adhuc
1073 2801 1155 2858 non
1176 2775 1357 2883 respexit
1379 2779 1432 2858 ad

271 2909 456 2991 diversas
476 2909 552 2990 has
572 2909 713 2990 civiles
729 2909 856 3018 legeS,
876 2911 946 2991 sed
965 2910 1006 2990 16
1022 2911 1219 2992 66666166
1235 2920 1437 3019 conceptu

272 3042 608 3151 quasi-domicilii
626 3043 785 3125 institit.
803 3043 955 3125 -Valet
970 3052 1109 3126 autem
1125 3018 1434 3125 matrimonium

275 3202 414 3258 coram
435 3175 621 3258 Parocho
646 3177 811 3288 proprio
842 3177 917 3258 etsi
948 3203 1030 3258 non
1059 3177 1113 3258 sit
1133 3177 1334 3258 Sacerdos
1363 3179 1436 3259 sed

271 3311 360 3392 sola
390 3311 523 3419 prima
547 3320 721 3393 tonsura
741 3309 941 3412 initiatae,
969 3311 1063 3392 licet
1083 3336 1164 3392 non
1187 3310 1310 3392 luerit
1329 3309 1438 3392 intra

271 3470 427 3524 annum
448 3445 499 3525 ad
522 3445 805 3526 Sacerdotium
827 3451 1055 3552 promotus
1078 3443 1177 3524 Item
1199 3470 1336 3527 coram
1354 3443 1436 3526 Pa-

271 3575 411 3690 roc-ho,
446 3577 564 3683 cujus
595 3577 774 3686 provisio
806 3577 919 3658 nulla
958 3577 1238 3686 praetenditur
1272 3577 1434 3661 defectu

268 3703 610 3819 Examinalorum
631 3711 915 3819 Synodalium,
939 3711 1046 3793 sicut
1077 3734 1215 3793 coram
1247 3710 1434 3794 Perocho

225 3951 229 3960 Ι
268 3839 423 3922 notorie
454 3841 672 3924 fornicario
703 3850 743 3924 61
773 3869 975 3952 suspenso
1002 3843 1065 3924 vel
1097 3841 1316 3952 prohibito,
1350 3871 1432 3926 non

268 3997 363 4053 vero
403 3997 542 4054 coram
578 3973 764 4057 Perocho
804 3975 967 4085 publice
1007 3975 1226 4059 haeretico.
1270 3977 1433 4060 Pariter

268 4105 375 4186 valet
415 4113 552 4188 actum
594 4133 732 4189 eoram
763 4106 966 4216 Episcopo
997 4108 1060 4190 vel
1091 4135 1230 4192 coram
1263 4109 1431 4192 Vicario

267 4241 470 4324 Generali.
497 4241 613 4324 Sicut
642 4243 793 4351 pariter
823 4268 962 4323 coram
993 4243 1187 4352 deputato
1208 4245 1428 4327 Sacerdote

266 4374 317 4454 ab
347 4373 564 4483 Episcopo,
588 4376 651 4456 vel
672 4373 838 4456 Vicario
869 4373 1056 4457 Generali
1089 4376 1152 4457 vel
1174 4404 1199 4458 a
1219 4377 1422 4460 Parocho.
