3356 5118
305 346 375 414 ato
613 365 889 412 emnnncrroxss
910 364 1003 412 rums
1025 363 1183 410 exxomcr

308 493 398 574 eod.
421 497 462 575 in
480 499 524 586 6,
540 515 636 573 nam
654 501 749 574 ante
766 491 1032 574 monitionem
1043 517 1125 571 non
1137 499 1312 592 constat,
1326 519 1379 572 an
1392 519 1499 576 reus

308 626 364 709 sit
379 637 623 728 contumax,
639 635 679 708 et
694 625 949 718 inobediens
965 651 1039 706 seu
1057 624 1154 733 quia
1169 651 1346 706 censura
1362 625 1499 710 fertur·

308 759 364 842 ob
404 761 725 862 contumaciam,
759 768 799 839 et
835 757 1157 840 inobedientiam
1188 757 1414 859 actualam;
1451 769 1497 841 at

309 895 495 976 monitus
525 894 700 1002 quinon
732 901 794 976 est
824 919 849 974 a
880 891 1036 974 serente
1067 916 1288 972 censuram
1309 891 1388 974 dici
1418 921 1496 974 ne·

306 1029 397 1138 quit
417 1029 474 1110 illi
496 1028 662 1110 rebellis
684 1034 724 1109 et
745 1027 1003 1108 inobediens.
1041 1026 1156 1108 Haec
1181 1033 1319 1106 autem
1340 1028 1495 1110 solem·

308 1163 416 1244 nitas
446 1162 702 1263 monitionis,
736 1161 830 1244 licet
849 1163 905 1243 sit
929 1162 979 1242 de
1013 1160 1129 1268 gravi
1161 1169 1379 1268 praecepto
1409 1163 1494 1244 sub

308 1323 441 1406 poena
471 1297 672 1380 interdicti
703 1297 756 1384 ab
788 1297 980 1402 ingressu
1015 1294 1225 1376 Ecclesiae
1260 1321 1333 1402 per
1373 1322 1488 1377 men·

308 1457 414 1530 sem,
447 1459 522 1514 ceu
552 1441 663 1540 patet
693 1457 743 1512 ex
781 1433 885 1541 Cap.
919 1433 979 1510 48
1022 1429 1063 1508 b.
1089 1437 1138 1530 t,
1164 1455 1245 1508 non
1267 1441 1406 1510 tamen
1427 1439 1491 1512 est

307 1567 359 1648 de
389 1567 624 1648 substantia
654 1589 871 1658 censurae,
896 1591 991 1646 oum
1013 1563 1106 1672 ipsa
1135 1561 1258 1644 etiam
1289 1563 1379 1646 sinc
1400 1590 1490 1644 mo-

308 1698 461 1780 nitione
493 1699 628 1782 valida
656 1699 724 1800 sit,
759 1697 834 1780 sed
866 1699 1038 1805 injusta,
1071 1695 1208 1805 prouti
1240 1697 1400 1778 cruitur
1435 1724 1490 1778 ex

307 1836 377 1916 cit.
413 1859 503 1942 cop.
538 1833 567 1912 5
597 1877 656 1894 -
692 1832 840 1912 ibi-
880 1831 1043 1939 Absque
1087 1835 1324 1940 competenti
1358 1833 1491 1913 moni-

309 1967 416 2048 tione
448 1969 698 2076 pruemissn,
742 1965 819 2047 etsi
860 1973 1004 2046 contra
1037 1969 1380 2076 praesumpserit,
1425 1968 1491 2048 in·

295 2101 436 2208 justas
467 2103 652 2182 necarint
681 2127 764 2182 esse
797 2099 893 2182 illas
922 2101 1156 2182 sententias.
1186 2098 1404 2207 Excipitur
1424 2109 1488 2184 ta·

309 2261 403 2316 men
433 2261 573 2333 casus,
607 2261 688 2342 quo
719 2235 811 2342 quis
842 2235 895 2316 ob
931 2233 1347 2315 communicationem
1384 2261 1480 2316 cum
1511 2225 1514 2232 ’

307 2368 681 2468 excommunicate,
715 2395 934 2476 suspensa
973 2374 1047 2449 aut
1081 2367 1295 2449 interdicto
1337 2369 1482 2474 majori

307 2502 735 2585 excommunicatione
767 2501 935 2588 teritur:
984 2511 1083 2584 tunc
1128 2502 1238 2583 enim
1282 2501 1486 2583 sententia

307 2633 749 2718 excommunicationis
792 2634 882 2715 sine
927 2634 1097 2743 praevia
1138 2635 1364 2718 monitione
1399 2633 1491 2716 lata

307 2795 389 2850 non
420 2777 547 2866 tenet,
590 2795 665 2847 seu
705 2767 887 2849 invalida
926 2778 989 2851 est
1031 2769 1072 2849 in
1115 2769 1198 2848 vim
1230 2797 1322 2881 cap.
1358 2773 1405 2862 3,
1440 2776 1487 2871 9,

307 2909 345 2984 ct
378 2906 436 2983 13
467 2901 509 2982 b.
545 2907 573 2982 t.
607 2903 648 2982 in
669 2907 713 2982 6.
740 2900 943 2983 Masuhat.
979 2902 1021 2982 h.
1047 2909 1076 2983 t.
1097 2933 1139 2984 n.
1176 2905 1248 2996 17,
1273 2901 1488 2984 schmalz-

307 3035 486 3144 grueber
515 3034 572 3118 b.·
593 3041 621 3115 t.
657 3065 701 3116 n.
736 3039 813 3127 26,
847 3041 908 3120 27
932 3043 970 3116 et
989 3039 1067 3129 28,
1103 3036 1197 3118 licet
1226 3035 1294 3117 alii
1326 3043 1489 3119 contra-

307 3169 417 3249 rium
448 3168 643 3270 sentiant,
683 3176 723 3250 et
759 3196 980 3250 censuram
1020 3169 1179 3252 nullam
1219 3197 1310 3251 esse
1351 3171 1490 3253 dicant

308 3302 464 3409 absque
495 3301 734 3383 monitionis
765 3301 1045 3384 solemnitate.
1080 3305 1141 3384 2.⁰
1162 3307 1206 3384 ln
1236 3303 1385 3386 delicto
1415 3331 1491 3386 no-

306 3436 411 3517 torio
441 3436 683 3551 notorietate
701 3437 833 3546 sueti,
859 3445 898 3517 et
919 3435 1045 3517 simul
1068 3439 1363 3538 contumaciae,
1387 3439 1488 3519 dum

306 3570 445 3676 palam
476 3577 638 3651 constat
668 3595 786 3650 reum
818 3569 1058 3678 deliquisse,
1093 3580 1132 3652 et
1161 3569 1286 3654 simul
1308 3571 1489 3680 pertina-

306 3702 408 3784 citer
437 3729 635 3803 asserere,
671 3704 780 3811 quod
813 3704 916 3785 nolit
956 3705 1123 3788 obedire
1163 3705 1369 3788 mandatis
1407 3704 1488 3784 Eo-

306 3836 472 3938 clesiae,
506 3837 772 3944 probabiliter
804 3837 939 3920 adhue
973 3839 1196 3946 requiritur
1225 3837 1415 3936 moniti0,
1442 3847 1491 3920 ut

301 3970 555 4079 judicialiter
585 3981 744 4054 constet
775 3999 892 4054 reum
923 3999 1018 4054 esse
1050 3981 1361 4054 contumacem:
1392 3993 1490 4054 narn

305 4131 430 4186 casus
461 4106 537 4188 iste
582 4105 624 4184 in
671 4105 805 4186 citatis
848 4105 1016 4213 juribus
1065 4133 1147 4188 non
1189 4104 1407 4213 excipitur,
1450 4111 1492 4186 et

306 4264 403 4318 reus
434 4264 459 4318 a
483 4239 623 4347 judice
655 4240 838 4322 monitus
871 4249 1053 4322 mentem
1086 4248 1246 4322 mutare
1275 4245 1423 4348 potest,
1450 4247 1491 4320 et

307 4369 454 4452 timore
485 4398 684 4454 censurae
716 4371 975 4456 imminentis
1010 4373 1314 4456 contumaciam
1354 4373 1489 4480 depo-
