<?xml version="1.0" encoding="UTF-8"?>
<!DOCTYPE html PUBLIC "-//W3C//DTD XHTML 1.0 Transitional//EN"
    "http://www.w3.org/TR/xhtml1/DTD/xhtml1-transitional.dtd">
<html xmlns="http://www.w3.org/1999/xhtml" xml:lang="en" lang="en">
 <head>
  <title>
</title>
<meta http-equiv="Content-Type" content="text/html;charset=utf-8" />
  <meta name='ocr-system' content='tesseract 3.04.00' />
  <meta name='ocr-capabilities' content='ocr_page ocr_carea ocr_par ocr_line ocrx_word'/>
</head>
<body>
  <div class='ocr_page' id='page_1' title='image "./praelectionesju00angegoog/praelectionesju00angegoog_0738.png"; bbox 0 0 3356 5118; ppageno 0'>
   <div class='ocr_carea' id='block_1_1' title="bbox 516 401 1368 465">
    <p class='ocr_par' dir='ltr' id='par_1_1' title="bbox 516 401 1368 465">
     <span class='ocr_line' id='line_1_1' title="bbox 516 401 1368 465; baseline 0.006 -5"><span class='ocrx_word' id='word_1_1' title='bbox 516 415 615 462; x_wconf 75' lang='lat' dir='ltr'>mnen</span> <span class='ocrx_word' id='word_1_2' title='bbox 638 415 670 462; x_wconf 82' lang='lat' dir='ltr'>v.</span> <span class='ocrx_word' id='word_1_3' title='bbox 696 431 738 444; x_wconf 90' lang='lat'>-</span> <span class='ocrx_word' id='word_1_4' title='bbox 762 415 902 464; x_wconf 72' lang='lat' dir='ltr'>uranus</span> <span class='ocrx_word' id='word_1_5' title='bbox 925 417 1041 462; x_wconf 84' lang='lat' dir='ltr'>xxx1x.</span> <span class='ocrx_word' id='word_1_6' title='bbox 1303 401 1368 465; x_wconf 73' lang='lat'>373</span> 
     </span>
    </p>
   </div>
   <div class='ocr_carea' id='block_1_2' title="bbox 179 541 1371 4542">
    <p class='ocr_par' dir='ltr' id='par_1_2' title="bbox 189 541 1370 2637">
     <span class='ocr_line' id='line_1_2' title="bbox 192 541 1370 656; baseline -0.003 -28"><span class='ocrx_word' id='word_1_7' title='bbox 192 573 359 656; x_wconf 81' lang='lat' dir='ltr'>cumque</span> <span class='ocrx_word' id='word_1_8' title='bbox 412 543 725 627; x_wconf 79' lang='lat' dir='ltr'><em>ordinariorum</em></span> <span class='ocrx_word' id='word_1_9' title='bbox 762 542 961 652; x_wconf 84' lang='lat' dir='ltr'>prolatis,</span> <span class='ocrx_word' id='word_1_10' title='bbox 1011 541 1139 650; x_wconf 76' lang='lat' dir='ltr'>lipari</span> <span class='ocrx_word' id='word_1_11' title='bbox 1183 543 1370 625; x_wconf 87' lang='lat' dir='ltr'>nolumus</span> 
     </span>
     <span class='ocr_line' id='line_1_3' title="bbox 194 676 1369 790; baseline -0.001 -30"><span class='ocrx_word' id='word_1_12' title='bbox 194 683 442 790; x_wconf 76' lang='lat' dir='ltr'>ipnorantes,</span> <span class='ocrx_word' id='word_1_13' title='bbox 477 676 574 760; x_wconf 80' lang='lat' dir='ltr'>dum</span> <span class='ocrx_word' id='word_1_14' title='bbox 606 683 740 756; x_wconf 86' lang='lat' dir='ltr'>tumen</span> <span class='ocrx_word' id='word_1_15' title='bbox 771 701 910 762; x_wconf 84' lang='lat' dir='ltr'>eorum</span> <span class='ocrx_word' id='word_1_16' title='bbox 945 677 1182 783; x_wconf 62' lang='lat' dir='ltr'>ignorantia</span> <span class='ocrx_word' id='word_1_17' title='bbox 1228 701 1369 760; x_wconf 83' lang='lat' dir='ltr'>crassa</span> 
     </span>
     <span class='ocr_line' id='line_1_4' title="bbox 190 810 1367 925; baseline -0.003 -28"><span class='ocrx_word' id='word_1_18' title='bbox 190 843 271 896; x_wconf 91' lang='lat' dir='ltr'>non</span> <span class='ocrx_word' id='word_1_19' title='bbox 291 817 430 925; x_wconf 71' lang='lat' dir='ltr'>feeerit</span> <span class='ocrx_word' id='word_1_20' title='bbox 463 821 534 894; x_wconf 90' lang='lat' dir='ltr'>aut</span> <span class='ocrx_word' id='word_1_21' title='bbox 564 816 727 922; x_wconf 91' lang='lat' dir='ltr'>supina.</span> <span class='ocrx_word' id='word_1_22' title='bbox 773 810 893 903; x_wconf 78' lang='lat' dir='ltr'>Quod</span> <span class='ocrx_word' id='word_1_23' title='bbox 926 818 1063 892; x_wconf 88' lang='lat' dir='ltr'>autem</span> <span class='ocrx_word' id='word_1_24' title='bbox 1106 822 1276 892; x_wconf 80' lang='lat' dir='ltr'>excuset</span> <span class='ocrx_word' id='word_1_25' title='bbox 1316 815 1367 894; x_wconf 92' lang='lat' dir='ltr'>ab</span> 
     </span>
     <span class='ocr_line' id='line_1_5' title="bbox 192 943 1369 1053; baseline -0.002 -25"><span class='ocrx_word' id='word_1_26' title='bbox 192 949 438 1030; x_wconf 86' lang='lat' dir='ltr'>incurrenda</span> <span class='ocrx_word' id='word_1_27' title='bbox 453 972 633 1029; x_wconf 78' lang='lat' dir='ltr'>censura</span> <span class='ocrx_word' id='word_1_28' title='bbox 654 945 887 1052; x_wconf 82' lang='lat' dir='ltr'>ignorantia</span> <span class='ocrx_word' id='word_1_29' title='bbox 909 943 1019 1045; x_wconf 85' lang='lat' dir='ltr'>lacti,</span> <span class='ocrx_word' id='word_1_30' title='bbox 1045 969 1126 1052; x_wconf 87' lang='lat' dir='ltr'>qua</span> <span class='ocrx_word' id='word_1_31' title='bbox 1143 947 1235 1053; x_wconf 91' lang='lat' dir='ltr'>quis</span> <span class='ocrx_word' id='word_1_32' title='bbox 1253 946 1369 1053; x_wconf 85' lang='lat' dir='ltr'>igno-</span> 
     </span>
     <span class='ocr_line' id='line_1_6' title="bbox 191 1077 1368 1188; baseline 0.001 -26"><span class='ocrx_word' id='word_1_33' title='bbox 191 1090 254 1164; x_wconf 88' lang='lat' dir='ltr'>rat</span> <span class='ocrx_word' id='word_1_34' title='bbox 285 1082 439 1164; x_wconf 85' lang='lat' dir='ltr'>lactum</span> <span class='ocrx_word' id='word_1_35' title='bbox 471 1108 596 1164; x_wconf 90' lang='lat' dir='ltr'>suum</span> <span class='ocrx_word' id='word_1_36' title='bbox 629 1107 720 1162; x_wconf 89' lang='lat' dir='ltr'>esse</span> <span class='ocrx_word' id='word_1_37' title='bbox 751 1079 846 1180; x_wconf 90' lang='lat' dir='ltr'>tale,</span> <span class='ocrx_word' id='word_1_38' title='bbox 881 1079 990 1186; x_wconf 90' lang='lat' dir='ltr'>quod</span> <span class='ocrx_word' id='word_1_39' title='bbox 1021 1077 1076 1158; x_wconf 90' lang='lat' dir='ltr'>sit</span> <span class='ocrx_word' id='word_1_40' title='bbox 1114 1079 1368 1188; x_wconf 89' lang='lat' dir='ltr'>prohibitum</span> 
     </span>
     <span class='ocr_line' id='line_1_7' title="bbox 191 1213 1370 1324; baseline -0.001 -28"><span class='ocrx_word' id='word_1_41' title='bbox 191 1217 270 1297; x_wconf 90' lang='lat' dir='ltr'>sub</span> <span class='ocrx_word' id='word_1_42' title='bbox 302 1242 493 1316; x_wconf 85' lang='lat' dir='ltr'>censura,</span> <span class='ocrx_word' id='word_1_43' title='bbox 527 1215 703 1295; x_wconf 87' lang='lat' dir='ltr'>habetur</span> <span class='ocrx_word' id='word_1_44' title='bbox 736 1214 776 1293; x_wconf 90' lang='lat' dir='ltr'>in</span> <span class='ocrx_word' id='word_1_45' title='bbox 808 1217 912 1324; x_wconf 91' lang='lat' dir='ltr'>Cap.</span> <span class='ocrx_word' id='word_1_46' title='bbox 937 1213 986 1294; x_wconf 85' lang='lat' dir='ltr'>Si</span> <span class='ocrx_word' id='word_1_47' title='bbox 1008 1239 1099 1293; x_wconf 87' lang='lat' dir='ltr'>vero</span> <span class='ocrx_word' id='word_1_48' title='bbox 1130 1217 1160 1293; x_wconf 83' lang='lat'><em>3</em></span> <span class='ocrx_word' id='word_1_49' title='bbox 1191 1214 1240 1294; x_wconf 87' lang='lat' dir='ltr'>cle</span> <span class='ocrx_word' id='word_1_50' title='bbox 1270 1215 1370 1296; x_wconf 87' lang='lat' dir='ltr'>Sen-</span> 
     </span>
     <span class='ocr_line' id='line_1_8' title="bbox 190 1347 1370 1454; baseline -0.002 -24"><span class='ocrx_word' id='word_1_51' title='bbox 190 1357 278 1446; x_wconf 57' lang='lat' dir='ltr'>ten„</span> <span class='ocrx_word' id='word_1_52' title='bbox 306 1377 506 1432; x_wconf 82' lang='lat' dir='ltr'>eacamm.</span> <span class='ocrx_word' id='word_1_53' title='bbox 542 1348 613 1429; x_wconf 92' lang='lat' dir='ltr'>ubi</span> <span class='ocrx_word' id='word_1_54' title='bbox 646 1347 860 1446; x_wconf 79' lang='lat' dir='ltr'>statuitur,</span> <span class='ocrx_word' id='word_1_55' title='bbox 884 1347 992 1454; x_wconf 90' lang='lat' dir='ltr'>quod</span> <span class='ocrx_word' id='word_1_56' title='bbox 1016 1374 1096 1428; x_wconf 92' lang='lat' dir='ltr'>non</span> <span class='ocrx_word' id='word_1_57' title='bbox 1134 1347 1370 1430; x_wconf 81' lang='lat' dir='ltr'>incurratur</span> 
     </span>
     <span class='ocr_line' id='line_1_9' title="bbox 191 1479 1367 1590; baseline -0.001 -26"><span class='ocrx_word' id='word_1_58' title='bbox 191 1481 560 1565; x_wconf 79' lang='lat' dir='ltr'>excommunicatio</span> <span class='ocrx_word' id='word_1_59' title='bbox 582 1483 633 1564; x_wconf 90' lang='lat' dir='ltr'>ab</span> <span class='ocrx_word' id='word_1_60' title='bbox 651 1507 714 1582; x_wconf 87' lang='lat' dir='ltr'>eo,</span> <span class='ocrx_word' id='word_1_61' title='bbox 740 1480 817 1588; x_wconf 77' lang='lat' dir='ltr'>qui¹</span> <span class='ocrx_word' id='word_1_62' title='bbox 831 1479 979 1561; x_wconf 90' lang='lat' dir='ltr'>occidit</span> <span class='ocrx_word' id='word_1_63' title='bbox 1000 1479 1221 1581; x_wconf 70' lang='lat' dir='ltr'>Glaucum,</span> <span class='ocrx_word' id='word_1_64' title='bbox 1244 1509 1367 1590; x_wconf 90' lang='lat' dir='ltr'>quem</span> 
     </span>
     <span class='ocr_line' id='line_1_10' title="bbox 191 1615 1367 1725; baseline 0.003 -30"><span class='ocrx_word' id='word_1_65' title='bbox 191 1616 484 1698; x_wconf 89' lang='lat' dir='ltr'>invincibiliter</span> <span class='ocrx_word' id='word_1_66' title='bbox 499 1615 717 1721; x_wconf 84' lang='lat' dir='ltr'>ignorabat</span> <span class='ocrx_word' id='word_1_67' title='bbox 733 1641 824 1696; x_wconf 88' lang='lat' dir='ltr'>esse</span> <span class='ocrx_word' id='word_1_68' title='bbox 841 1615 982 1718; x_wconf 88' lang='lat' dir='ltr'>talem,</span> <span class='ocrx_word' id='word_1_69' title='bbox 1000 1617 1071 1696; x_wconf 91' lang='lat' dir='ltr'>sed</span> <span class='ocrx_word' id='word_1_70' title='bbox 1088 1618 1261 1725; x_wconf 88' lang='lat' dir='ltr'>putabat</span> <span class='ocrx_word' id='word_1_71' title='bbox 1277 1644 1367 1698; x_wconf 86' lang='lat' dir='ltr'>esse</span> 
     </span>
     <span class='ocr_line' id='line_1_11' title="bbox 191 1749 1370 1858; baseline 0.003 -28"><span class='ocrx_word' id='word_1_72' title='bbox 191 1749 344 1832; x_wconf 90' lang='lat' dir='ltr'>laicum</span> <span class='ocrx_word' id='word_1_73' title='bbox 363 1793 423 1846; x_wconf 87' lang='lat'>····.</span> <span class='ocrx_word' id='word_1_74' title='bbox 443 1750 500 1830; x_wconf 92' lang='lat' dir='ltr'>ibi</span> <span class='ocrx_word' id='word_1_75' title='bbox 521 1800 574 1811; x_wconf 90' lang='lat'>-</span> <span class='ocrx_word' id='word_1_76' title='bbox 595 1749 644 1831; x_wconf 88' lang='lat' dir='ltr'>Si</span> <span class='ocrx_word' id='word_1_77' title='bbox 674 1775 766 1831; x_wconf 85' lang='lat' dir='ltr'>vero</span> <span class='ocrx_word' id='word_1_78' title='bbox 798 1749 951 1858; x_wconf 85' lang='lat' dir='ltr'>aliquis</span> <span class='ocrx_word' id='word_1_79' title='bbox 983 1753 1025 1831; x_wconf 92' lang='lat' dir='ltr'>in</span> <span class='ocrx_word' id='word_1_80' title='bbox 1060 1751 1264 1834; x_wconf 86' lang='lat' dir='ltr'>Cleriaum</span> <span class='ocrx_word' id='word_1_81' title='bbox 1294 1781 1370 1835; x_wconf 92' lang='lat' dir='ltr'>nu-</span> 
     </span>
     <span class='ocr_line' id='line_1_12' title="bbox 192 1885 1369 1998; baseline 0.001 -31"><span class='ocrx_word' id='word_1_82' title='bbox 192 1885 378 1968; x_wconf 87' lang='lat' dir='ltr'>trientem</span> <span class='ocrx_word' id='word_1_83' title='bbox 400 1911 577 1984; x_wconf 86' lang='lat' dir='ltr'>comam,</span> <span class='ocrx_word' id='word_1_84' title='bbox 602 1909 746 1966; x_wconf 88' lang='lat' dir='ltr'>munus</span> <span class='ocrx_word' id='word_1_85' title='bbox 769 1885 952 1992; x_wconf 84' lang='lat' dir='ltr'>injecerit</span> <span class='ocrx_word' id='word_1_86' title='bbox 969 1885 1177 1980; x_wconf 87' lang='lat' dir='ltr'>violentos,</span> <span class='ocrx_word' id='word_1_87' title='bbox 1195 1895 1369 1998; x_wconf 86' lang='lat' dir='ltr'>propter</span> 
     </span>
     <span class='ocr_line' id='line_1_13' title="bbox 191 2019 1369 2133; baseline 0.003 -34"><span class='ocrx_word' id='word_1_88' title='bbox 191 2019 266 2100; x_wconf 88' lang='lat' dir='ltr'>hoe</span> <span class='ocrx_word' id='word_1_89' title='bbox 281 2046 361 2100; x_wconf 91' lang='lat' dir='ltr'>non</span> <span class='ocrx_word' id='word_1_90' title='bbox 380 2019 490 2100; x_wconf 82' lang='lat' dir='ltr'>debet</span> <span class='ocrx_word' id='word_1_91' title='bbox 511 2020 743 2129; x_wconf 86' lang='lat' dir='ltr'>Apostolivo</span> <span class='ocrx_word' id='word_1_92' title='bbox 753 2025 1018 2130; x_wconf 85' lang='lat' dir='ltr'>praesentari</span> <span class='ocrx_word' id='word_1_93' title='bbox 1042 2024 1282 2133; x_wconf 85' lang='lat' dir='ltr'>conspectui,</span> <span class='ocrx_word' id='word_1_94' title='bbox 1297 2049 1369 2103; x_wconf 88' lang='lat' dir='ltr'>nec</span> 
     </span>
     <span class='ocr_line' id='line_1_14' title="bbox 191 2153 1369 2264; baseline 0.003 -32"><span class='ocrx_word' id='word_1_95' title='bbox 191 2153 1275 2264; x_wconf 71' lang='lat' dir='ltr'>etiarnexcommunicationenodaridurnmooloipsum</span> <span class='ocrx_word' id='word_1_96' title='bbox 1286 2181 1369 2236; x_wconf 86' lang='lat' dir='ltr'>esse</span> 
     </span>
     <span class='ocr_line' id='line_1_15' title="bbox 195 2286 1366 2398; baseline 0.005 -32"><span class='ocrx_word' id='word_1_97' title='bbox 195 2286 398 2370; x_wconf 82' lang='lat' dir='ltr'>Clericurn</span> <span class='ocrx_word' id='word_1_98' title='bbox 430 2287 699 2398; x_wconf 66' lang='lat' dir='ltr'>ignoraverit.</span> <span class='ocrx_word' id='word_1_99' title='bbox 732 2287 818 2368; x_wconf 92' lang='lat' dir='ltr'>lmo</span> <span class='ocrx_word' id='word_1_100' title='bbox 840 2293 1040 2396; x_wconf 89' lang='lat' dir='ltr'>quantum</span> <span class='ocrx_word' id='word_1_101' title='bbox 1062 2289 1113 2369; x_wconf 87' lang='lat' dir='ltr'>ad</span> <span class='ocrx_word' id='word_1_102' title='bbox 1135 2287 1213 2370; x_wconf 92' lang='lat' dir='ltr'>hoc</span> <span class='ocrx_word' id='word_1_103' title='bbox 1233 2315 1366 2372; x_wconf 88' lang='lat' dir='ltr'>excu-</span> 
     </span>
     <span class='ocr_line' id='line_1_16' title="bbox 189 2419 1369 2534; baseline 0.005 -33"><span class='ocrx_word' id='word_1_104' title='bbox 189 2427 254 2502; x_wconf 88' lang='lat' dir='ltr'>sat</span> <span class='ocrx_word' id='word_1_105' title='bbox 299 2421 422 2504; x_wconf 90' lang='lat' dir='ltr'>etiam</span> <span class='ocrx_word' id='word_1_106' title='bbox 470 2419 787 2522; x_wconf 85' lang='lat' dir='ltr'>inadvertentia,</span> <span class='ocrx_word' id='word_1_107' title='bbox 834 2423 932 2530; x_wconf 90' lang='lat' dir='ltr'>quia</span> <span class='ocrx_word' id='word_1_108' title='bbox 976 2425 1206 2534; x_wconf 82' lang='lat' dir='ltr'>aequivalet</span> <span class='ocrx_word' id='word_1_109' title='bbox 1252 2425 1369 2534; x_wconf 84' lang='lat' dir='ltr'>igno-</span> 
     </span>
     <span class='ocr_line' id='line_1_17' title="bbox 189 2555 362 2637; baseline 0.029 -5"><span class='ocrx_word' id='word_1_110' title='bbox 189 2555 362 2637; x_wconf 87' lang='lat' dir='ltr'>rantiae.</span> 
     </span>
    </p>

    <p class='ocr_par' dir='ltr' id='par_1_3' title="bbox 179 2667 1371 4542">
     <span class='ocr_line' id='line_1_18' title="bbox 276 2667 1365 2803; baseline 0.005 -37"><span class='ocrx_word' id='word_1_111' title='bbox 276 2690 339 2768; x_wconf 68' lang='lat'>4⁰</span> <span class='ocrx_word' id='word_1_112' title='bbox 390 2688 575 2769; x_wconf 83' lang='lat' dir='ltr'>Excusat</span> <span class='ocrx_word' id='word_1_113' title='bbox 621 2687 839 2796; x_wconf 84' lang='lat' dir='ltr'>appellatio</span> <span class='ocrx_word' id='word_1_114' title='bbox 885 2667 1069 2797; x_wconf 80' lang='lat' dir='ltr'>legitima</span> <span class='ocrx_word' id='word_1_115' title='bbox 1110 2692 1365 2803; x_wconf 88' lang='lat' dir='ltr'>interposita,</span> 
     </span>
     <span class='ocr_line' id='line_1_19' title="bbox 191 2819 1367 2935; baseline 0.005 -35"><span class='ocrx_word' id='word_1_116' title='bbox 191 2825 412 2927; x_wconf 89' lang='lat' dir='ltr'>antequam</span> <span class='ocrx_word' id='word_1_117' title='bbox 443 2845 623 2900; x_wconf 86' lang='lat' dir='ltr'>censura</span> <span class='ocrx_word' id='word_1_118' title='bbox 654 2819 830 2901; x_wconf 82' lang='lat' dir='ltr'>seratur:</span> <span class='ocrx_word' id='word_1_119' title='bbox 863 2831 903 2902; x_wconf 90' lang='lat' dir='ltr'>et</span> <span class='ocrx_word' id='word_1_120' title='bbox 932 2824 1036 2905; x_wconf 84' lang='lat' dir='ltr'>ratio</span> <span class='ocrx_word' id='word_1_121' title='bbox 1058 2833 1132 2925; x_wconf 91' lang='lat' dir='ltr'>est,</span> <span class='ocrx_word' id='word_1_122' title='bbox 1159 2825 1257 2935; x_wconf 91' lang='lat' dir='ltr'>quia</span> <span class='ocrx_word' id='word_1_123' title='bbox 1289 2853 1367 2934; x_wconf 86' lang='lat' dir='ltr'>ap-</span> 
     </span>
     <span class='ocr_line' id='line_1_20' title="bbox 192 2950 1370 3066; baseline 0.008 -35"><span class='ocrx_word' id='word_1_124' title='bbox 192 2951 356 3061; x_wconf 86' lang='lat' dir='ltr'>pellatio</span> <span class='ocrx_word' id='word_1_125' title='bbox 387 2953 499 3033; x_wconf 87' lang='lat' dir='ltr'>lacta</span> <span class='ocrx_word' id='word_1_126' title='bbox 520 2950 561 3033; x_wconf 93' lang='lat' dir='ltr'>in</span> <span class='ocrx_word' id='word_1_127' title='bbox 589 2959 772 3060; x_wconf 87' lang='lat' dir='ltr'>tempore</span> <span class='ocrx_word' id='word_1_128' title='bbox 803 2957 1019 3062; x_wconf 88' lang='lat' dir='ltr'>suspendit</span> <span class='ocrx_word' id='word_1_129' title='bbox 1047 2986 1171 3039; x_wconf 89' lang='lat' dir='ltr'>usum</span> <span class='ocrx_word' id='word_1_130' title='bbox 1200 2959 1370 3066; x_wconf 89' lang='lat' dir='ltr'>jurisdi-</span> 
     </span>
     <span class='ocr_line' id='line_1_21' title="bbox 192 3085 1364 3203; baseline 0.005 -37"><span class='ocrx_word' id='word_1_131' title='bbox 192 3085 339 3166; x_wconf 91' lang='lat' dir='ltr'>ctionis</span> <span class='ocrx_word' id='word_1_132' title='bbox 370 3085 412 3166; x_wconf 89' lang='lat' dir='ltr'>in</span> <span class='ocrx_word' id='word_1_133' title='bbox 448 3085 605 3194; x_wconf 87' lang='lat' dir='ltr'>judice,</span> <span class='ocrx_word' id='word_1_134' title='bbox 647 3094 692 3167; x_wconf 88' lang='lat' dir='ltr'>ut</span> <span class='ocrx_word' id='word_1_135' title='bbox 731 3085 909 3166; x_wconf 88' lang='lat' dir='ltr'>habetur</span> <span class='ocrx_word' id='word_1_136' title='bbox 947 3113 1142 3195; x_wconf 85' lang='lat' dir='ltr'>expresse</span> <span class='ocrx_word' id='word_1_137' title='bbox 1173 3090 1214 3170; x_wconf 94' lang='lat' dir='ltr'>in</span> <span class='ocrx_word' id='word_1_138' title='bbox 1261 3092 1364 3203; x_wconf 79' lang='lat' dir='ltr'>Cap.</span> 
     </span>
     <span class='ocr_line' id='line_1_22' title="bbox 195 3219 1366 3336; baseline 0.005 -36"><span class='ocrx_word' id='word_1_139' title='bbox 195 3220 386 3300; x_wconf 84' lang='lat' dir='ltr'>Romunu</span> <span class='ocrx_word' id='word_1_140' title='bbox 417 3223 463 3313; x_wconf 82' lang='lat'>3,</span> <span class='ocrx_word' id='word_1_141' title='bbox 489 3228 527 3301; x_wconf 86' lang='lat' dir='ltr'>et</span> <span class='ocrx_word' id='word_1_142' title='bbox 552 3219 655 3331; x_wconf 87' lang='lat' dir='ltr'>Cap.</span> <span class='ocrx_word' id='word_1_143' title='bbox 681 3219 731 3302; x_wconf 89' lang='lat' dir='ltr'>Si</span> <span class='ocrx_word' id='word_1_144' title='bbox 759 3247 787 3301; x_wconf 93' lang='lat' dir='ltr'>a</span> <span class='ocrx_word' id='word_1_145' title='bbox 805 3219 951 3327; x_wconf 84' lang='lat' dir='ltr'>judice</span> <span class='ocrx_word' id='word_1_146' title='bbox 980 3222 1035 3301; x_wconf 89' lang='grc'>10</span> <span class='ocrx_word' id='word_1_147' title='bbox 1068 3221 1118 3303; x_wconf 81' lang='lat' dir='ltr'>de</span> <span class='ocrx_word' id='word_1_148' title='bbox 1156 3223 1366 3336; x_wconf 81' lang='lat' dir='ltr'>Appellat.</span> 
     </span>
     <span class='ocr_line' id='line_1_23' title="bbox 194 3353 1361 3463; baseline 0.001 -28"><span class='ocrx_word' id='word_1_149' title='bbox 194 3355 239 3436; x_wconf 86' lang='lat' dir='ltr'>iu</span> <span class='ocrx_word' id='word_1_150' title='bbox 270 3360 313 3435; x_wconf 85' lang='grc'>6.</span> <span class='ocrx_word' id='word_1_151' title='bbox 350 3355 401 3435; x_wconf 89' lang='lat' dir='ltr'>Et</span> <span class='ocrx_word' id='word_1_152' title='bbox 432 3355 538 3436; x_wconf 89' lang='lat' dir='ltr'>idem</span> <span class='ocrx_word' id='word_1_153' title='bbox 561 3353 732 3435; x_wconf 90' lang='lat' dir='ltr'>omnino</span> <span class='ocrx_word' id='word_1_154' title='bbox 755 3353 850 3434; x_wconf 88' lang='lat' dir='ltr'>lacit</span> <span class='ocrx_word' id='word_1_155' title='bbox 871 3354 1076 3436; x_wconf 88' lang='lat' dir='ltr'>recusatio</span> <span class='ocrx_word' id='word_1_156' title='bbox 1102 3355 1271 3463; x_wconf 90' lang='lat' dir='ltr'>judicis,</span> <span class='ocrx_word' id='word_1_157' title='bbox 1297 3384 1361 3438; x_wconf 89' lang='lat' dir='ltr'>an-</span> 
     </span>
     <span class='ocr_line' id='line_1_24' title="bbox 191 3487 1367 3597; baseline 0.003 -29"><span class='ocrx_word' id='word_1_158' title='bbox 191 3497 357 3597; x_wconf 88' lang='lat' dir='ltr'>tequam</span> <span class='ocrx_word' id='word_1_159' title='bbox 389 3487 638 3570; x_wconf 86' lang='lat' dir='ltr'>sententiam</span> <span class='ocrx_word' id='word_1_160' title='bbox 674 3488 1129 3592; x_wconf 86' lang='lat' dir='ltr'>excommunicationis,</span> <span class='ocrx_word' id='word_1_161' title='bbox 1174 3489 1238 3570; x_wconf 88' lang='lat' dir='ltr'>vel</span> <span class='ocrx_word' id='word_1_162' title='bbox 1269 3491 1367 3572; x_wconf 89' lang='lat' dir='ltr'>alte-</span> 
     </span>
     <span class='ocr_line' id='line_1_25' title="bbox 191 3620 1369 3736; baseline 0.005 -36"><span class='ocrx_word' id='word_1_163' title='bbox 191 3620 279 3704; x_wconf 83' lang='lat' dir='ltr'>rius</span> <span class='ocrx_word' id='word_1_164' title='bbox 310 3649 511 3704; x_wconf 85' lang='lat' dir='ltr'>censurae</span> <span class='ocrx_word' id='word_1_165' title='bbox 542 3622 663 3724; x_wconf 84' lang='lat' dir='ltr'>ferat,</span> <span class='ocrx_word' id='word_1_166' title='bbox 697 3629 813 3706; x_wconf 87' lang='lat' dir='ltr'>textu</span> <span class='ocrx_word' id='word_1_167' title='bbox 844 3623 956 3705; x_wconf 87' lang='lat' dir='ltr'>claro</span> <span class='ocrx_word' id='word_1_168' title='bbox 986 3623 1027 3703; x_wconf 91' lang='lat' dir='ltr'>in</span> <span class='ocrx_word' id='word_1_169' title='bbox 1064 3625 1167 3736; x_wconf 87' lang='lat' dir='ltr'>Cap.</span> <span class='ocrx_word' id='word_1_170' title='bbox 1206 3625 1369 3718; x_wconf 83' lang='lat' dir='ltr'>Quoties</span> 
     </span>
     <span class='ocr_line' id='line_1_26' title="bbox 189 3755 1368 3866; baseline 0.005 -32"><span class='ocrx_word' id='word_1_171' title='bbox 189 3755 388 3866; x_wconf 82' lang='lat' dir='ltr'>Episcopi</span> <span class='ocrx_word' id='word_1_172' title='bbox 419 3759 489 3856; x_wconf 84' lang='lat'>16,</span> <span class='ocrx_word' id='word_1_173' title='bbox 516 3783 632 3838; x_wconf 85' lang='lat' dir='ltr'>caus.</span> <span class='ocrx_word' id='word_1_174' title='bbox 653 3761 699 3850; x_wconf 80' lang='lat'>2,</span> <span class='ocrx_word' id='word_1_175' title='bbox 725 3767 878 3865; x_wconf 78' lang='lat' dir='ltr'>quaest.</span> <span class='ocrx_word' id='word_1_176' title='bbox 900 3765 944 3858; x_wconf 86' lang='lat'>6,</span> <span class='ocrx_word' id='word_1_177' title='bbox 968 3759 1101 3838; x_wconf 90' lang='lat' dir='ltr'>—ibi</span> <span class='ocrx_word' id='word_1_178' title='bbox 1123 3803 1182 3820; x_wconf 93' lang='lat'><em>-</em></span> <span class='ocrx_word' id='word_1_179' title='bbox 1205 3760 1368 3851; x_wconf 82' lang='lat' dir='ltr'>Quoties</span> 
     </span>
     <span class='ocr_line' id='line_1_27' title="bbox 190 3889 1368 4001; baseline 0.005 -33"><span class='ocrx_word' id='word_1_180' title='bbox 190 3889 389 4000; x_wconf 83' lang='lat' dir='ltr'>Episcopi</span> <span class='ocrx_word' id='word_1_181' title='bbox 403 3915 445 3971; x_wconf 85' lang='lat' dir='ltr'>se</span> <span class='ocrx_word' id='word_1_182' title='bbox 467 3917 493 3970; x_wconf 92' lang='lat' dir='ltr'>a</span> <span class='ocrx_word' id='word_1_183' title='bbox 514 3893 602 3972; x_wconf 83' lang='lat' dir='ltr'>suis</span> <span class='ocrx_word' id='word_1_184' title='bbox 634 3891 1057 4001; x_wconf 74' lang='lat' dir='ltr'>comprovincialibus,</span> <span class='ocrx_word' id='word_1_185' title='bbox 1083 3894 1143 3975; x_wconf 90' lang='lat' dir='ltr'>vel</span> <span class='ocrx_word' id='word_1_186' title='bbox 1164 3921 1190 3973; x_wconf 88' lang='lat' dir='ltr'>a</span> <span class='ocrx_word' id='word_1_187' title='bbox 1211 3895 1368 3974; x_wconf 87' lang='lat' dir='ltr'>Metro·</span> 
     </span>
     <span class='ocr_line' id='line_1_28' title="bbox 181 4023 1371 4139; baseline 0.005 -35"><span class='ocrx_word' id='word_1_188' title='bbox 181 4023 373 4136; x_wconf 88' lang='lat' dir='ltr'>politano</span> <span class='ocrx_word' id='word_1_189' title='bbox 397 4027 646 4133; x_wconf 87' lang='lat' dir='ltr'>putaverint</span> <span class='ocrx_word' id='word_1_190' title='bbox 668 4029 965 4137; x_wconf 74' lang='lat' dir='ltr'>praeproperi,</span> <span class='ocrx_word' id='word_1_191' title='bbox 989 4035 1060 4108; x_wconf 90' lang='lat' dir='ltr'>aut</span> <span class='ocrx_word' id='word_1_192' title='bbox 1081 4053 1145 4108; x_wconf 87' lang='lat' dir='ltr'>eos</span> <span class='ocrx_word' id='word_1_193' title='bbox 1165 4034 1371 4139; x_wconf 83' lang='lat' dir='ltr'>suspectos</span> 
     </span>
     <span class='ocr_line' id='line_1_29' title="bbox 191 4157 1368 4274; baseline 0.005 -36"><span class='ocrx_word' id='word_1_194' title='bbox 191 4157 421 4261; x_wconf 79' lang='lat' dir='ltr'>habuerint,</span> <span class='ocrx_word' id='word_1_195' title='bbox 447 4187 547 4240; x_wconf 82' lang='lat' dir='ltr'>moa</span> <span class='ocrx_word' id='word_1_196' title='bbox 577 4161 808 4242; x_wconf 84' lang='lat' dir='ltr'>Romanam</span> <span class='ocrx_word' id='word_1_197' title='bbox 829 4162 1032 4274; x_wconf 87' lang='lat' dir='ltr'>appellent</span> <span class='ocrx_word' id='word_1_198' title='bbox 1052 4161 1212 4256; x_wconf 88' lang='lat' dir='ltr'>Sedem,</span> <span class='ocrx_word' id='word_1_199' title='bbox 1246 4170 1368 4272; x_wconf 83' lang='lat' dir='ltr'>utque</span> 
     </span>
     <span class='ocr_line' id='line_1_30' title="bbox 189 4292 1366 4406; baseline 0.003 -34"><span class='ocrx_word' id='word_1_200' title='bbox 189 4294 247 4372; x_wconf 87' lang='lat' dir='ltr'>eis</span> <span class='ocrx_word' id='word_1_201' title='bbox 270 4292 392 4374; x_wconf 83' lang='lat' dir='ltr'>libore</span> <span class='ocrx_word' id='word_1_202' title='bbox 415 4296 476 4375; x_wconf 90' lang='lat' dir='ltr'>ire</span> <span class='ocrx_word' id='word_1_203' title='bbox 503 4294 639 4396; x_wconf 87' lang='lat' dir='ltr'>liceat,</span> <span class='ocrx_word' id='word_1_204' title='bbox 665 4302 701 4375; x_wconf 89' lang='lat' dir='ltr'>ot</span> <span class='ocrx_word' id='word_1_205' title='bbox 723 4295 820 4377; x_wconf 84' lang='lat' dir='ltr'>dum</span> <span class='ocrx_word' id='word_1_206' title='bbox 844 4295 1104 4406; x_wconf 86' lang='lat' dir='ltr'>praedictam</span> <span class='ocrx_word' id='word_1_207' title='bbox 1134 4297 1366 4378; x_wconf 80' lang='lat' dir='ltr'>Romanurn</span> 
     </span>
     <span class='ocr_line' id='line_1_31' title="bbox 179 4419 1368 4542; baseline 0.004 -37"><span class='ocrx_word' id='word_1_208' title='bbox 179 4425 421 4507; x_wconf 73' lang='lat' dir='ltr'>‘Ecclesiam</span> <span class='ocrx_word' id='word_1_209' title='bbox 453 4427 766 4539; x_wconf 77' lang='lat' dir='ltr'>appellaverint,</span> <span class='ocrx_word' id='word_1_210' title='bbox 791 4419 863 4510; x_wconf 86' lang='lat' dir='ltr'>aut</span> <span class='ocrx_word' id='word_1_211' title='bbox 884 4431 934 4511; x_wconf 87' lang='lat' dir='ltr'>ab</span> <span class='ocrx_word' id='word_1_212' title='bbox 971 4455 1019 4512; x_wconf 85' lang='lat' dir='ltr'>aa</span> <span class='ocrx_word' id='word_1_213' title='bbox 1053 4457 1095 4512; x_wconf 89' lang='lat' dir='ltr'>se</span> <span class='ocrx_word' id='word_1_214' title='bbox 1125 4431 1267 4515; x_wconf 84' lang='lat' dir='ltr'>audiri</span> <span class='ocrx_word' id='word_1_215' title='bbox 1289 4457 1368 4542; x_wconf 89' lang='lat' dir='ltr'>po-</span> 
     </span>
    </p>
   </div>
   <div class='ocr_carea' id='block_1_3' title="bbox 0 0 1684 5118">
    <p class='ocr_par' dir='ltr' id='par_1_4' title="bbox 0 0 1684 5118">
     <span class='ocr_line' id='line_1_32' title="bbox 0 0 1684 5118; baseline 0 0"><span class='ocrx_word' id='word_1_216' title='bbox 0 0 1684 5118; x_wconf 95' lang='lat' dir='ltr'> </span> 
     </span>
    </p>
   </div>
  </div>
 </body>
</html>
