3356 5118
353 390 423 458 316
662 413 1241 460 mammosam

355 540 494 620 dinan
525 538 686 618 laesam
722 541 776 620 ob
815 542 1002 621 criminis
1043 541 1408 647 perpetmtionem.
1471 543 1573 623 Ha.-
1630 571 1631 596 ³

355 673 491 780 posim
520 673 573 752 ad
603 699 760 780 poenas
797 676 1021 755 canonicas
1060 675 1333 753 recensendas
1371 675 1571 756 doeoen-

356 805 507 888 damas
537 826 712 914 oportet.

442 939 609 1020 Poenae
628 942 851 1021 canonicae
872 943 1036 1048 proprie
1057 943 1192 1022 dictae
1215 963 1315 1020 sunt
1338 945 1403 1022 l.·
1425 945 1567 1024 Inha-

355 1073 494 1154 bilitas
524 1074 578 1153 ad
607 1073 823 1172 beneficia,
856 1077 1095 1181 dignitates,
1119 1089 1160 1156 et
1180 1077 1318 1155 officia
1338 1076 1566 1156 Ecclesia-

353 1209 473 1290 stica.
508 1211 572 1290 2.·
605 1209 789 1289 Privatio
833 1211 1145 1310 beneficiorum,
1193 1240 1270 1290 seu
1312 1212 1564 1293 subtractio

355 1341 583 1424 fructuum.
619 1346 682 1426 3.·
710 1344 939 1451 Depositio.
983 1351 1047 1426 4.·
1077 1347 1329 1451 Degradatio
1384 1352 1457 1426 5.·
1492 1349 1559 1426 lu-
1647 1409 1648 1418 κ

356 1477 496 1558 [amia.
532 1481 595 1561 6.·
624 1481 928 1586 Inegularitas

441 1612 689 1693 Inhobilitas
718 1628 782 1692 est
811 1639 944 1719 poena
972 1612 1281 1711 Ecclesiastico,
1324 1639 1410 1719 qua
1451 1613 1556 1720 quis

348 1745 472 1852 juxta
505 1747 611 1856 Cap.
645 1751 678 1828 2
705 1757 744 1826 et
778 1750 836 1826 15
867 1747 917 1824 de
947 1747 1101 1826 haerd.
1140 1750 1184 1827 in
1211 1745 1483 1846 6inhabilis,
1511 1768 1553 1828 et

354 1877 520 1984 ineptus
541 1878 726 1958 redditur
744 1879 797 1958 ad
820 1879 952 1958 valide
972 1879 1255 1986 recipiendum
1271 1879 1545 1977 beneficium,

353 2009 419 2090 vel
449 2011 631 2092 officium
662 2012 1017 2110 Ecclesiasticum,
1039 2014 1143 2092 adeo
1173 2023 1221 2092 ut
1254 2014 1420 2093 collatio
1451 2016 1550 2121 ipso

353 2144 476 2246 facto,
510 2159 551 2228 et
579 2155 674 2226 ante
703 2173 870 2226 omnem
886 2147 1040 2253 judicis
1059 2148 1306 2226 sententiam
1326 2148 1382 2226 sit
1403 2148 1523 2227 nulla
1532 2177 1544 2244 ;

352 2305 450 2360 cum
480 2291 646 2388 propter
675 2281 988 2388 incapacitatem
1009 2281 1181 2362 deficere
1201 2291 1421 2363 censeatur
1439 2283 1545 2362 sub-

347 2411 505 2520 jectum
535 2414 674 2522 ipsum
705 2415 951 2496 collationis.

438 2549 634 2630 Pricotio
674 2557 815 2629 autem
854 2555 897 2626 et
935 2549 1027 2655 ipsa
1061 2558 1125 2630 est
1157 2577 1293 2657 poena
1334 2547 1542 2629 Ecclesia-

350 2681 471 2782 stica,
505 2709 588 2789 qua
617 2681 711 2788 quis
733 2681 920 2787 privatur
938 2681 1150 2781 beneficio,
1176 2684 1393 2788 dignitate,
1416 2689 1458 2762 et
1475 2682 1539 2763 of-

348 2813 443 2894 ficio
473 2813 765 2895 Ecclesiastico
796 2815 913 2922 prius
943 2816 1021 2896 rite
1050 2817 1219 2897 obtento
1249 2818 1302 2896 ad
1331 2819 1536 2898 tramitem

349 2971 448 3028 mox
480 2947 549 3028 cit.
588 2948 692 3058 Cap.
728 2947 843 3030 Haec
869 2949 1085 3056 infligitur,
1108 2951 1173 3030 vel
1195 2977 1270 3057 per
1288 2951 1535 3031 sententiam

345 3079 514 3188 judicis,
539 3081 603 3162 vel
624 3081 677 3162 ab
699 3081 789 3189 ipso
814 3081 924 3189 jure.
959 3085 1003 3162 Si
1026 3111 1098 3191 per
1117 3085 1368 3164 sententiam
1385 3083 1535 3190 judicis

349 3211 566 3320 infligitur,
612 3223 712 3297 tunc
759 3223 853 3298 ante
899 3217 1033 3324 ipsam
1064 3243 1144 3298 non
1175 3218 1404 3324 obligatio
1435 3245 1531 3298 con-

349 3345 538 3448 scientia,
572 3347 667 3430 hinc
696 3359 829 3458 potest
860 3351 954 3459 quis
985 3351 1231 3432 beneficium
1268 3351 1457 3451 retinere,
1496 3359 1536 3432 et

350 3479 509 3563 fructus
521 3485 728 3591 percipere
739 3491 817 3565 etc.
834 3485 878 3564 Si
890 3495 1033 3566 autem
1045 3485 1246 3592 infligitur
1256 3485 1309 3565 ab
1326 3487 1415 3593 ipso
1422 3486 1531 3591 jure,

348 3619 448 3692 tunc
477 3615 736 3696 distinctione
766 3643 874 3724 opus
906 3627 992 3700 est:
1029 3619 1092 3699 vel
1123 3619 1232 3699 enim
1268 3645 1400 3698 canon
1429 3619 1534 3698 dixit

350 3769 442 3824 eam
464 3745 753 3831 incurrendam
774 3777 866 3830 esse
888 3751 977 3859 ipso
1001 3753 1107 3834 facto
1129 3753 1252 3834 etiam
1275 3761 1369 3832 ante
1387 3749 1535 3858 q'uam-

349 3877 447 3960 libet
475 3882 722 3964 sententiam
742 3884 1073 3986 declaratoriam,
1099 3895 1139 3966 et
1161 3895 1260 3967 tunc
1275 3885 1354 3967 hoo
1369 3885 1410 3964 in
1432 3907 1531 3964 casu
1649 3965 1650 3982 Ν

347 4011 502 4122 obligat
531 4017 671 4097 statim
703 4019 744 4097 in
776 4019 1045 4100 conscientia.
1080 4020 1222 4128 Hujus
1254 4021 1313 4100 rei
1343 4018 1534 4125 exempla
1649 4079 1650 4126 ἢ

347 4143 552 4229 habemus
582 4149 623 4228 in
659 4151 893 4262 Eoetraonp.
928 4154 1183 4236 Ambitiosne
1203 4155 1253 4234 de
1273 4155 1392 4235 rebus
1412 4151 1529 4234 Ecct.
1649 4223 1650 4264 ἶ

345 4305 425 4361 non
455 4283 581 4366 alien.
616 4293 655 4364 et
686 4284 727 4365 in
762 4287 946 4369 Concilio
981 4287 1099 4370 Trid.
1133 4315 1229 4370 sess.
1264 4293 1342 4381 23,
1368 4287 1527 4396 cap.1‚

311 4481 316 4488 .
348 4439 386 4496 o.
420 4413 470 4496 Si
498 4421 589 4525 qnia
618 4427 768 4511 antem,
802 4420 874 4500 ubi
907 4421 1043 4528 agitur
1066 4423 1115 4503 de
1136 4449 1268 4530 poena
1289 4419 1532 4530 privationis
