3264 5146
287 356 330 420 30
569 367 863 421 rmnnncnorvns
885 367 979 419 cunis
1003 365 1173 418 OANONIGI

297 535 315 576 »
335 499 743 606 indissolubilcmque
760 523 927 595 nexum,
944 497 1013 604 qui
1030 496 1199 604 proinde
1214 495 1329 576 nulla
1343 495 1452 576 civili

299 634 426 740 »lege
455 631 559 714 solvi
591 639 727 740 queat.
761 631 903 737 ltaque
939 628 1033 710 licet
1072 627 1317 708 sacramenti
1348 627 1453 709 ratio

299 801 317 840 »
338 791 364 844 a
379 763 641 844 matrimonio
657 762 820 870 sejungi
837 760 986 861 valeat,
1000 760 1113 841 velut
1128 761 1233 841 inter
1247 759 1453 861 infideles;

297 897 470 980 »adhuc
500 905 638 978 tamen
669 897 711 976 in
740 897 812 977 tali
844 895 1120 995 matrimonio,
1154 895 1359 1002 siquidem
1384 921 1455 976 ve-

296 1067 314 1108 »
334 1059 428 1115 rum
443 1041 505 1112 est
525 1030 849 1130 matrimonium,
867 1037 1050 1137 perstare
1071 1029 1202 1127 debet,
1229 1037 1269 1110 et
1283 1030 1453 1111 omnino

297 1172 491 1274 »perstat
520 1171 741 1272 perpetuus
772 1161 838 1242 ille
868 1189 1017 1263 nexuS,
1051 1162 1120 1270 qui
1153 1189 1178 1242 a
1207 1161 1340 1268 prima
1369 1165 1451 1244 ori-

297 1333 315 1374 »
336 1299 429 1405 gine
446 1297 584 1378 divino
601 1295 693 1402 jure
714 1295 975 1376 matrimonio
992 1296 1050 1375 ita
1064 1295 1267 1395 cohaeret,
1287 1301 1333 1376 ut
1349 1297 1451 1377 nulli

295 1467 315 1504 v
336 1431 472 1512 subsit
491 1430 599 1512 civili
621 1430 825 1537 potestati.
842 1459 860 1504 »
875 1429 1048 1528 Verum,
1068 1435 1114 1508 ut
1130 1428 1303 1509 habetur
1318 1429 1361 1509 in
1377 1430 1446 1513 cit.

292 1565 420 1646 Brcci
444 1563 495 1645 ad
516 1563 765 1671 Episcopum
787 1562 1063 1643 Motulensem
1085 1589 1180 1642 cum
1211 1561 1312 1643 illud
1342 1563 1451 1644 idem

295 1697 659 1798 «matrimonium,
683 1696 791 1804 quod
813 1703 906 1776 ante
928 1697 1149 1776 adventum
1181 1695 1330 1777 Christi
1351 1697 1451 1776 nihil

296 1827 447 1910 »aliud
478 1837 566 1910 erat
597 1827 674 1908 nisi
696 1827 992 1908 indissolubilis
1013 1825 1180 1934 quidam
1201 1836 1450 1931 contractuS,

295 1993 313 2038 »
333 1970 425 2069 post
456 1960 605 2041 Christi
627 1961 849 2041 adventum
871 1959 1046 2040 evaserit
1067 1985 1198 2038 unum
1219 1986 1270 2039 ex
1291 1968 1448 2068 septem

295 2095 437 2208 plagis
468 2091 725 2200 evangelicae
756 2092 1025 2173 sacramentis
1045 2119 1071 2172 a
1091 2091 1252 2174 Christo
1273 2093 1450 2174 Domino

295 2228 568 2309 »institutum
593 2260 631 2328 ›,
665 2235 764 2308 tunc
793 2228 835 2306 in
864 2227 1050 2344 ordinem
1080 2253 1218 2308 rerum
1258 2231 1453 2338 spiritua-

290 2363 392 2442 lium
422 2370 461 2442 et
492 2361 533 2440 in
564 2361 792 2441 dominium
833 2360 1042 2442 Ecclesiae
1082 2362 1271 2443 transivit
1309 2365 1451 2445 matri-

290 2494 474 2576 monium
506 2495 558 2574 ab
588 2493 679 2602 ipsa
709 2493 893 2575 Ecclesia
922 2501 968 2575 ut
998 2493 1156 2602 reliqua
1192 2505 1449 2579 sacramanta

289 2629 606 2709 ministrandum
637 2636 676 2709 et
707 2628 982 2708 ordinandum
1008 2629 1124 2708 salva
1143 2630 1376 2713 substantia
1399 2661 1449 2715 ex

289 2762 544 2844 institutione
575 2761 729 2862 divina;
754 2771 794 2842 et
813 2761 873 2842 sic
893 2760 1150 2842 subtractum
1171 2770 1234 2843 est
1255 2762 1296 2844 in
1317 2771 1451 2848 totum

287 2896 339 2976 ab
371 2895 627 2976 ordinatione
657 2896 889 3003 principum
919 2895 1118 2976 civilium.
1149 2897 1215 2977 Ad
1236 2897 1314 2979 hoc
1339 2902 1447 2983 enim

289 3037 334 3138 ut
363 3027 587 3110 auctoritas
618 3027 749 3108 civilis
780 3035 920 3136 posset
938 3054 1063 3136 super
1083 3028 1160 3110 hoc
1186 3031 1448 3113 matrimonio

286 3161 398 3267 leges
429 3160 532 3242 serre
574 3171 613 3243 et
652 3160 702 3242 de
741 3188 790 3241 eo
825 3160 1025 3268 judicare,
1068 3188 1235 3242 necesse
1265 3171 1374 3244 esset
1403 3173 1449 3244 ut

284 3294 539 3375 scinderetur
567 3293 877 3376 matrimonium
909 3293 1236 3374 Christianorum
1272 3291 1328 3375 in¹
1345 3297 1443 3396 duo,

284 3433 324 3506 et
353 3427 574 3509 haberetur
603 3454 733 3508 unum
763 3453 889 3535 super
918 3452 999 3534 quo
1029 3427 1160 3508 civilis
1191 3429 1445 3510 auctoritatis

283 3586 384 3642 cura
413 3547 680 3660 exerceretur,
716 3569 756 3642 et
786 3561 898 3643 aliud
929 3562 1037 3669 quod
1069 3569 1178 3642 esset
1211 3589 1446 3642 sacramen-

283 3701 386 3793 tum,
416 3693 534 3800 quasi
556 3693 783 3775 contractui
804 3693 1080 3775 accessorium
1102 3694 1154 3774 ab
1175 3721 1304 3801 eoque
1324 3721 1447 3804 sepa-

282 3825 410 3907 rabile
440 3828 548 3934 quod
580 3826 835 3910 auctoritatis
866 3827 1166 3910 ecclesiasticae
1196 3828 1443 3910 ordinationi

281 3961 486 4041 subesset.
520 3961 657 4068 Atque
689 3957 918 4040 Concilium
948 3959 1234 4041 Tridentinum
1270 3986 1353 4042 non
1383 3962 1445 4042 di-

279 4090 424 4172 stinxit
454 4092 558 4172 inter
588 4090 690 4172 haec
721 4091 803 4172 duo
825 4091 1102 4193 matrimonia,
1127 4092 1200 4174 sed
1221 4092 1445 4176 declaravit

279 4223 518 4331 simpliciter
547 4233 587 4306 et
617 4224 804 4306 absolute
824 4251 919 4306 sess.
945 4225 1002 4304 24
1023 4251 1114 4306 can.
1144 4229 1162 4304 l
1189 4225 1239 4306 de
1258 4251 1436 4307 sacram.

279 4361 461 4440 matrim.
501 4359 583 4439 «Si
615 4359 707 4468 quis
739 4359 888 4440 dixerit
917 4359 1226 4442 matrimonium
1247 4385 1328 4440 non
1350 4386 1441 4440 esse
