3386 5126
581 351 681 398 uueau
702 355 736 400 v.
762 371 801 382 -
827 355 967 404 rrruuvs
990 356 1035 402 v1.
1329 335 1393 403 185

217 477 371 560 delium
404 476 675 586 baptismum.
720 484 812 588 Ipsa
852 481 975 562 refert
1005 489 1147 564 notatu
1178 482 1316 589 digna,
1353 490 1393 564 et

217 611 296 718 legi
339 617 471 719 potest
510 638 636 718 penes
678 613 814 721 ipsum
846 615 1017 696 citatum
1050 623 1260 697 auctorem
1291 613 1390 694 Ma-

217 745 349 828 schal.

578 1119 872 1229 rrrunus
914 1145 1020 1226 vu.
1086 1179 1091 1192 ,

637 1407 702 1487 De
731 1403 962 1486 haereticis.

305 1668 489 1748 Alterum
522 1665 692 1766 crimen,
727 1665 835 1772 quod
867 1665 909 1743 in
942 1664 1211 1772 vilipendium
1252 1690 1389 1746 rerum

214 1802 509 1912 spiritualium,
531 1810 571 1882 et
587 1800 836 1883 orthodoxae
853 1799 945 1882 fidei
963 1799 1275 1882 subversionem
1303 1809 1390 1883 ten·

215 1938 288 2039 dit,
323 1935 410 2018 sive
441 1938 550 2045 quod
587 1935 807 2044 Religioni,
848 1944 887 2015 et
924 1935 1015 2016 fidei
1053 1935 1288 2018 Catholicae
1319 1937 1392 2017 ad·

214 2078 416 2167 versatur,
436 2079 498 2149 est
518 2069 672 2148 crimen
704 2068 898 2148 haeresis.
933 2069 1023 2148 Hac
1054 2070 1104 2149 de
1136 2096 1178 2149 re
1210 2095 1291 2148 raon
1314 2069 1391 2149 im·

214 2203 361 2284 merito
391 2201 440 2282 B.
477 2199 752 2308 Raymundus
784 2198 894 2278 hunc
926 2199 1092 2280 titulum
1124 2199 1304 2306 subjicit.

300 2337 356 2417 Ut
386 2334 522 2440 itaque
553 2331 861 2438 dignoscamus
899 2356 1024 2438 quam
1050 2331 1131 2412 late
1153 2341 1290 2440 pateat
1312 2333 1390 2413 hu·

214 2469 390 2550 iusmodi
433 2467 603 2564 crimen,
638 2473 678 2546 et
708 2461 858 2572 quibus
904 2464 1048 2572 poenis
1094 2467 1292 2573 puniatur
1338 2466 1389 2546 ab

214 2601 452 2682 auctoritate
473 2597 775 2695 Ecclesiastica,
803 2597 1018 2678 videamus
1040 2597 1080 2679 in
1104 2599 1248 2706 primis
1270 2625 1390 2708 opor-

214 2741 269 2814 tet
300 2732 390 2812 cius
421 2730 714 2830 definitionem,
750 2757 797 2810 ao
829 2729 1067 2814 divisiones,

300 2867 497 2947 Haeresis
523 2865 641 2972 juxta
668 2863 887 2944 nonnullos
910 2892 1059 2946 nomen
1081 2867 1287 2947 Graecum
1310 2875 1386 2966 est,

212 3011 252 3083 et
282 3002 403 3082 latine
435 3000 536 3080 nihil
568 3000 678 3081 aliud
711 3009 844 3098 sonat,
881 2998 958 3078 nisi
989 3009 1111 3100 secta,
1147 3029 1221 3083 ceu
1246 3003 1303 3084 ait
1325 3002 1390 3082 Ci-

213 3157 306 3214 cero
339 3131 379 3210 in
411 3133 617 3212 Paradox.
644 3132 770 3212 Juxta
791 3132 894 3213 alios
921 3157 1017 3213 vero
1039 3132 1222 3214 haeresis
1243 3160 1389 3242 graece

212 3267 264 3346 ab
296 3265 492 3346 electione
523 3264 684 3361 dicitur,
722 3265 830 3372 quod
863 3265 1019 3347 scilicet
1041 3287 1132 3346 eam
1155 3267 1234 3346 sibi
1259 3295 1389 3348 unus-

211 3399 384 3507 quisque
416 3397 542 3504 eligat
571 3396 845 3503 disciplinam,
880 3423 1004 3506 quam
1038 3405 1155 3506 putat
1185 3424 1275 3478 esse
1304 3425 1390 3478 mc-

212 3531 354 3612 liorem
391 3531 495 3611 Can.
531 3533 607 3622 27,
633 3555 723 3642 cap.
749 3533 827 3623 24,
852 3539 1007 3640 qrraest.
1034 3535 1079 3612 3.
1106 3531 1224 3613 Unde
1247 3533 1291 3612 S.
1317 3531 1389 3611 lsi-

196 3667 338 3762 ¹dorus
369 3663 470 3744 haec
501 3663 622 3746 habet
653 3709 703 3718 —
738 3665 818 3757 oct
846 3675 938 3747 sant
969 3666 1168 3748 haeretiei
1198 3667 1279 3746 nisi
1318 3669 1390 3775 qai

212 3799 356 3880 relicto
389 3801 470 3882 Dei
499 3801 688 3881 Ecclesia
718 3802 905 3900 pricatas
952 3801 1102 3910 elipant
1147 3805 1389 3883 societates?

212 3933 369 4013 Verum
401 3935 599 4044 quidquid
631 3935 684 4015 sit
720 3936 769 4016 de
802 3937 878 4017 hac
910 3935 1089 4017 nominis
1120 3934 1382 4042 etymologia,

211 4065 311 4147 illud
343 4076 516 4167 certum,
552 4067 913 4177 indubitatumque
945 4077 1021 4168 cst,
1056 4069 1164 4175 quod
1203 4069 1254 4148 ab
1285 4067 1388 4176 ipsis

210 4199 419 4280 Ecclesiae
452 4200 713 4282 incunabulis
746 4201 1011 4284 Christicolae
1043 4199 1120 4282 hoc
1146 4201 1311 4282 nomine
1332 4200 1388 4280 si·

210 4333 405 4437 gnificare
437 4335 735 4416 voluerunt-
766 4336 994 4417 intellectas
1026 4361 1206 4418 errorem
1249 4335 1388 4417 colan-
