3136 5138
284 419 346 484 138
567 427 858 482 rmnnncrromrs
880 427 973 479 cums
997 427 1165 478 aurorum

288 562 425 670 potius
442 559 695 640 invalidumt
717 557 769 638 Et
783 555 1113 664 respondendum
1130 564 1191 637 est
1208 555 1453 664 applicando

286 694 487 775 theoriam
518 691 605 799 jam
635 690 826 772 traditam
857 691 898 769 in
930 692 992 770 tit.
1028 691 1098 769 ΙΙΙ
1123 690 1165 770 iu
1195 688 1455 798 expositione

289 855 379 938 cap.
415 829 456 926 2,
490 825 664 932 quodsi
696 834 831 932 partes
868 822 1020 903 habent
1059 822 1325 904 intentionem
1355 848 1457 902 con·

286 959 471 1042 trahendi
511 959 561 1040 de
600 957 820 1067 praesenti,
853 955 908 1037 sit
936 982 1081 1037 verum
1122 955 1450 1056 matrimonium,

290 1094 636 1202 quemadmodum
668 1093 817 1198 pariter
847 1097 1008 1171 constat
1027 1117 1078 1169 ex
1100 1117 1226 1170 sensu
1247 1089 1456 1170 contrario

289 1254 379 1334 cap.
401 1227 455 1305 26
473 1226 535 1306 tit.
557 1227 591 1304 I.
614 1225 755 1331 Neque
777 1230 1020 1332 opponatur:
1050 1221 1333 1302 «sacramenti
1355 1237 1457 1302 co'n-

290 1357 452 1438 fectioni
483 1357 671 1438 resistere
702 1357 967 1438 intentionem
997 1356 1224 1463 agentium,
1248 1355 1318 1463 qui
1338 1353 1455 1463 posi-

290 1489 371 1570 tive
401 1489 616 1571 intendunt
650 1515 731 1569 non
773 1489 919 1589 facere,
953 1489 1062 1595 quod
1102 1487 1234 1568 facere
1264 1486 1453 1568 Ecclesia

292 1622 500 1704 intendit»
534 1622 685 1704 sufficit
714 1623 823 1703 enim
849 1622 970 1730 juxta
1000 1621 1313 1728 probatissimos
1337 1619 1457 1702 theo-

291 1755 423 1862 logoS,
447 1758 556 1864 quod
577 1755 654 1863 ipsi
676 1754 887 1836 intendant
908 1754 1160 1855 contrahere,
1186 1762 1231 1834 ut
1252 1754 1459 1835 habeatur

292 1891 418 1970 simul
449 1897 682 1971 contractus
713 1901 752 1970 et
781 1897 1100 1988 sacramentum3
1125 1887 1190 1968 hic
1220 1889 1331 1968 enim
1360 1913 1462 1968 con-

295 2031 450 2104 tractus
480 2031 542 2103 est
571 2048 733 2130 quoque
762 2029 1066 2103 sacramentum
1096 2047 1226 2102 exeo
1256 2022 1365 2128 quod
1396 2031 1463 2102 est

297 2155 546 2236 matrimonii
569 2165 802 2236 contractus
823 2155 1140 2263 baptizatorum,
1160 2154 1229 2264 qui
1250 2181 1302 2235 ex
1323 2155 1461 2262 bapti-

297 2299 428 2370 smate
459 2297 522 2370 est
550 2289 674 2370 simul
704 2297 1024 2391 sacramentum,
1052 2292 1242 2398 quamvis
1272 2292 1324 2371 ab
1357 2291 1461 2398 ipsis

296 2423 493 2530 sacrilege
523 2423 755 2532 recipiatur.
773 2471 793 2486 -
810 2425 872 2532 (b)
896 2425 1003 2518 Quid
1024 2425 1192 2534 insuper
1218 2425 1456 2528 dicendum,

297 2558 330 2637 si
353 2558 430 2638 hoc
459 2558 766 2639 matrimonium
797 2559 919 2640 fuerit
948 2567 1296 2661 consummatum,
1321 2585 1376 2639 an
1397 2561 1462 2640 af-

299 2691 437 2772 finitas
477 2691 684 2774 inducitur
713 2720 764 2772 ex
796 2693 1057 2774 matrimonio
1097 2693 1205 2774 civili
1246 2696 1463 2802 usquead

298 2832 491 2930 quartum
516 2826 705 2932 gradum,
729 2825 792 2906 vel
815 2852 944 2933 usque
965 2826 1017 2906 ad
1038 2827 1295 2906 secundum?
1326 2826 1379 2908 Et
1397 2853 1467 2908 re-

298 2960 582 3068 spondendum
607 2960 729 3066 juxta
749 2986 811 3060 ea,
836 2986 940 3069 quae
965 2960 1188 3040 afferentur
1207 2961 1249 3040 in
1270 2963 1333 3042 tit.
1357 2962 1471 3041 XIII

298 3091 481 3175 contrahi
513 3092 752 3175 affinitatem
784 3093 986 3200 usquead
1012 3101 1203 3199 quartum
1234 3092 1425 3198 gradum.
1446 3139 1468 3153 -

301 3227 358 3334 (c)
390 3225 498 3319 Quid
529 3226 680 3335 pariter
709 3226 943 3325 dicendum,
976 3225 1011 3305 si
1041 3225 1122 3306 tale
1152 3225 1465 3306 matrimonium

300 3359 417 3440 civile
446 3367 667 3442 attentetur
696 3361 748 3439 ab
779 3359 844 3460 iis,
879 3359 947 3466 qui
979 3359 1021 3438 in
1051 3358 1192 3441 ordine
1223 3357 1366 3465 majori
1397 3361 1465 3440 vel

302 3501 395 3573 voto
426 3493 616 3600 religioso
646 3494 819 3574 solemni
850 3493 1032 3575 adstricti
1062 3501 1160 3575 sunt
1179 3520 1232 3573 an
1253 3492 1467 3573 incurrant

302 3625 767 3706 excommunicationem
787 3626 893 3707 latae
918 3625 1142 3707 sententiae
1162 3623 1378 3732 Episcopis
1397 3624 1466 3703 vel

302 3757 529 3838 Ordinariis
559 3765 808 3839 reservatam
838 3760 880 3840 in
905 3759 1028 3840 Bulla
1047 3759 1306 3870 Apostolicoc
1325 3755 1471 3844 Sedis?

299 3891 352 3971 Et
372 3890 702 3999 respondendum
722 3893 986 4000 affirmative,
1010 3917 1106 3973 cum
1137 3890 1179 3969 in
1199 3915 1301 3972 casu
1332 3913 1468 3996 neque

300 4024 407 4105 adsit
437 4025 659 4107 necessitas
689 4026 938 4133 obsequendi
969 4024 1049 4133 legi
1078 4023 1203 4124 civili,
1227 4031 1267 4105 et
1295 4022 1470 4131 proinde

300 4165 587 4266 praesumatur
617 4157 806 4239 voluntas
836 4185 1063 4239 consensus
1093 4157 1135 4237 in
1165 4156 1338 4239 vetitum
1368 4181 1468 4236 con-

301 4289 490 4392 nubium,
523 4299 645 4398 prout
675 4291 765 4372 fuse
795 4291 972 4402 explicat
1001 4291 1151 4372 Petrus
1180 4289 1385 4372 Avanzini
1419 4287 1463 4368 in

300 4424 614 4508 Commentariis
659 4425 710 4507 ad
754 4425 918 4508 Bullam
961 4426 1261 4538 ‹Apostolicoc
1298 4423 1416 4507 Sedis
1441 4455 1463 4498 >
