3178 5134
425 363 533 415 uranu
555 365 600 417 ιν.
626 383 645 398 -
668 365 806 419 memus
829 369 885 417 xv.
1000 351 1002 357 '
1175 355 1241 420 257

94 496 233 578 licitum
263 502 327 576 est
355 492 602 600 conjugibus
640 493 778 575 conari
818 493 1138 578 adhabendam
1168 525 1236 579 oo-

94 629 229 736 pulam.
249 627 296 709 Si
317 653 412 710 vero
433 633 495 707 est
515 633 624 709 certo
643 635 857 736 perpetua,
875 636 973 711 tunc
994 629 1028 709 si
1049 631 1237 739 provenit

95 789 135 842 en
161 759 326 842 seminis
347 759 522 862 defectu,
545 769 646 870 puta
674 762 717 841 in
747 785 795 843 eo
825 763 896 878 qui
923 763 1055 844 factus
1082 771 1143 846 est
1164 791 1236 846 eu-

95 895 251 998 nucbuS,
274 895 413 1004 plures
438 921 665 1004 gravesque
687 903 875 978 auctores
896 897 1006 1006 apud
1027 897 1237 979 Schmalz-

95 1030 251 1136 grueber
270 1029 313 1112 b.
338 1037 368 1110 t.
392 1056 502 1110 num.
530 1031 741 1111 serenent
770 1029 928 1112 licitum
959 1056 1049 1112 esse
1068 1032 1236 1114 reddere

97 1170 126 1244 ct
141 1171 272 1272 petere
303 1189 398 1245 cum
418 1162 461 1243 in
481 1189 583 1244 casu
612 1163 758 1244 saltem
789 1163 990 1246 habeatur
1008 1165 1235 1263 remedium

97 1294 444 1404 concupiscentiae,
462 1295 576 1377 nullo
596 1295 677 1376 alio
692 1295 983 1377 interveniente
1003 1297 1216 1379 obstaculo
1222 1328 1233 1397 ;

97 1453 198 1510 secus
226 1455 325 1511 vero
354 1428 391 1510 si
419 1427 658 1537 impotentia
698 1427 892 1536 impediat
931 1429 1100 1510 seminis
1129 1429 1237 1512 intra

98 1588 154 1642 vas
180 1561 467 1672 receptionem,
501 1560 598 1669 quia
625 1569 724 1643 tunc
753 1561 918 1644 illicitus
948 1570 1011 1644 est
1040 1563 1188 1646 coitus

188 1699 250 1777 4.⁰
265 1693 410 1777 Relate
425 1721 521 1776 vero
543 1694 594 1776 ad
616 1694 953 1804 impedimentum
974 1696 1236 1805 impotentiae

94 1852 158 1908 non
176 1828 318 1910 eadem
339 1853 500 1936 semper
520 1826 597 1909 luit
617 1827 721 1909 ratio
737 1826 948 1935 judicandi
969 1829 1012 1909 in
1032 1829 1231 1934 Ecclesia,

94 1961 153 2041 etsi
179 1961 379 2070 principia
399 1962 542 2042 eadem
562 1987 724 2070 semper
753 1960 902 2043 fuerint
927 1962 1122 2046 admissa.
1147 1967 1235 2046 An-

94 2091 243 2200 tiquitus
264 2093 390 2196 enim,
414 2093 491 2176 etsi
512 2094 603 2203 ipsa
630 2103 938 2202 recognosceret
961 2097 1122 2179 nullum
1144 2124 1238 2179 esse

96 2227 383 2308 matrimonium
404 2253 430 2308 a
449 2207 646 2336 perpetuo
667 2237 707 2311 et
727 2229 1009 2311 antecedenter
1033 2231 1234 2340 impoten-

96 2361 187 2442 tibus
216 2367 486 2462 oontractum,
511 2361 724 2445 consuevit
751 2371 890 2444 tamen
915 2363 1101 2472 judicare
1131 2364 1232 2446 illud

95 2521 158 2576 non
185 2521 275 2578 esse
300 2494 559 2597 solvendum,
582 2497 653 2578 sed
674 2495 820 2578 debere
840 2503 977 2604 partes
997 2497 1122 2580 simul
1141 2525 1235 2608 per-

95 2651 251 2728 manere,
275 2633 316 2708 et
344 2627 381 2708 si
411 2653 494 2708 non
523 2635 710 2736 poterant
734 2635 945 2738 tamquam
965 2629 1087 2712 viret
1107 2657 1225 2730 uxor,

93 2768 206 2844 essent
224 2759 352 2842 simul
371 2765 582 2871 tamquam
612 2761 738 2844 frater
757 2769 797 2844 et
817 2787 948 2844 soror.
970 2761 1015 2843 ld
1035 2764 1234 2874 probatur

92 2915 127 2971 ex
149 2891 346 2976 Decretali
375 2891 601 2975 Alexandri
631 2893 681 2974 III
710 2892 838 2974 relata
867 2894 909 2974 in
940 2921 1030 3006 cap.
1061 2897 1088 2976 2
1118 2895 1160 2979 b.
1197 2906 1227 2978 t.

93 3024 124 3102 io
140 3027 276 3136 primu
305 3024 549 3127 collectione,
578 3033 620 3110 et
648 3053 701 3107 ex
720 3025 922 3110 Decretali
942 3025 1163 3111 Clementis
1182 3031 1233 3110 Ill

94 3181 163 3268 cup.
184 3165 211 3243 4
232 3161 274 3242 h.
300 3167 329 3242 t.
355 3161 399 3241 in
418 3159 558 3242 euclem
579 3161 725 3272 prime
745 3161 989 3262 collectione,
1014 3189 1065 3243 ex
1086 3189 1178 3243 coo.
1204 3167 1232 3241 2

94 3315 181 3374 cous.
215 3297 270 3376 33
296 3297 498 3404 quaesti
535 3296 578 3375 in
607 3296 780 3376 Decreto
812 3293 916 3376 falso
945 3294 1100 3376 tributo
1131 3295 1232 3375 Gre-

93 3425 185 3526 gorio
217 3427 398 3536 Magno,
437 3453 533 3510 cum
572 3427 710 3538 potius
748 3425 803 3508 sit
837 3453 889 3507 ex
925 3425 1235 3535 Capitularibus

94 3553 339 3662 Francorum,
367 3567 408 3642 et
435 3561 603 3644 demum
634 3586 687 3640 ex
707 3585 797 3678 cup.
824 3559 913 3641 eh.
939 3567 968 3641 t.
992 3586 1066 3668 per
1085 3561 1228 3642 verba:

95 3690 224 3777 <Licet
253 3694 489 3777 incredibile
509 3695 711 3794 videatur,
736 3693 846 3803 quod
875 3693 1024 3802 aliquis
1053 3721 1148 3776 cum
1168 3701 1232 3776 ta-

92 3819 179 3906 libus
198 3825 413 3910 contrahat
432 3827 757 3929 matrimonium,
782 3808 978 3909 Romana
996 3835 1134 3909 tamen
1153 3827 1236 3908 Ec-

91 3954 194 4040 clesia
221 3960 435 4043 consuevit
463 3959 507 4043 in
527 3959 811 4042 consimilibus
836 3959 1037 4069 judicare,
1061 3969 1108 4044 ut
1127 3987 1231 4070 quas

93 4095 282 4200 tamquam
313 4119 466 4174 uxores
494 4091 645 4176 habere
677 4119 759 4174 non
780 4099 967 4202 possunt,
989 4081 1166 4176 habeant
1186 4104 1232 4175 ut
1257 4091 1262 4102 '

93 4241 245 4307 sorores.
269 4257 289 4303 ›
313 4225 512 4308 Rationes
531 4224 627 4307 talis
646 4224 788 4335 praxis
807 4225 997 4308 videntur
1018 4225 1146 4308 luisse
1165 4251 1234 4306 sc·

93 4365 255 4459 quenteS,
277 4383 424 4466 nempe
444 4357 576 4468 primo
606 4357 706 4468 quia
725 4355 911 4442 Ecclesia
940 4359 1232 4442 reformidabat

219 4513 245 4556 Τ.
257 4513 301 4557 111.
312 4525 328 4540 ·
338 4513 367 4557 P.
378 4513 400 4558 1.
1054 4517 1080 4558 tr
