3136 5138
282 404 345 468 102
567 417 861 469 rmutacrrouus
883 415 977 468 iulus
1000 413 1168 466 ouuourcr

288 544 453 647 decreti,
486 545 605 653 cujus
635 543 856 654 publicatio
886 544 1093 627 inducitur
1111 571 1163 626 ex
1184 545 1453 628 diuturnitate

289 677 505 788 temporis,
553 705 634 788 quo
678 679 940 761 matrimonia
985 679 1026 760 in
1072 677 1271 787 paroeciis
1315 705 1458 760 coram

289 812 476 896 Paroeho
515 841 564 894 ac
603 813 767 904 duobus
812 813 989 896 testibus
1029 811 1231 894 celebrata
1270 812 1454 914 luerunt,

291 974 317 1028 a
355 945 682 1054 Congregatione
723 945 892 1028 Concilii
933 945 1061 1026 luisse
1106 947 1290 1029 decisum
1334 945 1462 1028 refert

294 1079 539 1160 Benedictus
563 1080 662 1162 XIV
685 1081 727 1160 in
748 1080 816 1162 cit.
841 1079 1027 1186 Epistola
1045 1080 1236 1162 decretali
1261 1081 1461 1161 «Paucis

290 1215 342 1294 ub
374 1213 506 1292 hinc»
533 1215 690 1324 penult.
718 1241 896 1324 paragr.
931 1215 988 1295 At
1017 1214 1212 1322 quoniam
1242 1215 1284 1294 in
1310 1213 1462 1320 aliqui-

292 1349 373 1428 bus
392 1347 493 1428 locis
509 1345 550 1428 in
571 1347 781 1456 paroecias
801 1374 884 1429 uon
904 1359 967 1430 est
987 1349 1121 1431 divisa
1136 1347 1350 1448 dioecesis
1375 1349 1464 1431 imo

293 1507 368 1562 nec
397 1480 604 1562 dioeceses
635 1507 728 1562 vera
758 1481 1004 1563 constitutae
1025 1490 1138 1583 sunt,
1161 1483 1234 1562 sed
1257 1481 1463 1564 habentur

296 1610 531 1693 Vicariatus
559 1613 801 1721 Apostolici,
835 1614 932 1721 quid
953 1615 1203 1696 censendum
1223 1614 1300 1696 erit
1320 1615 1369 1696 de
1391 1615 1466 1696 illa

294 1748 335 1826 in
366 1747 543 1854 singulis
572 1747 775 1854 paroeciis
795 1749 1152 1856 promulgatione?
1174 1749 1359 1830 Profecto
1381 1777 1463 1858 pu-

294 1889 425 1960 tarem
454 1905 603 1960 nomen
634 1881 846 1987 paroeciae
876 1881 918 1961 in
948 1905 1048 1963 casu
1079 1891 1291 1993 sumptum
1312 1883 1466 1966 essein

295 2039 421 2093 sensu
452 2011 550 2112 late,
595 2019 641 2093 ut
669 2013 837 2120 quosvis
877 2013 1087 2095 districtus
1126 2013 1462 2122 comprehendat,

296 2156 369 2229 aut
408 2147 617 2246 ecclesias,
660 2147 812 2254 quibus
851 2149 1064 2256 presbyter
1107 2149 1355 2230 constitutus
1400 2156 1468 2229 est

297 2289 437 2388 pastor
467 2279 607 2387 populi
632 2288 677 2360 vat
706 2279 997 2362 Missionarius
1027 2308 1170 2363 curam
1201 2281 1290 2389 ejus
1320 2281 1464 2382 habct;

297 2413 473 2495 etsivix
504 2414 704 2520 estquod
736 2439 859 2494 casus
889 2415 1133 2517 verificetur,
1176 2443 1257 2523 quo
1298 2415 1340 2496 in
1380 2413 1468 2496 illis

296 2545 534 2654 regionibus
564 2545 733 2628 Concilii
765 2547 973 2629 decretum
995 2550 1117 2631 fuerit
1132 2549 1461 2657 promulgatum.

294 2681 395 2762 Post
424 2705 516 2760 eam
545 2679 917 2788 promulgationem
945 2691 1085 2764 autem
1116 2693 1156 2764 et
1185 2683 1326 2791 elapso
1356 2693 1465 2764 tem-

188 2883 189 2888 *
298 2837 395 2920 pore
426 2811 677 2920 praescripto
709 2810 1009 2920 baptizatorum
1039 2815 1303 2896 matrimonia
1341 2829 1467 2898 erunt

298 2945 491 3046 invalida,
525 2945 561 3026 si
584 2945 716 3026 torma
735 2945 960 3028 Tridentini
982 2973 1065 3029 non
1086 2947 1206 3029 fuerit
1225 2949 1461 3031 observata.

297 3077 441 3187 Neque
470 3079 726 3186 suffragatur
755 3078 1001 3186 ignorantia,
1035 3081 1130 3162 licet
1158 3081 1268 3162 enim
1307 3081 1409 3162 haec
1440 3107 1468 3162 a

143 3333 144 3336 p
295 3221 462 3320 peccato
493 3220 677 3314 excuset,
711 3240 793 3295 non
833 3222 967 3322 potest
1006 3223 1142 3297 tamen
1183 3241 1232 3296 ea
1271 3213 1467 3323 supplere

296 3345 471 3429 defectui
501 3347 773 3429 solemnitatis
809 3357 849 3430 at
891 3348 1044 3430 formae
1084 3347 1370 3430 substantialis
1410 3349 1464 3430 ad

298 3488 436 3562 actum
476 3481 710 3589 requisitae.
755 3482 850 3564 Una
894 3489 1055 3564 tautum
1101 3491 1273 3566 excusat
1317 3507 1463 3583 causa,

296 3637 440 3718 nempe
470 3638 566 3692 cum
596 3613 692 3694 talis
721 3613 993 3696 solemnitatis
1033 3615 1266 3697 observatio
1306 3622 1368 3694 est
1399 3613 1465 3694 vel

226 3847 228 3849 Ι
295 3743 463 3854 physice
492 3745 555 3824 vel
586 3747 793 3830 moraliter
822 3748 1061 3858 impossibis
1095 3750 1329 3830 observatu.
1373 3748 1467 3829 Hu-

289 3878 361 3984 jus
377 3877 723 3987 impossibilitatis
744 3881 934 3990 exempla
954 3883 1077 3964 refert
1097 3881 1344 3963 Benedictus
1364 3881 1466 3962 XIV

296 4013 361 4094 De
379 4011 534 4121 Synod.
560 4011 728 4096 dioeces.
756 4013 826 4095 lib.
853 4017 904 4094 12
925 4037 1016 4126 cup.
1044 4019 1068 4096 5
1089 4043 1199 4096 aum.
1223 4019 1263 4114 5,
1287 4013 1467 4096 Litterae

297 4144 360 4226 Pii
391 4143 447 4224 VI
477 4144 562 4226 diei
592 4147 648 4226 22
678 4149 841 4259 Aprilis
877 4151 1001 4249 1795,
1021 4158 1062 4232 et
1079 4149 1300 4231 declaratio
1322 4148 1367 4230 S.
1394 4147 1467 4228 Of-

296 4277 377 4360 licii
401 4280 512 4387 apud
534 4278 762 4363 Vecchiotti
779 4283 1055 4364 [restitutiones
1075 4283 1308 4398 Canonicue
1323 4291 1419 4364 tom.
1441 4284 1468 4363 3

298 4412 347 4492 de
378 4412 583 4526 impediri.
618 4417 799 4499 niutrim.
835 4421 860 4519 ἕ
906 4417 1002 4498 106.
1047 4416 1286 4500 Notandum
1326 4425 1466 4500 tamen
