3136 5138
322 383 385 445 128
606 397 899 447 rununucrrouus
921 394 1015 445 runis
1039 393 1207 447 canonum

327 525 666 633 impedimentum
697 524 884 634 publicae
904 523 1131 605 honestatis
1151 527 1361 632 procedere
1380 552 1467 633 quo

325 685 406 766 que
436 658 478 739 in
508 685 624 758 casu,
659 684 739 766 quo
770 656 1079 739 matrimonium
1111 657 1164 738 sit
1193 685 1285 738 vere
1323 658 1467 739 clande-

324 793 496 890 stinum,
531 817 676 898 nempe
707 791 1019 900 probationibus
1060 791 1381 899 quibuscumque
1408 792 1468 870 de-

324 927 515 1008 stitutum
545 925 587 1004 in
620 925 706 1005 soro
737 935 921 1024 externo,
956 933 1076 1031 prout
1091 924 1141 1004 de
1161 923 1415 1032 sponsalibus
1433 922 1466 1001 in

324 1068 584 1140 antecessum
615 1057 1002 1138 demonstravimus

441 1195 502 1273 9.⁰
531 1189 708 1272 Retenta
738 1189 895 1270 veriore
926 1189 1141 1290 sententia,
1175 1191 1283 1297 quod
1317 1188 1468 1296 impedi·

324 1337 509 1408 mentum
541 1325 729 1434 publicae
760 1325 986 1406 honestatis
1016 1333 1234 1406 enascatur
1264 1352 1313 1404 ex
1343 1322 1468 1404 matri-

324 1463 477 1562 monio,
501 1461 646 1568 inquo
668 1487 748 1541 non
766 1459 888 1541 fuerit
907 1468 1070 1540 servata.
1093 1459 1223 1540 forma
1237 1456 1464 1555 Tridentini,

322 1605 362 1677 et
390 1603 555 1702 propter
585 1593 662 1674 hoc
691 1593 743 1673 sit
774 1593 1072 1674 clandestinum
1103 1619 1151 1673 ac
1180 1591 1348 1700 proinde
1368 1591 1468 1670 inva-

323 1729 467 1827 lidum,
503 1727 579 1807 fuit
609 1753 740 1834 nuper
769 1726 878 1834 apud
910 1727 954 1806 S.
989 1725 1356 1833 Congregationem
1375 1723 1468 1804 Con·

224 1951 226 1956 ,
320 1860 403 1941 oilii
435 1861 689 1968 disputatum
720 1885 897 1968 sequens
928 1859 1116 1940 dubium:
1156 1861 1261 1943 «An
1283 1857 1468 1964 cetu-spui

321 1995 438 2103 culpo
468 1994 588 2073 cudit
623 1994 931 2072 matrimonium
967 1993 1098 2092 ciuile,
1128 1995 1279 2103 perlat
1315 1989 1468 2103 impedi-

321 2137 495 2209 mentum
505 2129 699 2236 juslitice
713 2127 904 2237 publicae
924 2127 1143 2207 honestatis
1157 2133 1208 2205 t»
1233 2127 1287 2209 Et
1307 2129 1350 2208 S.
1375 2126 1469 2206 Con-

319 2261 505 2368 gregatio
535 2259 704 2340 Concilii
736 2259 802 2339 die
837 2263 887 2340 13
918 2261 1070 2340 Martii
1113 2260 1220 2340 1879
1252 2257 1463 2368 respondit:

321 2393 575 2504 «Negotium
609 2403 646 2472 ct
676 2394 959 2474 consulendum
979 2395 1259 2493 sanctissimo,
1284 2403 1327 2474 ut
1350 2392 1390 2474 id
1407 2391 1468 2472 de-

316 2529 480 2609 clcrcrc
509 2555 560 2608 cc
587 2536 766 2607 statuero
794 2528 1040 2636 eliquetur.»
1085 2528 1211 2609 Facta
1250 2540 1387 2610 autem
1424 2527 1467 2607 de

316 2661 555 2769 praemissis
588 2660 781 2742 relatione
802 2662 929 2741 SSmo
951 2661 1041 2742 Drio
1063 2660 1215 2742 Nostro
1235 2661 1364 2743 Leoni
1385 2659 1467 2740 Xlll

313 2821 386 2901 per
406 2795 682 2876 Secretarium
704 2795 748 2876 S.
774 2793 820 2875 C.
842 2794 882 2874 in
900 2795 1109 2876 audientia
1124 2796 1203 2876 diei
1225 2796 1276 2875 17
1294 2793 1466 2904 ejusdem

312 2929 481 3028 mensis,
516 2929 720 3009 Sanctitas
751 2929 839 3011 Sua
869 2929 1158 3010 resolutionem
1180 2931 1406 3038 approbare
1425 2951 1468 3006 ao

310 3063 554 3142 confirmare
585 3062 753 3168 dignata
783 3069 857 3159 est,
894 3087 941 3142 ac
967 3061 1093 3167 jussit
1116 3061 1203 3142 fieri
1237 3062 1464 3158 Decretum,

310 3195 431 3288 Quod
462 3193 616 3276 editum
649 3203 712 3274 est
736 3193 946 3302 sequentis
975 3193 1142 3276 tenoris:
1165 3241 1186 3256 ··
1211 3228 1228 3270 ‹
1250 3195 1468 3302 Postquam

315 3362 333 3400 ι
354 3329 447 3408 laici
469 3309 760 3434 legumlatores
791 3334 952 3434 praeter
980 3327 1121 3410 civiles
1142 3353 1190 3408 ac
1210 3327 1396 3434 politicos
1416 3322 1470 3406 el-

315 3495 333 3531 »
355 3461 499 3559 lectus
526 3461 654 3568 impio
675 3487 781 3542 ausu
803 3460 939 3568 ipsum
962 3460 1181 3568 pervadere
1200 3487 1250 3542 ac
1270 3455 1468 3542 moderari

315 3618 667 3699 »praesumpsere
697 3593 997 3674 matrimoniale
1029 3595 1173 3675 foedus
1193 3595 1301 3702 quod
1333 3621 1359 3674 a
1388 3591 1470 3671 Deo

315 3733 520 3806 »auctore
555 3733 729 3804 naturae
769 3733 862 3806 ante
892 3753 1056 3807 omnem
1096 3725 1228 3808 civilis
1268 3721 1469 3808 societatis

314 3859 614 3941 »existentiam
652 3859 843 3967 primitus
883 3861 1132 3963 institutum,
1171 3861 1300 3944 acad
1332 3859 1471 3942 ineffa-

314 3992 476 4074 »bilem
507 3988 761 4075 Sacramenti
802 3993 1039 4101 dignitatem
1080 3994 1225 4076 deinde
1256 4019 1282 4073 a
1310 3993 1469 4074 Christo

313 4165 330 4198 »
351 4125 624 4234 Redemptore
645 4133 848 4228 evectum,
873 4127 1097 4235 quamlibet
1126 4128 1335 4235 politicam
1356 4135 1396 4209 et
1415 4125 1469 4208 ci·

312 4292 331 4332 »
352 4257 475 4340 vilem
486 4259 815 4366 jurisdictionem
831 4259 995 4368 penitus
1011 4259 1183 4359 excedit,
1204 4259 1359 4368 pluries
1374 4258 1470 4366 Epi-

312 4395 466 4504 »soopi
499 4394 650 4504 aliique
680 4395 913 4476 animarum
944 4403 1131 4504 pastores
1161 4396 1212 4478 ab
1233 4392 1470 4506 Apostolica
