3388 5136
287 356 354 423 130
589 373 858 420 rennnecrrorus
880 373 971 419 rums
993 370 1154 418 cruorum

289 513 330 584 et
360 503 623 611 susceptione
654 501 861 582 ordinum.
885 499 1020 580 Hodie
1051 507 1189 579 autem
1221 525 1318 580 cum
1344 499 1470 580 colla-

290 639 364 740 tio,
388 646 428 718 et
447 636 654 742 susceptio
684 634 876 714 ordinum
899 641 1090 740 separata
1119 632 1173 711 sit
1195 657 1220 712 a
1250 632 1469 714 collatione

292 771 605 867 beneficiorum3
638 767 758 848 titulo
790 767 902 846 enim
934 765 1119 846 beneficii
1161 765 1335 846 accessit
1365 765 1472 846 alter

289 903 436 985 titulus
467 901 700 1009 patrimonii
732 900 855 1000 sacri,
881 899 976 980 hinc
1006 923 1116 990 raro,
1142 899 1224 980 imo
1255 899 1470 980 rarissime

291 1037 471 1117 simonia
500 1035 784 1116 committitur.

379 1169 482 1251 Post
496 1168 598 1250 haec
614 1193 810 1275 quaerere
825 1165 893 1248 hic
908 1166 1019 1246 haud
1036 1165 1242 1246 immerito
1265 1167 1359 1274 quis
1375 1193 1472 1274 pos-

292 1309 370 1396 set,
400 1311 541 1382 utrum
558 1301 835 1408 supracitatae
851 1326 1007 1408 poenae
1024 1307 1169 1381 contra
1188 1300 1409 1381 simoniam
1426 1303 1468 1380 in

293 1439 484 1519 ordinum
507 1435 722 1518 collatione
752 1433 976 1516 admissam
999 1433 1134 1515 adhuc
1165 1433 1358 1541 vigeant?
1379 1435 1473 1517 Hu-

289 1569 471 1678 jusmodi
494 1569 724 1676 quaestioni
755 1567 992 1676 responderi
1025 1575 1171 1676 potest,
1197 1567 1239 1647 in
1260 1567 1471 1651 Constitu·

293 1703 402 1785 tione
413 1703 674 1814 Apostoliooc
688 1701 807 1783 Sedis
820 1701 883 1780 Pii
894 1701 953 1780 lX
970 1727 1211 1809 expressam
1230 1729 1313 1783 non
1327 1701 1468 1784 haberi

293 1837 545 1916 mentionem
566 1835 715 1915 harum
736 1859 1024 1916 censurarum.
1046 1834 1345 1916 Verumtamen
1368 1837 1470 1918 haec

295 1969 531 2052 constitutio
558 1971 739 2051 declarat
759 1968 991 2050 confirmari
1024 1995 1221 2050 censuras
1242 1995 1266 2048 a
1285 1967 1471 2063 Concilio

294 2103 534 2194 Tridentino
579 2104 697 2185 latas
724 2103 853 2184 Porro
893 2102 935 2182 in
970 2127 1066 2184 sess.
1100 2105 1173 2204 21,
1212 2101 1314 2212 Cap.
1351 2104 1372 2182 1
1407 2103 1474 2183 De

296 2237 594 2346 reformatione
632 2261 823 2345 expresse
864 2234 1122 2344 prohibetur,
1166 2235 1387 2344 quominus
1427 2235 1469 2314 in

296 2371 625 2451 ordinationibus
656 2371 809 2478 aliquid
832 2371 968 2472 detur,
991 2369 1055 2450 vel
1078 2369 1315 2478 recipiatur,
1348 2369 1471 2450 etiam

297 2510 442 2608 sponte
472 2501 672 2600 oblatum,
718 2502 775 2582 ita
806 2509 851 2582 ut
880 2503 916 2580 si
947 2502 1040 2609 quis
1080 2501 1177 2582 huic
1216 2501 1471 2610 dispositioni

297 2635 572 2734 contraiverit,
595 2636 685 2742 ipso
707 2634 812 2714 facto
835 2634 1017 2716 incurrat
1037 2660 1193 2742 poenas
1214 2659 1239 2714 a
1259 2635 1467 2716 veteribus

297 2768 527 2850 canonibus
546 2775 691 2847 contra
710 2766 960 2849 simoniacos
982 2767 1171 2849 inflictas
1198 2765 1371 2850 Nullum
1393 2769 1471 2876 igi-

296 2906 365 2981 tur
385 2899 559 2979 dubium
580 2907 657 3001 est,
677 2901 785 3007 quod
809 2925 880 3008 per
908 2901 1083 2982 Constit.
1109 2901 1371 3012 Apostolieoe
1398 2901 1471 2982 Se·

298 3031 362 3113 dis
391 3031 689 3115 confimnanlur
726 3057 925 3114 censurae
957 3059 982 3114 a
1010 3033 1252 3115 Tridentino
1283 3059 1473 3146 expresse

299 3172 336 3245 et
366 3165 519 3247 directe
548 3165 739 3247 inflictae.

385 3299 442 3380 At
458 3299 556 3408 quid
571 3300 791 3381 dicendum
814 3299 864 3379 de
885 3301 1087 3400 censuris,
1113 3325 1217 3408 quas
1239 3301 1348 3381 idem
1368 3299 1477 3380 Con-

299 3431 441 3514 cilium
471 3433 758 3516 Tridentinum
792 3457 872 3513 non
904 3457 1110 3540 expresse,
1135 3434 1206 3514 sed
1232 3433 1368 3514 verbis
1383 3439 1477 3512 lan-

298 3566 514 3645 tummodo
530 3565 808 3669 generalibus,
833 3591 909 3646 seu
930 3564 1159 3648 invocando
1176 3573 1334 3648 veteres
1350 3589 1476 3646 cano·

301 3721 375 3777 nes
406 3697 618 3777 decernite
640 3697 891 3780 Autbentica
909 3703 1126 3806 responsio
1162 3700 1347 3780 noudum
1383 3699 1479 3780 dala

301 3827 380 3909 luit
393 3859 404 3930 ;
428 3837 470 3910 at
492 3855 567 3910 nos
588 3837 784 3938 putamus
807 3831 1043 3939 hujusmodi
1076 3859 1274 3915 censuras
1295 3831 1337 3912 in
1358 3857 1480 3940 prae-

300 3961 386 4045 fata
413 3961 587 4047 Constit.
617 3965 879 4075 Apostolleae
898 3964 1017 4047 Sedis
1033 3965 1144 4048 haud
1166 3965 1474 4074 comprehendi,

300 4101 389 4176 tum
420 4097 531 4204 quia,
550 4097 587 4177 si
620 4097 755 4179 adbuc
787 4099 970 4205 vigerent
1001 4125 1201 4180 censurae
1231 4125 1392 4200 omneS,
1427 4099 1477 4179 ad

302 4251 406 4334 ques
447 4229 677 4312 Concilium
717 4232 1005 4313 Tridentinum
1047 4233 1185 4314 verbis
1215 4231 1479 4340 generalibus

301 4385 393 4441 sesa
423 4360 560 4462 refert,
593 4389 670 4443 nec
699 4374 849 4463 certus
887 4391 961 4447 nec
997 4365 1295 4448 determinatus
1330 4391 1479 4448 censu-
