3136 5138
339 446 401 507 124
618 458 911 511 PRAELEGTIONES
934 457 1028 510 JURIS
1052 457 1222 510 canonici

339 589 505 698 naptiis.
540 587 628 666 Has
668 595 752 668 tam
792 589 996 695 sapientes
1035 585 1373 695 praescriptiones
1411 611 1489 664 res-

342 722 565 828 pondentes
590 721 774 828 justitiae
814 749 977 802 morum
1017 720 1277 830 publicorum
1318 717 1490 798 Ecclesia

341 855 614 954 canonizavit,
649 865 689 936 et
718 855 813 936 hinc
842 855 1180 963 impedimentum
1210 851 1398 961 publicae
1426 850 1492 930 ho·

343 989 515 1070 nestatis
545 990 675 1070 evasit
710 989 1050 1090 ecclesiasticum,
1093 996 1215 1096 prout
1252 993 1411 1068 constat
1446 1009 1490 1062 ex

340 1151 433 1203 aran.
468 1126 521 1202 14
546 1131 583 1202 ct
613 1127 663 1204 15
690 1151 799 1205 caas.
830 1125 885 1205 27
912 1132 1066 1232 quaest.
1096 1124 1181 1203 2in
1199 1125 1372 1204 Dcarcto
1391 1123 1490 1201 Gra·

341 1257 463 1354 ciani,
483 1264 523 1335 et
540 1281 630 1366 cap.
651 1285 718 1336 aa.
740 1255 790 1336 de
804 1257 982 1367 sponsal.
1004 1259 1046 1336 in
1067 1255 1138 1356 VI,
1157 1265 1197 1336 et
1217 1282 1307 1365 cap.
1329 1251 1420 1333 daie
1433 1251 1493 1331 cle-

340 1397 520 1499 sponsat.
548 1389 695 1498 impab.
721 1389 784 1468 Ex
805 1388 956 1496 quibus
977 1387 1231 1495 dignoscitur
1251 1413 1376 1494 quam
1397 1383 1492 1464 male

345 1523 619 1632 prospiciatur
649 1522 767 1603 hodie
798 1523 984 1630 publicae
1014 1522 1216 1604 honestati
1255 1546 1431 1619 morum,
1462 1517 1491 1597 si

344 1657 420 1738 hoc
450 1656 803 1764 impedimentum,
837 1651 945 1764 quod
966 1655 1007 1735 in
1029 1655 1190 1736 ethnica
1209 1655 1404 1735 societate
1418 1677 1494 1732 ser-

343 1793 533 1890 vabatur,
552 1789 672 1871 hodie
689 1791 731 1869 in
747 1789 967 1871 Codicibus
984 1790 1122 1896 legum
1138 1787 1383 1870 societatum
1398 1783 1493 1868 chri-

341 1925 572 2004 stianarum
602 1923 819 2032 disparuit,
854 1924 895 2002 in
926 1923 1077 2030 quibus
1107 1949 1188 2014 non
1219 1921 1395 2003 habetur
1420 1917 1493 1999 ulla

341 2061 444 2141 ratio
476 2085 551 2139 nec
582 2065 884 2139 contractorum
915 2056 1171 2164 sponsalium
1198 2081 1273 2136 nee
1294 2053 1494 2136 matrimo-

343 2193 399 2272 nii
430 2192 505 2273 rati
537 2191 645 2272 circa
674 2191 783 2271 hunc
814 2201 1059 2300 respectum.
1095 2190 1214 2284 Quod
1237 2188 1493 2297 impedimen·

340 2335 429 2406 tum
460 2332 597 2406 ortum
628 2351 677 2406 ex
706 2326 971 2433 sponsalibus
1001 2353 1050 2407 ex
1075 2325 1168 2432 jure
1199 2323 1369 2440 antiquo
1408 2319 1492 2403 diri·

343 2458 480 2537 mebat
510 2457 819 2539 matrimonium
849 2459 1062 2567 usquead
1102 2466 1293 2566 quartum
1332 2480 1496 2538 consan-

341 2587 554 2694 guinitatis
585 2591 775 2695 gradum,
810 2601 855 2671 ut
886 2599 1028 2672 notant
1057 2591 1255 2672 Doctores
1286 2589 1330 2669 in
1361 2588 1493 2699 capt

342 2725 391 2802 ‹lc
419 2723 617 2832 sponsat,
661 2723 822 2803 etiamsi
862 2723 1071 2832 sponsalia
1112 2723 1286 2804 luissent
1328 2719 1497 2802 invalida

346 2855 569 2935 dummodo
601 2855 837 2937 invaliditas
867 2883 950 2937 non
980 2865 1088 2938 esset
1117 2883 1168 2938 ex
1208 2856 1370 2938 delectu
1410 2877 1498 2936 con-

340 3013 491 3070 sensus
522 3016 573 3069 ex
592 2975 695 3100 cap.
725 2993 832 3072 anic.
863 2991 912 3071 dc
936 2992 1115 3102 sponsal.
1142 2993 1184 3070 in
1210 2991 1280 3072 VI.
1307 2991 1365 3072 At
1384 2985 1495 3069 hodie

343 3131 435 3229 post
460 3121 687 3203 Concilium
712 3123 1000 3206 Tridentinum
1024 3151 1119 3205 sess.
1150 3127 1206 3204 24
1222 3151 1312 3235 cap.
1337 3123 1497 3204 eaere-

331 3258 469 3366 form.
503 3259 758 3338 rnatrirnonii
787 3284 868 3340 non
898 3259 1030 3340 oritur
1059 3259 1138 3340 nisi
1169 3286 1223 3339 aa
1251 3255 1496 3369 sponsalibus

345 3390 492 3471 caelidis
513 3399 549 3470 et
569 3391 763 3471 absolutis
785 3391 834 3470 de
844 3392 1011 3501 salaro,
1037 3400 1077 3473 et
1105 3401 1204 3473 tunc
1235 3391 1390 3472 dirimit
1408 3413 1498 3471 con·

342 3523 587 3604 trahendum
608 3523 847 3631 conjugium
868 3525 920 3605 ad
933 3525 1117 3635 primam
1137 3520 1496 3633 consanguinitatis

340 3655 531 3761 praciam.
566 3655 655 3737 Hoc
685 3657 969 3738 tantummodo
1000 3657 1295 3739 advertendum
1325 3663 1402 3757 est,
1425 3653 1497 3734 im-

341 3789 621 3896 pedimentum
651 3789 841 3898 publicae
870 3789 1096 3874 honestatis
1126 3791 1222 3872 oriri
1254 3817 1307 3898 ex
1332 3813 1498 3899 sponsa·

341 3923 450 4004 libus
482 3949 642 4032 quoquc
672 3924 859 4007 occultis.
895 3925 1095 4020 Quamvis
1126 3926 1234 4006 enim
1266 3951 1349 4006 non
1370 3919 1497 4005 desint

340 4057 553 4158 DoctoreS,
587 4084 691 4165 quos
720 4059 819 4140 citat
852 4059 1041 4141 Pitonius
1081 4061 1196 4140 Dise.
1243 4060 1399 4140 Eccles.
1446 4055 1494 4134 52

339 4217 449 4269 riam.
476 4191 546 4289 96,
570 4190 639 4298 qui
670 4191 919 4273 contrarium
951 4199 1157 4291 tueantur,
1194 4199 1331 4273 tamen
1361 4183 1496 4300 praxis

342 4321 531 4403 Romana
551 4321 662 4402 aliud
683 4323 851 4404 omnino
871 4329 995 4424 tenet,
1015 4331 1055 4404 et
1070 4322 1171 4405 haec
1187 4329 1249 4404 est
1265 4321 1367 4432 ipsis
1382 4342 1497 4431 prae·
1564 4315 1565 4360 l

341 4455 521 4558 ferenda,
554 4456 662 4538 sieut
692 4456 734 4538 in
763 4457 957 4538 omnibus
989 4455 1081 4538 aliis
1101 4458 1412 4567 quaestionibus
1431 4453 1498 4535 de-
