3356 5118
1051 3 1056 21 ι
1171 23 1176 34 ¹
1193 6 1200 11 -.
1219 8 1222 11 -
1243 8 1276 43 ξ’.
1291 8 1652 318 ,γ’-Νη

1368 50 1376 73 i
1405 67 1414 76 ,,

334 441 401 508 314
639 459 909 532 rnnnnncrrouus
932 459 1023 507 sums
1048 457 1208 505 cruorum

334 585 525 666 nistranti
557 587 599 666 in
641 585 785 667 ordine
817 613 899 666 non
939 592 1148 692 suscepte,
1189 609 1271 664 non
1312 583 1539 668 incurrere

334 720 438 801 satis
469 717 578 802 clara
609 720 761 802 indicat
792 717 958 801 rubrica
989 719 1220 828 praesentis
1257 718 1379 821 tituli,
1413 746 1538 828 quae

331 854 515 964 loquitur
544 855 593 936 de
625 855 714 937 solo
736 855 885 937 clerico
906 881 988 935 non
1019 853 1208 935 ordinato
1240 853 1531 937 ministrante.
1650 843 1652 924 l

216 1087 219 1094 Ι
331 991 393 1071 lta
423 990 492 1070 cit.
528 991 688 1070 Auctor
717 1019 759 1070 n.
794 994 872 1090 22,
907 997 944 1068 et
974 993 1051 1074 23.

391 1121 532 1202 Posito
566 1122 705 1230 itaque
737 1123 846 1230 quod
874 1121 1159 1230 irregularitas
1190 1121 1428 1202 incurratur
1450 1151 1534 1231 per

333 1281 459 1335 usum
482 1256 747 1336 temerarium
773 1255 967 1337 ordinum
990 1282 1072 1336 non
1093 1262 1400 1362 susceptorum,
1425 1258 1532 1364 quis

331 1389 384 1468 ab
416 1415 466 1470 ea
496 1389 736 1497 dispensare
758 1389 919 1498 poterit,
945 1397 984 1470 et
1015 1395 1261 1498 potestatem
1292 1391 1528 1472 concedere

331 1523 585 1632 suscipiendi
634 1523 843 1604 Ordines?
881 1521 1023 1630 'Resp
1073 1523 1415 1630 distinguendum
1457 1533 1524 1606 est

329 1656 434 1766 inter
460 1657 530 1763 jus
552 1656 785 1764 antiquum,
812 1666 852 1738 et
870 1657 940 1764 jus
961 1683 1127 1738 novum
1157 1683 1183 1737 a
1213 1655 1397 1737 Concilio
1423 1655 1523 1736 Tri-

329 1789 494 1871 dentino
522 1790 819 1872 introductum.
845 1793 949 1872 Jure
969 1793 1138 1899 antiquo
1160 1789 1432 1872 decretalium
1456 1792 1522 1872 di·

329 1949 527 2030 spensare
552 1931 711 2031 poterat
731 1928 847 2008 solus
868 1926 1073 2024 Pontifex,
1098 1951 1174 2006 ceu
1189 1931 1309 2042 patet
1330 1950 1382 2005 ex
1407 1926 1519 2036 Cap.

331 2057 435 2137 Cum
466 2061 625 2140 aeterni
654 2061 694 2152 1,
720 2087 829 2143 cers.
854 2063 1031 2142 sciturus
1061 2059 1111 2139 cle
1140 2059 1252 2139 Sent.
1290 2067 1326 2140 ct
1359 2059 1514 2166 rejud.

252 2259 256 2268 .
330 2192 372 2270 in
404 2197 448 2274 6.
483 2193 583 2276 Jure
613 2221 710 2276 vero
730 2175 837 2279 novo
861 2193 1091 2278 Tridentini
1122 2218 1219 2274 sess.
1244 2193 1324 2285 24,
1349 2219 1440 2304 cap.
1467 2201 1516 2293 6,

1650 777 1652 798 ι

1650 815 1652 842 l

326 2326 375 2406 de
406 2327 642 2435 Reformut.
677 2329 923 2437 dispensare
954 2329 1103 2438 poterit
1133 2327 1256 2409 etiarn
1278 2326 1514 2434 Episcopus
1651 2421 1652 2442 ι

329 2457 372 2537 in
402 2457 481 2539 hoc
511 2459 672 2563 delicto,
707 2463 933 2543 dummodo
965 2462 1100 2543 adhuc
1130 2458 1339 2542 occultum
1367 2457 1510 2538 luerit.

323 2593 385 2673 Ita
414 2591 691 2676 Reiffenstuel
722 2595 764 2676 h.
799 2603 828 2676 t.
864 2625 906 2677 n.
942 2597 1013 2696 16,
1048 2595 1214 2701 aliique.

706 2989 946 3074 TITULUS
977 2993 1138 3074 XXIX.

524 3263 589 3342 De
622 3261 783 3342 Clerico
807 3289 888 3371 per
916 3261 1072 3342 saltum
1098 3271 1306 3372 promoto,

376 3527 496 3610 Circa
534 3529 700 3610 ordines
741 3530 866 3611 etiam
907 3531 1155 3640 delinquunt
1197 3531 1266 3640 qui
1309 3558 1406 3632 uno,
1440 3533 1509 3613 vel

317 3661 507 3767 pluribus
546 3662 762 3744 ordinibus
802 3665 1122 3772 praetermissis
1160 3665 1212 3745 ad
1245 3665 1505 3773 superiorem

317 3794 560 3876 ascendunt.
595 3797 685 3878 Hac
716 3797 767 3878 de
793 3824 837 3878 re
858 3799 907 3878 B.
934 3799 1215 3907 Raymundus
1244 3807 1507 3908 praesentem
1645 3897 1646 3925 Ν

317 3913 498 4008 annectit
527 3927 711 4012 titulum.

375 4060 578 4143 Ordinum
618 4065 826 4172 susceptio
858 4075 921 4147 est
957 4065 1164 4147 ordinatio
1205 4066 1410 4173 gradatim
1443 4067 1509 4146 l·-
1644 4147 1645 4155 a

315 4194 480 4276 cienda:
513 4224 610 4279 narn
641 4197 750 4279 sicut
781 4207 949 4299 natura,
975 4199 1032 4281 ita
1064 4209 1104 4282 et
1134 4201 1323 4282 Ecclesia
1353 4200 1503 4299 voluit,

315 4331 361 4405 ut
381 4351 408 4405 a
436 4329 623 4411 minimis
645 4331 808 4413 initium
831 4341 1063 4442 caperetur,
1090 4341 1130 4416 et
1150 4336 1201 4415 ab
1234 4333 1503 4415 inferioribus
1643 4341 1644 4383 l

312 4459 527 4542 ordinibus
557 4474 880 4574 persequentes
910 4467 1079 4549 ordines
1116 4469 1318 4550 transitus
1351 4467 1403 4549 ad
1435 4493 1507 4549 or·
1642 4493 1643 4574 3
