3356 5118
319 377 385 446 376
620 373 891 442 enmnuoncnus
914 393 1006 439 Junrs
1029 391 1184 438 onnoruor

315 515 1502 632 jurisdictioneprivatur.ItaSchmalzgrueberh.t.n.85,

320 665 357 736 et
385 680 549 763 sequen.

408 788 527 881 Quod
545 786 579 866 si
596 812 772 868 censura
792 809 873 866 non
894 785 1145 895 specialiter,
1163 783 1235 864 sed
1250 783 1506 892 generaliter

320 924 373 1003 ab
404 921 571 1002 homine
603 920 725 1001 tuerit
760 919 854 1018 lata,
882 927 981 1000 tunc
1001 945 1146 1000 omnes
1167 916 1380 998 absolvere
1401 933 1503 1024 pos-

308 1063 435 1149 sunt,
470 1055 537 1162 qui
570 1059 745 1160 possunt
775 1079 800 1133 a
830 1079 1006 1133 censura
1036 1051 1119 1132 lata
1154 1077 1180 1131 a
1195 1051 1304 1159 jure,
1328 1049 1427 1160 quia
1449 1077 1501 1132 ex

322 1189 581 1271 absolutione
612 1188 737 1295 hujus
759 1185 958 1269 censurae
981 1187 1033 1268 ab
1055 1187 1147 1267 aliis
1169 1186 1370 1267 Praelatis
1388 1185 1498 1268 facta

322 1353 403 1407 non
425 1324 690 1432 perturbatur
710 1321 888 1404 tribunal
901 1323 1056 1430 judicis
1072 1321 1240 1402 terentis
1256 1345 1495 1420 censuram,

320 1484 415 1540 cum
448 1483 544 1538 reus
576 1483 658 1536 non
692 1455 814 1538 tuerit
844 1455 1086 1568 nominatim
1122 1454 1286 1535 citatus
1322 1453 1368 1534 Si
1400 1480 1500 1534 vero

320 1617 498 1674 censura
538 1598 599 1672 est
640 1589 799 1698 ajure‚
833 1590 939 1696 lege,
972 1589 1035 1670 vel
1067 1595 1221 1670 statuto
1252 1587 1499 1694 generaliter

320 1727 419 1826 lata,
453 1733 551 1805 tunc
584 1723 730 1805 iterum
763 1723 1102 1829 distinguendum
1133 1727 1307 1830 oportet,
1341 1721 1406 1802 vel
1435 1727 1501 1802 est

322 1864 547 1956 reseruata,
583 1856 645 1936 vel
667 1883 748 1937 non
770 1865 832 1938 est
854 1865 1077 1938 reseruata.
1103 1856 1145 1936 Si
1171 1854 1368 1962 primum,
1392 1853 1502 1935 idest

320 1994 356 2072 si
389 1999 452 2072 est
482 1995 703 2092 reservata,
736 1997 835 2072 tuno
866 2018 947 2072 non
979 1999 1112 2100 potest
1127 1989 1227 2084 tolli,
1254 1990 1332 2069 nisi
1356 2017 1382 2070 a
1402 2015 1502 2070 con-

320 2127 449 2210 ditore
481 2124 676 2226 Canonis,
711 2125 773 2206 vel
805 2126 857 2206 ab
889 2151 953 2224 ec,
988 2125 1054 2206 cui
1086 2125 1174 2232 ipse
1205 2123 1362 2205 dederit
1383 2133 1502 2231 pote-

320 2267 469 2341 statem
501 2259 553 2339 ad
585 2259 788 2340 monitum
823 2260 927 2370 Cap.
953 2257 1047 2340 912.
1082 2267 1111 2338 t.
1142 2257 1186 2338 Si
1220 2283 1316 2338 vero
1347 2283 1500 2338 secun-

320 2393 437 2490 dum,
456 2391 562 2473 idest
578 2391 612 2471 si
635 2419 812 2474 censura
829 2419 910 2474 non
928 2392 1050 2474 fuerit
1071 2400 1297 2492 reservata,
1316 2399 1414 2472 tunc
1431 2415 1497 2469 re·

321 2527 454 2607 taxari
472 2534 606 2635 potest
622 2553 646 2606 a
662 2526 850 2608 Praelato
868 2526 1032 2634 proprio
1050 2527 1227 2608 habente
1242 2523 1496 2633 jurisdictio-

321 2687 415 2741 nem
432 2661 472 2740 in
492 2661 579 2740 toro
596 2665 780 2758 externo,
797 2664 880 2739 imo
896 2657 1020 2739 etiam
1038 2686 1064 2739 a
1080 2659 1244 2767 proprio
1257 2656 1495 2758 Sacerdote,

320 2819 395 2876 seu
436 2793 713 2893 ConfessariO,
747 2819 823 2874 ceu
865 2794 982 2875 docet
1016 2795 1119 2905 Cap.
1153 2798 1214 2876 29
1249 2792 1289 2873 h.
1326 2801 1357 2872 t.
1543 2781 1551 2798 ’

408 2924 647 3007 Notandum
679 2932 816 3008 tamen
847 2926 938 3008 heic
969 2927 1160 3026 occurrit,
1188 2928 1296 3035 quod
1329 2954 1382 3007 ex
1404 2951 1499 3033 spe-

320 3061 412 3142 ciali
435 3068 636 3168 potestate
657 3069 831 3170 possunt
863 3063 1076 3144 absolvere
1098 3064 1150 3143 ab
1171 3061 1368 3144 omnibus
1400 3087 1499 3142 cen-

318 3197 445 3296 suris,
470 3203 511 3276 et
531 3195 708 3303 peccatis
739 3195 925 3298 occultis,
950 3207 989 3278 et
1020 3198 1070 3279 ad
1103 3195 1239 3277 sorum
1270 3195 1500 3278 contentio-

319 3355 415 3410 sum
447 3356 529 3411 non
548 3329 751 3412 deductis
782 3332 906 3414 etiam
937 3330 1033 3412 Sedi
1064 3329 1328 3440 Apostolicae
1358 3355 1495 3411 reser-

322 3463 426 3545 vatis
462 3467 520 3544 l.⁰
535 3463 726 3572 Episcopi
749 3492 800 3547 ex
832 3465 1044 3573 privilegio
1076 3465 1123 3548 C.
1149 3465 1264 3547 Trid.
1289 3489 1386 3547 sess.
1410 3465 1493 3556 24,

320 3623 411 3706 cup.
437 3603 465 3676 6
483 3597 532 3677 de
548 3597 784 3706 Reformat.
810 3599 896 3680 sive
913 3625 1060 3706 perse,
1080 3598 1167 3680 sive
1185 3625 1256 3706 per
1278 3596 1495 3680 Vicerium

319 3729 838 3840 specialiterdeputatum.
873 3737 936 3816 2.⁰
951 3733 1181 3841 Regulares
1204 3733 1245 3812 in
1267 3729 1497 3840 privilegiis

320 3863 687 3966 communicantes
707 3883 753 3948 ut
771 3868 937 3948 tradunt
952 3866 1042 3947 DD.
1063 3866 1340 3974 Excipiuntur
1354 3873 1496 3946 tamen

319 4023 442 4079 casus
478 3997 629 4079 Butlue
662 4001 839 4092 Caenea,
875 4028 899 4081 a
929 4001 1081 4110 quibus
1112 4009 1321 4108 nequeunt
1357 3995 1500 4080 absol·

318 4157 432 4230 rere,
458 4131 536 4213 nisi
568 4134 735 4242 speciali
766 4136 1029 4217 concessione
1060 4162 1185 4243 super
1210 4133 1311 4242 ipsis
1342 4130 1495 4215 muniti

319 4262 487 4350 suerint.

408 4397 623 4482 Caeterum
656 4403 695 4483 in
729 4405 901 4488 articulo
932 4405 1076 4486 mortis
1098 4403 1267 4512 quilibet
1289 4400 1497 4484 Sacerdos
