3388 5136
332 295 375 359 52
640 314 908 360 nasammonas
932 314 1024 360 rurus
1046 314 1201 360 canorum

332 440 469 520 solum
501 441 551 519 ad
585 439 719 546 ipsum
746 441 1087 540 convincendum,
1113 441 1184 520 sed
1208 449 1248 521 et
1268 441 1317 520 ad
1345 441 1507 548 judices

332 575 566 681 superiores
612 575 935 682 persuadendos,
971 573 1077 654 Nam
1111 575 1203 655 licet
1240 573 1432 684 Episcopi
1465 578 1507 658 in

219 687 223 696 ⁴
332 707 415 786 vim
449 707 618 813 praelati
651 707 798 814 capitis
832 713 856 788 1
888 733 983 788 sess.
1009 711 1082 787 14.
1104 706 1258 789 Concil.
1293 709 1409 791 Trid.
1436 739 1509 792 va-

333 839 443 919 leant
459 841 615 947 absque
641 841 818 948 juridico
849 868 1046 948 processu
1078 867 1390 948 nonnumquam
1415 871 1508 952 pro-

333 975 544 1075 nunciare,
570 1001 622 1054 ex
644 975 721 1055 hoc
741 983 878 1055 tamen
900 1001 981 1055 non
1002 977 1189 1081 sequitur
1209 974 1249 1054 id
1273 1002 1344 1056 eos
1366 1004 1503 1084 posse,

334 1115 554 1214 antequam
587 1109 687 1216 ipsis
718 1115 827 1190 certo
861 1108 953 1213 (seu
985 1135 1036 1188 ex
1070 1107 1370 1190 sufficientibus
1416 1137 1509 1217 pro-

335 1240 589 1346 bationibus)
621 1249 778 1323 constet
793 1243 842 1323 dc
865 1241 1011 1323 delicto
1042 1241 1202 1341 Clerici,
1222 1251 1366 1322 contra
1387 1271 1509 1350 quem

333 1377 552 1483 suspensio
585 1403 634 1456 ex
668 1377 888 1457 inlorrnata
919 1375 1171 1456 conscientia
1202 1378 1507 1482 pronuntiatur,

334 1509 406 1589 sed
437 1511 625 1616 sequitur
655 1520 831 1610 tantum,
865 1537 946 1590 non
984 1510 1135 1616 requiri
1170 1524 1215 1590 ut
1245 1511 1511 1617 probationes

337 1643 387 1722 de
409 1643 554 1724 delicto
585 1643 668 1724 sint
693 1644 908 1750 juridicae,
935 1672 1009 1724 scu
1045 1643 1084 1723 in
1112 1643 1289 1750 juridico
1311 1673 1508 1752 processu

336 1778 541 1858 obtentae.
1338 1759 1341 1764 ⁵

423 1912 512 1994 Hac
543 1912 592 1991 de
624 1938 666 1991 re
698 1918 872 2018 possunt
908 1910 1072 2018 quidem
1107 1911 1295 2019 Episcopi
1327 1938 1377 1990 ex
1410 1939 1506 2019 pro·

342 2045 578 2125 bationibus
595 2043 958 2151 cxtrajudicialiter
989 2044 1168 2126 obtentis
1195 2044 1513 2150 suspensionem

340 2177 502 2278 inferre,
547 2179 619 2258 sed
651 2177 914 2285 probationes
946 2177 1039 2257 illae
1080 2177 1181 2258 tales
1222 2204 1313 2256 esse
1344 2177 1508 2277 debent,

336 2339 443 2418 quae
490 2313 592 2419 ipsis
638 2312 868 2419 Episcopis,
903 2312 1077 2418 aliisque
1123 2311 1316 2392 delictum
1353 2319 1511 2392 certum

341 2444 507 2545 iaciant,
542 2451 662 2551 prout
692 2471 745 2522 ex
776 2445 864 2550 ipso
906 2444 1013 2550 juris
1046 2443 1246 2525 naturalis
1292 2445 1513 2525 dictamine

340 2584 463 2683 patet.
499 2577 551 2656 Et
580 2578 725 2657 merito
763 2577 943 2683 quidem.
978 2577 1175 2684 Alioquin
1207 2576 1316 2657 enim
1358 2577 1515 2657 absone

340 2720 497 2820 pateret
526 2738 741 2791 recursus:
765 2711 967 2818 siquidem
1000 2738 1195 2793 recursus
1228 2711 1295 2791 ille
1326 2711 1448 2792 datur
1469 2719 1515 2790 ut

338 2845 553 2945 sententia,
578 2846 613 2924 si
647 2845 748 2925 lorte
779 2846 933 2952 injusta
962 2847 1029 2946 sit,
1056 2845 1327 2946 rescindatur,
1353 2871 1400 2927 ac
1421 2871 1516 2952 pro-

338 2978 431 3060 inde
463 2979 507 3060 S.
543 2978 815 3086 Congregatio
847 2979 1016 3060 Concilii
1052 2981 1276 3087 (adquam
1309 2979 1515 3060 ordinarie

338 3113 539 3219 ejusmodi
572 3139 765 3194 recursus
797 3139 823 3192 a
852 3115 958 3194 Sede
991 3113 1230 3221 Apostolica
1250 3113 1516 3194 committun-

339 3249 423 3354 tur)
451 3247 638 3354 judicare
669 3249 801 3348 debet,
822 3275 873 3328 an
896 3247 1082 3329 Clericus
1104 3275 1335 3355 suspensus
1367 3248 1420 3328 sit
1441 3273 1516 3328 nec

339 3410 389 3462 ne
420 3382 639 3464 innocens:
658 3410 739 3463 uon
770 3390 903 3490 potest
934 3391 1070 3464 autem
1089 3381 1275 3489 judicare
1308 3381 1421 3461 illum
1446 3381 1518 3461 de-

338 3517 509 3621 liquisse
540 3543 592 3595 ex
614 3517 941 3622 probationibus,
962 3543 1067 3624 quae
1088 3515 1165 3597 soli
1189 3515 1408 3624 Episcopo,
1434 3541 1516 3596 uon

339 3656 477 3730 antem
509 3649 586 3729 sibi
620 3649 812 3730 delictum
847 3652 1033 3758 probent.
1067 3651 1204 3759 Atque
1235 3651 1289 3749 id,
1327 3650 1517 3757 quamvis

339 3809 410 3890 per
441 3809 485 3864 se
516 3789 665 3890 pateat,
703 3791 945 3864 annotatum
991 3793 1126 3865 tamen
1160 3783 1386 3884 voluimus,
1421 3783 1517 3890 quia

339 3917 472 3997 estin
504 3917 707 4023 praesenti
740 3917 913 3998 materia
942 3917 1061 3998 valde
1092 3917 1400 3999 attendendum.

426 4052 724 4134 Verumtamen
746 4077 796 4134 ex
817 4052 894 4133 hoc
917 4052 1087 4133 minime
1118 4051 1257 4132 inferri
1289 4051 1421 4148 debet,
1455 4049 1517 4127 in-

338 4184 511 4265 trinsece
543 4186 739 4292 injustam
761 4188 846 4268 sore
867 4188 1129 4288 senteutiam,
1149 4186 1183 4267 si
1211 4184 1442 4292 Episcopus
1464 4211 1514 4264 ex

340 4317 668 4422 probationibus
702 4347 807 4429 quae
839 4321 973 4429 quoad
1005 4320 1143 4428 ipsum
1175 4320 1392 4400 dumtaxat
1421 4343 1516 4426 pro-
