3178 5134
566 425 673 476 mann
695 425 742 477 rr.
767 441 786 456 -
809 421 947 473 raucus
970 424 1040 474 xix.
1230 388 1235 402 '
1326 407 1389 472 295

227 525 489 634 »cbristiana
509 551 598 658 ejus
618 529 810 658 perfectio
833 549 1116 657 absolutioque
1137 551 1379 632 continetur.
1429 558 1437 578 ⁸

224 686 372 766 »Nam
402 685 532 792 primo
563 683 728 792 quidem
758 682 930 790 nuptiali
962 683 1146 764 societati
1178 683 1381 764 excelsius

227 819 460 927 »quiddam
482 824 521 899 et
541 815 720 897 nobilius
740 816 997 925 propositum
1018 823 1093 916 est,
1120 842 1244 924 quam
1265 827 1385 900 antea

228 953 428 1053 »missen
462 977 511 1031 ea
541 949 651 1030 enim
691 959 874 1057 spectare
910 949 1030 1056 jussa
1060 957 1121 1030 est
1151 977 1232 1030 non
1264 953 1385 1032 modo

229 1088 317 1168 »ad
340 1085 651 1194 propagandum
682 1111 813 1190 genus
833 1083 1077 1184 humanum,
1102 1085 1174 1164 sed
1201 1085 1252 1166 ad
1274 1086 1388 1192 inge·
1490 1115 1496 1122 ·

230 1257 248 1294 »
269 1221 493 1302 nerandam
530 1218 738 1298 Ecclesiae
778 1218 976 1318 sobolem,
1011 1221 1113 1298 cloes
1143 1220 1388 1300 Sanctorum

230 1362 306 1434 »et
336 1353 570 1434 domesticos
591 1353 687 1448 Dei;
716 1357 758 1430 at
789 1350 984 1430 nimirum
1009 1351 1185 1460 popalus
1216 1352 1273 1432 ad
1304 1357 1389 1434 cori

232 1488 351 1566 »Dei
376 1493 412 1564 et
432 1485 662 1566 Sulcatoris
693 1486 823 1564 nostri
857 1485 1014 1564 Christi
1043 1484 1193 1564 cultam
1224 1492 1260 1563 et
1291 1487 1388 1566 reli-

229 1654 247 1692 »
268 1623 426 1729 pionem
440 1626 732 1729 procrearetur
752 1626 872 1726 atque
889 1618 1144 1698 educaretur.
1161 1619 1388 1701 -Secundo

229 1753 355 1834 >loco
386 1779 465 1832 sua
479 1752 656 1858 ‘utrique
679 1751 902 1858 conjugum
929 1760 1028 1832 sunt
1047 1753 1181 1832 officia
1202 1753 1384 1855 definita,

229 1912 345 1968 »sua
362 1887 457 1992 jura
478 1887 633 1993 integre
655 1885 871 1992 descripta.
896 1886 979 1965 Eos
1010 1885 1164 1966 scilicet
1185 1887 1298 1994 ipsos
1319 1913 1389 1967 ne-

230 2054 247 2094 »
268 2048 381 2101 cesse
399 2027 461 2101 est
479 2019 539 2100 sic
560 2046 650 2099 esse
672 2021 808 2100 animo
829 2045 991 2128 semper
1012 2020 1194 2120 affectos
1215 2029 1260 2102 ut
1277 2047 1391 2102 amo·

231 2180 356 2234 »rem
389 2153 630 2252 maximum,
664 2160 918 2233 constantem
949 2153 1086 2253 fidem,
1111 2154 1256 2234 sollers
1286 2155 1391 2235 assi-

233 2289 481 2394 ›duumque
502 2286 750 2395 praesidium
773 2287 888 2368 alteri
910 2287 1082 2368 alterum
1104 2289 1251 2370 debere
1272 2291 1391 2372 intel-

235 2455 253 2498 »
274 2421 415 2528 ligant.
435 2467 455 2482 -
472 2421 547 2500 Vir
566 2428 628 2502 est
660 2419 837 2500 familiae
867 2421 1071 2529 princeps,
1096 2429 1135 2503 et
1157 2431 1280 2530 caput
1300 2451 1393 2506 mu-

235 2554 401 2654 »lieris3
425 2580 529 2661 quae
560 2561 714 2654 tamen,
738 2553 836 2661 quia
866 2581 960 2635 caro
987 2561 1049 2636 est
1069 2556 1118 2636 de
1140 2583 1261 2638 carne
1282 2558 1392 2639 illius

231 2695 310 2766 »et
330 2712 376 2766 os
398 2686 448 2766 de
469 2685 642 2788 ossibus¹
656 2686 760 2792 ejuS,
781 2687 1025 2794 subjiciatur
1046 2697 1267 2797 pereatque
1284 2692 1388 2793 viro,

232 2819 312 2898 »in
343 2845 500 2899 morem
530 2845 612 2898 non
643 2817 830 2919 ancillae,
864 2820 936 2900 sed
976 2820 1128 2921 sociae;
1163 2829 1208 2902 ut
1238 2822 1393 2904 scilicet

232 2985 250 3029 a
271 2953 527 3034 obedientiae
549 2953 768 3061 praestitae
790 2981 864 3034 nco
884 2951 1094 3054 honestas,
1107 2982 1193 3036 nec
1214 2955 1393 3062 dignitas

235 3086 397 3166 »absit
420 3087 465 3165 In
497 3111 544 3167 eo
578 3093 715 3166 autem
746 3085 815 3194 qui
847 3095 1022 3193 praeest,
1048 3087 1149 3167 etin
1180 3087 1258 3169 hac
1288 3114 1393 3194 quae

233 3254 251 3294 »
271 3230 397 3329 paret,
420 3247 515 3300 cum
538 3220 760 3326 imaginem
783 3228 952 3328 uterque
969 3219 1145 3300 referant
1162 3221 1263 3302 alter
1278 3220 1395 3300 Chri-

235 3387 252 3428 »
272 3355 340 3452 sti,
365 3353 493 3434 altera
514 3353 736 3455 Ecclesiae,
761 3353 900 3434 divina
920 3353 1069 3434 caritas
1091 3361 1177 3434 esto
1199 3363 1396 3462 perpetua

233 3487 523 3570 >moderatrix
554 3487 691 3569 officii.
717 3485 826 3568 Nam
857 3489 931 3568 cir·
952 3495 1073 3598 capnt
1103 3496 1160 3567 est
1190 3471 1389 3588 mulieris,

233 3623 374 3702 »sicat
409 3621 596 3701 Christus
627 3628 749 3731 capat
784 3627 840 3700 est
870 3622 1146 3704 Ecclesiae...
1181 3622 1263 3704 Sed
1291 3626 1396 3703 sicat

232 3789 249 3828 »
271 3755 457 3835 Ecclesia
472 3755 650 3862 sabjecta
668 3761 724 3834 est
744 3755 924 3856 Christo,
946 3757 1005 3835 ita
1027 3763 1063 3834 et
1087 3757 1274 3836 mulieres
1296 3759 1395 3837 ciris

227 3882 352 3970 »sum
386 3890 427 3967 in
458 3889 655 3970 omnibus.
675 3935 695 3948 -
711 3890 775 3970 Ad
797 3888 948 3970 liberos
980 3890 1088 3997 quod
1109 3889 1300 3996 pertinet,
1324 3919 1396 3971 su·

231 4056 249 4096 »
269 4021 388 4102 besse
404 4029 444 4102 et
460 4023 741 4130 obtemperare
759 4023 1013 4131 parantibus
1033 4023 1180 4131 hisque
1197 4023 1391 4105 honorem

234 4190 251 4232 ›
273 4156 465 4237 adhibere
482 4163 647 4265 propter
667 4155 957 4263 conscientiam
975 4157 1137 4258 debeut3
1157 4165 1196 4238 et
1212 4155 1394 4238 vicissim

236 4291 315 4371 »iu
336 4292 475 4372 liberis
505 4291 669 4373 tuendis
700 4300 820 4400 atque
842 4293 894 4374 ad
915 4292 1109 4373 virtutem
1130 4291 1394 4400 potissimum

235 4423 543 4506 »informandis
579 4451 723 4508 omncs
763 4434 982 4534 parentum
1021 4452 1142 4508 curas
1183 4425 1396 4534 cogitatio-
