3360 5126
310 375 377 442 ‘230
534 427 537 434 .
615 393 884 440 rnrmuorrorms
907 393 1004 440 cuais
1027 391 1183 439 canorum

310 520 592 628 nuncupatur)
625 527 688 600 est
717 519 827 626 quod
858 527 1002 599 contra
1031 517 1230 616 divinam,
1276 515 1338 595 vel
1370 524 1495 596 natu·
1643 571 1647 636 ξ

310 655 453 753 ralem,
489 652 552 731 vel
583 651 810 733 humanam
842 651 1024 758 aliquam
1051 651 1186 756 legem
1209 648 1492 755 prohibentem

310 788 464 886 enimc,
498 793 538 867 et
569 785 795 866 intentione
826 785 1039 866 occidendi
1071 781 1274 864 malitiose
1304 781 1364 862 fit.

395 917 679 999 Homicidium
710 917 789 998 hoo
821 917 1027 1010 illicitum,
1062 923 1102 997 et
1133 915 1315 997 dolosum
1352 914 1492 996 varias

309 1054 445 1134 adlruo
474 1053 554 1132 sub
583 1079 631 1132 se
661 1051 821 1158 specics
851 1049 990 1152 habet,
1025 1075 1128 1157 quas
1162 1047 1289 1130 videri
1316 1055 1493 1155 possunt

309 1215 435 1297 penes
466 1195 672 1268 auctores.

394 1321 677 1404 Homicidium
709 1322 878 1403 casuale
925 1319 1076 1429 pariter
1121 1318 1402 1400 subdividitur
1446 1319 1489 1399 in

308 1456 522 1567 culpabile,
557 1483 632 1536 scu
665 1455 888 1566 calamum,
923 1463 963 1536 et
992 1480 1103 1534 mere
1125 1453 1304 1545 caracle,
1329 1481 1404 1534 seu
1428 1455 1493 1534 in·

310 1592 531 1700 actuosum.
567 1589 773 1689 Primum,
819 1589 924 1670 idest
961 1587 1130 1669 casuale
1160 1587 1378 1695 culpabile,
1412 1615 1489 1670 seu

308 1723 525 1830 culposum
556 1721 657 1802 illud
689 1730 767 1823 est,
801 1723 911 1830 quod
942 1721 1108 1830 quidem
1134 1730 1293 1828 praeter
1324 1747 1490 1802 omnem

309 1857 579 1954 voluntatem,
614 1854 755 1962 aliqua
785 1863 922 1936 tamen
954 1853 1246 1936 interveniente
1277 1855 1400 1962 culpa
1423 1855 1483 1953 fit,

311 1995 356 2068 ut-
385 1987 421 2068 si
451 1986 545 2094 quis
576 1987 647 2068 dat
676 2013 846 2094 operam
877 1987 935 2068 rei
969 1986 1147 2085 illicitae,
1182 2013 1234 2066 ex
1265 2014 1347 2094 qua
1370 2013 1486 2068 mors

310 2120 480 2202 alterius
509 2120 722 2229 sequitur:
758 2123 833 2202 elsi
865 2124 917 2203 ad
940 2148 1032 2202 eam
1053 2123 1287 2202 evitandam
1309 2147 1488 2230 operans

307 2281 472 2337 omnem
519 2255 753 2337 adhibuerit
797 2255 1076 2363 diligentiam:
1123 2254 1185 2335 vel
1225 2255 1261 2334 si
1292 2255 1387 2362 quis
1416 2256 1487 2336 dat

306 2415 473 2495 operam
506 2389 562 2470 rai
595 2390 728 2470 licitae
758 2389 828 2472 tali
862 2415 955 2470 oum
979 2388 1243 2495 negligentia,
1268 2387 1488 2495 aulimpe·

308 2520 416 2624 ritia,
437 2529 483 2602 ut
499 2547 611 2602 mors
627 2521 776 2601 exinde
793 2521 963 2602 alterius
981 2519 1206 2628 proveniat.
1227 2521 1483 2621 Secundum,

307 2654 411 2736 idest
433 2681 543 2735 mere
565 2655 745 2746 casuale,
765 2682 839 2735 seu
858 2655 1110 2766 inculposum
1136 2654 1262 2762 (quod
1291 2653 1489 2762 propriis-

304 2788 409 2867 sime
437 2787 602 2866 casuale
632 2789 711 2894 est)
744 2787 907 2890 dicitur,
933 2792 1041 2897 quod
1063 2815 1234 2896 prorsus
1256 2788 1483 2896 inopinato,

305 2929 345 3000 et
376 2919 559 3020 lortuit0,
584 2920 748 3025 penitus
780 2922 893 3004 nulla
923 2923 1059 3032 culpa,
1084 2930 1124 3004 et
1154 2921 1266 3002 nullo
1298 2921 1393 3004 dolo
1424 2922 1489 3002 in-

304 3052 553 3134 terveniente
584 3054 799 3160 contingit.

389 3186 515 3266 Hisce
547 3185 692 3294 positis
734 3188 951 3269 videamus
982 3214 1187 3296 quaenam
1220 3215 1375 3296 poenae
1408 3189 1488 3269 im·

302 3319 460 3426 positae
490 3319 572 3400 sint
606 3325 658 3402 1⁰.
695 3321 916 3404 homicidio
949 3321 1180 3404 voluntario
1213 3311 1374 3424 illicito,
1408 3350 1485 3404 scu

303 3453 467 3559 injusto,
493 3455 563 3534 ubi
586 3457 636 3536 da
659 3456 811 3563 injusta
827 3456 1124 3557 vulneratione,
1144 3465 1184 3538 et
1205 3457 1478 3538 mutilatione.

301 3588 358 3666 2⁰.
383 3587 616 3668 Homicidio
648 3589 878 3672 voluntario
905 3592 1019 3699 juste
1046 3619 1094 3672 ac
1115 3591 1225 3672 licite
1256 3591 1481 3673 commisso

302 3717 544 3801 auctoritato
575 3721 756 3828 publica,
792 3725 855 3805 vel
888 3726 928 3805 in
962 3725 1069 3807 bello
1095 3725 1225 3832 justo.
1253 3727 1308 3807 3⁰.
1333 3725 1482 3803 Homi-

301 3849 407 3930 oidio
439 3854 594 3934 casuali
625 3861 704 3938 eto.
738 3861 797 3940 4⁰.
838 3859 1024 3939 Tandem
1066 3857 1220 3966 aliquid
1258 3858 1483 3939 innuamus

299 3985 348 4066 de
365 3988 510 4094 poenis
526 3987 754 4091 homicidii,
774 3997 813 4072 et
836 3991 1111 4074 mutilationis
1127 3993 1180 4073 ob
1202 3993 1482 4074 necessariam

298 4119 364 4199 sui
385 4121 677 4205 'defensionem
717 4124 865 4212 factae.
910 4125 1031 4220 Quod
1071 4127 1241 4234 majoris
1277 4126 1479 4209 claritatis

298 4251 430 4357 gratia
470 4255 512 4335 in
552 4267 764 4365 separatas
804 4261 1085 4369 paragraphos
1127 4261 1375 4343 dividemus.
1412 4261 1478 4344 Sit

300 4383 440 4492 itaquo
