3136 5138
339 362 403 424 190
628 369 919 423 ranucucrmxas
942 373 1036 423 JURls
1059 369 1224 422 onnomcr

346 531 442 602 non,
476 526 701 607 numquam
733 499 932 580 rationem
963 500 1114 580 habent
1144 499 1196 579 ad
1232 498 1493 606 ignorantiam

346 635 407 715 vel
439 633 651 714 scientiam
683 633 803 714 istius
833 632 1125 740 impedimenti,
1162 633 1233 712 sed
1264 639 1422 713 tantum
1451 658 1497 712 an

347 769 468 849 luerit
498 767 726 848 admissum
757 767 950 884 delictum
971 793 1066 847 cum
1088 765 1281 846 omnibus
1301 765 1499 873 requisitis

344 900 679 1000 circumstantiis,
713 901 822 1007 quod
862 900 1041 1008 profecto
1082 900 1152 980 dat
1180 899 1300 980 nobis
1341 925 1498 980 sensum

344 1043 528 1144 receptae
545 1033 647 1141 legis
653 1065 663 1135 3
684 1034 924 1141 praesertim
941 1034 975 1113 si
993 1034 1167 1116 addatur
1188 1033 1296 1141 quod
1313 1059 1497 1130 canoneS,

344 1173 414 1280 qui
445 1173 493 1252 de
524 1169 595 1252 tali
628 1169 855 1250 inducendo
887 1168 1177 1277 impedimento
1209 1177 1354 1276 agunt,
1389 1193 1500 1248 num·

345 1332 469 1414 quam
492 1304 642 1413 pariter
662 1303 882 1410 loquantur
902 1304 951 1383 de
972 1303 1232 1384 contumacia
1257 1328 1416 1401 eorum,
1438 1299 1498 1408 qui

345 1465 395 1519 ea
424 1437 597 1518 crimina
627 1435 862 1536 admittunt,
895 1436 968 1515 sed
1003 1435 1241 1543 simpliciter
1279 1458 1499 1515 sermonem

346 1569 523 1650 habeant
553 1569 602 1648 dc
633 1567 825 1648 admissis
855 1567 1112 1667 criminibuS,
1147 1594 1325 1674 quorum
1361 1567 1498 1648 intuitu

347 1705 398 1785 ad
431 1704 623 1784 tuendam
654 1703 913 1782 sanctitatem
944 1711 984 1783 et
1012 1702 1134 1782 fidem
1164 1701 1412 1782 matrimonii
1433 1701 1500 1780 Ec-

344 1837 471 1918 clesia
501 1836 577 1917 lroc
608 1837 762 1916 invexit
793 1837 975 1918 criminis
1002 1837 1356 1945 impedimentum.
1383 1835 1500 1942 Cujus

346 1971 485 2079 praxis
517 1969 661 2052 talium
685 1972 980 2078 Supremorum
1003 1971 1291 2076 Tribunalium
1324 1972 1501 2053 habenda

345 2113 407 2184 est
438 2130 462 2182 a
493 2103 666 2184 Doctore
698 2104 856 2210 privato
887 2105 1071 2184 maxima
1100 2103 1220 2205 rati03
1246 2105 1498 2214 nequeenim

345 2237 397 2315 ab
420 2237 510 2316 istis
532 2236 767 2316 conceditur
792 2236 1042 2344 dispensatio
1064 2237 1121 2318 od
1150 2239 1369 2338 cautelam,
1392 2245 1500 2346 prout

344 2379 407 2449 est
446 2396 569 2450 casus
609 2369 810 2474 allegatus
841 2395 865 2449 a
895 2370 1115 2452 Benedicto
1146 2371 1245 2448 XIV
1277 2372 1318 2451 in
1351 2350 1495 2478 quaest.

346 2531 489 2584 canon.
529 2505 608 2583 183
640 2532 748 2584 narni.
775 2506 829 2584 26
862 2513 897 2584 et
930 2507 1000 2605 27,
1034 2506 1106 2585 sed
1136 2506 1317 2586 obsolute
1349 2506 1499 2612 dispen-
1550 2499 1551 2549 l

346 2638 451 2717 satio
474 2637 526 2716 ab
551 2637 625 2717 lioc
647 2637 936 2744 impedimento
953 2639 1089 2738 datur3
1112 2639 1221 2746 quod
1237 2639 1341 2720 satis
1362 2639 1500 2719 indicat

346 2796 396 2850 ea
415 2771 659 2851 Tribunalia
689 2770 795 2851 nolle
826 2797 1117 2878 recognoscere
1149 2772 1498 2854 rationabilitatem
1549 2869 1550 2872 Ν

347 2905 577 3010 praedictae
608 2905 831 2986 sententiae
863 2906 1064 3013 negantis
1549 2889 1550 2928 ³

417 3103 421 3108 .
463 3041 524 3120 li.0
555 3040 641 3120 Etsi
674 3067 816 3120 verum
847 3041 915 3140 sit,
950 3041 1058 3147 quod
1096 3041 1259 3148 quando
1290 3047 1500 3145 utrumque

347 3171 500 3252 crimen
532 3173 759 3261 admissum
781 3180 857 3272 est,
883 3181 928 3254 ut
948 3172 988 3252 in
1010 3200 1120 3253 num.
1146 3175 1188 3272 4,
1214 3171 1384 3254 unicum
1415 3195 1501 3252 eon·
1548 3227 1549 3278 3

345 3307 489 3387 stituat
521 3306 875 3414 impedimentum;
899 3315 1035 3388 tamen
1066 3307 1100 3386 si
1133 3315 1173 3386 et
1202 3305 1449 3387 adulterium
1467 3309 1501 3381 et
1548 3299 1549 3321 ¹

346 3439 621 3519 uxoricidium
652 3465 752 3518 suas
783 3437 971 3546 proprias
1001 3437 1253 3520 conditiones
1289 3437 1499 3548 separatim

346 3568 539 3668 habeant,
560 3579 681 3676 prout
701 3599 810 3650 nient.
837 3574 920 3650 aa
944 3573 968 3650 3
991 3571 1201 3678 expositae
1220 3579 1333 3672 sunt,
1359 3569 1500 3676 duplex
1547 3659 1548 3674 ,

346 3701 526 3782 inferunt
557 3703 908 3809 impedimentum,
933 3713 973 3785 et
993 3705 1044 3783 ab
1077 3713 1250 3812 utroque
1280 3704 1399 3786 debet
1426 3697 1498 3810 peti
1547 3683 1548 3707 Ν

345 3831 611 3938 dispensatio,
636 3835 670 3914 si
700 3835 1008 3918 matrimonium
1029 3836 1125 3918 velit
1154 3836 1383 3943 legitimum
1414 3859 1501 3916 con·

345 3963 464 4044 trahi.
490 3966 556 4045 Ab
577 3965 654 4048 lroc
675 3977 811 4050 autem
834 3968 1124 4076 impedimento
1145 3970 1355 4078 dispensat
1374 3967 1498 4050 solum
1546 4019 1547 4076 p

344 4098 545 4180 Summus
577 4101 782 4203 Pontifex,
816 4103 885 4210 qui
918 4103 956 4185 id
987 4091 1192 4186 ordinario
1223 4104 1407 4186 concedit
1435 4123 1500 4208 per
1546 4085 1547 4093 Ν

345 4230 706 4316 poenitentiariam
747 4246 787 4316 et
827 4237 1038 4318 Datariam
1068 4239 1350 4346 Apostolicam
1388 4242 1499 4345 prout

345 4367 499 4449 crimen
522 4379 583 4450 est
614 4371 820 4452 occultum
844 4372 906 4452 vel
938 4373 1148 4481 publicum
1180 4374 1257 4455 nisi
1290 4369 1497 4482 aliquando
