3380 5132
4 1927 6 2008 l

507 372 614 424 niens
636 371 683 422 iv.
708 392 727 406 -
750 373 889 424 rrrunus
912 374 982 426 xxi.
1270 357 1339 421 347
1464 419 1466 430 .

165 507 267 589 titur
297 502 390 611 quis
420 497 608 616 transire,
642 500 721 581 nisi
751 513 888 583 certus
919 500 972 581 sit
1003 501 1052 580 de
1083 499 1202 608 primi
1235 525 1333 580 con-

162 615 267 749 jugii
298 617 560 734 resolutione,
584 642 646 714 est
674 634 783 716 enim
805 635 983 744 primum
1018 633 1257 741 conjugium
1278 635 1330 714 ad
1389 631 1390 635 ‘

167 775 270 856 alias
291 769 457 878 nuptias
478 766 679 848 ineundas
710 767 1048 876 impedimentum
1074 767 1181 874 juris
1201 765 1326 846 divini

168 903 346 1016 positivi,
371 910 495 1009 atque
517 901 686 1008 proinde
707 929 755 983 eo
777 928 859 982 non
880 901 1059 984 resoluto
1082 901 1144 979 las
1168 911 1334 982 nonest

170 1041 272 1124 alias
303 1035 469 1144 nuptias
500 1031 734 1136 conciliare,
758 1036 867 1144 quod
894 1035 998 1143 parti
1032 1043 1141 1116 certo
1171 1043 1330 1116 constet

169 1199 258 1283 cap.
271 1168 347 1250 212.
360 1175 418 1250 t.·
429 1167 474 1248 Si
492 1194 589 1274 ergo
605 1168 734 1248 altera
749 1195 845 1277 pars
862 1169 911 1249 de
927 1177 1057 1250 morte
1073 1167 1221 1276 prioris
1236 1194 1334 1249 con·-

165 1306 279 1415 jugis
298 1303 433 1384 adhuc
449 1301 525 1382 sibi
544 1302 753 1384 existimat
768 1301 1055 1402 dubitandum,
1070 1309 1109 1382 et
1125 1309 1264 1383 tamen
1281 1303 1332 1382 ad

169 1440 271 1520 alias
292 1439 460 1545 nuptias
481 1437 658 1543 migrare
690 1436 1025 1546 praesumpserit,
1050 1443 1148 1516 tunc
1168 1435 1204 1516 ei
1227 1435 1335 1544 quae

168 1571 246 1653 sibi
278 1569 418 1678 nupsit
448 1568 501 1676 (si
534 1595 583 1648 ca
613 1577 674 1650 ost
705 1569 747 1650 in
778 1568 1012 1676 bonafide)
1045 1569 1229 1648 debitum
1250 1594 1334 1648 non

169 1706 340 1812 deneget
371 1703 610 1812 postulanti,
645 1703 753 1810 quod
775 1728 800 1781 a
819 1729 864 1782 se
885 1710 1023 1783 tamen
1054 1702 1212 1784 noverit
1242 1701 1336 1782 nul·

169 1840 329 1920 latenus
357 1837 621 1944 exigendum.
648 1837 691 1917 Si
714 1863 811 1917 vero
832 1837 976 1918 deinde
998 1837 1047 1917 de
1069 1836 1217 1944 prioris
1238 1862 1335 1916 com

4 2023 6 2084 l
164 1971 278 2078 jugis
308 1971 392 2052 vita
422 1968 661 2069 constiterit,
695 1968 846 2050 relictis
886 1968 1125 2058 adulterinis
1156 1967 1334 2076 comple-

4 2299 12 2788 l

167 2103 289 2184 ribus
309 2103 361 2183 ad
383 2101 559 2209 priorem
589 2102 805 2209 conjugem
836 2101 981 2182 reverti
1009 2108 1182 2182 tenetur.
1208 2101 1328 2194 Quod

171 2236 207 2316 si
237 2230 316 2316 hoc
345 2235 517 2316 dubium
547 2245 766 2317 enascatur
795 2244 1014 2343 postquam
1045 2234 1086 2314 in
1117 2234 1338 2314 bonafide
1497 2292 1500 2296 ⁴
1620 2228 1624 2237 ’

172 2367 320 2450 initum
350 2367 404 2447 sit
434 2367 701 2468 connubium,
736 2368 843 2448 idem
885 2367 1133 2450 servandum
1164 2367 1254 2467 erit,
1289 2377 1340 2454 ut

171 2499 286 2582 alteri
316 2500 419 2607 parti
454 2498 495 2579 in
525 2501 634 2580 bona
667 2499 746 2580 fide
784 2499 967 2582 mananti
999 2527 1079 2580 non
1110 2501 1338 2606 denegetur

171 2629 370 2732 debitumj
400 2632 471 2711 sed
492 2659 517 2711 a
537 2631 749 2713 dubitante
780 2659 862 2712 non
892 2641 1068 2740 petatur,
1102 2642 1141 2717 et
1172 2633 1337 2714 interim

171 2765 271 2847 haec
300 2773 462 2845 tenetur
491 2790 654 2844 omnem
681 2765 934 2872 diligentiam
966 2766 1173 2864 adhibere,
1201 2773 1247 2846 ut
1267 2793 1339 2846 ve·

173 2898 332 2980 ritatem
369 2899 596 3006 dignoscat,
640 2899 893 3006 dubiumque
934 2901 1122 3007 deponat.
1158 2899 1341 3008 Exque

171 3033 321 3139 pariter
350 3031 590 3138 intelligitur
618 3032 782 3141 quodsi
805 3040 978 3140 utraque
1008 3059 1105 3141 pars
1134 3033 1176 3114 in
1207 3034 1339 3114 dubio

174 3163 242 3266 sit,
276 3193 349 3247 nec
379 3166 563 3274 petitioni
594 3193 671 3247 nec
700 3167 914 3248 redditioni
957 3167 1081 3247 debiti
1112 3177 1174 3247 est
1203 3167 1335 3248 locus,

291 3303 359 3380 4.⁰.
382 3299 487 3412 Cum
517 3309 655 3380 autem
685 3300 883 3381 Doctores
922 3299 1152 3408 discrepent
1182 3299 1223 3380 in
1254 3309 1340 3382 sta-

175 3434 325 3515 tuendo
343 3434 477 3541 qualis
492 3434 638 3515 debeat
653 3461 743 3515 esse
759 3435 959 3516 certitudo
975 3436 1024 3516 de
1041 3445 1170 3514 morte
1191 3435 1344 3541 prioris
1385 3439 1390 3449 '

174 3566 364 3673 conjugis
394 3577 613 3676 antequam
645 3577 855 3676 superstes
885 3577 1066 3650 transeat
1086 3569 1136 3649 ad
1158 3569 1345 3650 secunda

176 3705 286 3800 vota,
311 3699 462 3781 relictis
482 3700 653 3808 privatis
679 3701 916 3781 eorumdem
938 3685 1162 3781 Doctorum
1183 3699 1344 3808 opinio·

177 3831 313 3932 nibuS,
328 3842 516 3914 tenemus
533 3859 626 3914 cum
640 3831 793 3914 Giraldi
805 3859 869 3942 op.
886 3839 923 3912 et
932 3840 1048 3943 port.
1065 3835 1133 3913 cit.
1148 3840 1242 3912 sect.
1255 3833 1343 3912 656Ι

177 3963 416 4069 trahendam,
432 3991 523 4046 csse
538 3991 611 4073 pro
628 3977 739 4047 certa
758 3965 902 4074 regula
922 3967 1083 4074 praxim
1100 3963 1342 4046 Tribunalis

178 4098 222 4178 S.
246 4099 541 4207 Inquisitionis‚
566 4127 592 4179 a
612 4127 692 4208 quo
723 4100 959 4208 hujusmodi
989 4101 1188 4181 transitus
1219 4126 1342 4180 num·

72 4284 74 4290 -
178 4256 301 4338 quam
333 4233 596 4341 permittitur,
621 4234 699 4314 nisi
731 4242 889 4314 constet
919 4235 968 4314 de
998 4241 1128 4314 morte
1154 4233 1346 4341 conjugis

178 4361 239 4444 rel
270 4390 343 4470 per
373 4363 624 4446 autenticum
656 4365 936 4476 testimonium
967 4393 1041 4446 seu
1072 4366 1209 4466 fidem,
1237 4376 1342 4474 puta
