3380 5132
413 521 415 532 '
519 521 645 598 claun
668 547 713 629 iv.
740 567 760 581 -
783 549 923 602 urucas
945 551 1015 601 xix.
1299 541 1366 605 337

192 675 293 756 illud
323 675 512 758 dirimere
533 677 682 788 valeat,¹
704 680 754 758 de
775 706 856 786 quo
886 681 1068 788 praecise
1099 684 1354 768 dictumest:
1440 789 1444 796 ι

195 842 215 886 ‹
236 810 344 918 quod
365 809 478 890 Deus
495 811 721 918 conjunxit,
746 811 967 894 homo-non
984 824 1147 923 separet
1163 849 1201 918 ›,
1227 845 1359 926 neque

194 945 271 1052 ipsi
294 944 456 1024 Summi
477 945 696 1026 Pontifices
727 928 924 1054 umquam
955 961 1223 1031 asseruerunt
1254 950 1359 1032 hanc

194 1076 274 1156 sibi
296 1085 538 1184 potestatem
555 1105 581 1158 a
596 1077 757 1160 Christo
778 1081 973 1162 tributam
997 1081 1140 1184 fuisse,
1162 1083 1245 1163 imo
1266 1110 1362 1164 con-

195 1211 368 1291 trarium
399 1238 561 1320 semper
590 1220 822 1294 tenuerunt.
857 1215 909 1296 Et
939 1241 1109 1296 conones
1146 1217 1187 1298 V
1212 1225 1249 1296 ct
1283 1189 1369 1298 Vll

198 1335 323 1426 'Cone
363 1346 478 1428 Trid.
512 1373 607 1427 sess.
643 1348 700 1428 24
730 1348 780 1428 de
813 1375 990 1430 suornm.
1036 1353 1217 1431 matrim.
1258 1351 1364 1432 hauc

196 1489 401 1586 receptam
419 1507 444 1558 a
460 1481 621 1562 Christo
639 1481 866 1564 doctrinam
887 1482 1023 1590 palam
1042 1482 1249 1564 exhibent.
1271 1484 1363 1576 Quo

196 1640 348 1693 conone
373 1617 414 1696 V
430 1615 507 1696 tuit
537 1617 776 1696 confirmata
805 1617 1018 1724 responsio
1050 1617 1146 1696 data
1173 1617 1224 1700 ab
1245 1616 1365 1696 Inno-

198 1746 332 1828 centio
362 1749 412 1829 ΙΙΙ
442 1775 531 1858 cap.
567 1749 592 1830 7
624 1750 665 1831 h.
701 1758 729 1830 t.
766 1751 836 1830 ubi
869 1759 907 1831 et
938 1751 1024 1858 ipse
1056 1750 1252 1850 definivit,
1282 1777 1361 1832 non

198 1907 320 1988 posse
351 1882 546 1989 applicari
576 1883 835 1991 privilegium
867 1884 960 1964 fidei
992 1883 1253 1964 matrimonio
1275 1911 1300 1964 a
1319 1885 1367 1962 fi-

198 2015 360 2096 delibus
391 2023 598 2098 contraoto
629 2026 668 2097 at
698 2027 998 2116 consummate,
1023 2019 1058 2096 si
1090 2016 1235 2098 deinde
1266 2017 1367 2098 alte-

201 2159 315 2229 ruter
336 2150 378 2229 in
393 2127 601 2230 haeresim
623 2151 686 2231 vol
708 2150 960 2258 apostasiam
981 2151 1122 2258 lapsus
1144 2159 1266 2249 essct,
1291 2178 1366 2232 nec

203 2283 323 2364 vellet
352 2311 445 2364 oum
478 2285 607 2365 altera
642 2293 756 2392 parte
796 2284 963 2392 pacifice
992 2284 1243 2367 cohabitare.
1278 2284 1367 2365 Etsi

201 2415 311 2496 enim
329 2416 463 2524 inhoo
479 2444 578 2498 casu
596 2419 856 2527 dispendium
874 2421 1003 2526 partis
1019 2417 1242 2498 catholicae
1259 2419 1368 2498 idem

203 2559 313 2632 esset
340 2578 388 2631 ao
411 2552 451 2631 in
474 2553 615 2652 altere,
640 2561 679 2634 et
700 2554 858 2634 malitia
879 2553 1053 2634 alterius*
1067 2553 1196 2660 partis
1217 2554 1366 2660 potior;

206 2694 343 2766 tamen
375 2686 472 2794 quia
511 2687 818 2768 matrimonium
850 2687 1166 2768 christianorum
1197 2692 1259 2765 est
1289 2711 1370 2764 non

208 2819 329 2898 modo
351 2845 489 2901 oerum
514 2821 585 2900 sed
608 2827 758 2920 ratum,
783 2819 878 2901 hino
909 2820 1106 2927 majorem
1136 2819 1371 2899 firmitatem

206 2953 345 3054 hahet,
369 2981 418 3034 ac
438 2955 607 3061 proinde
628 2981 710 3035 non
738 2953 976 3036 dissolvitur
1006 2954 1140 3060 quoad
1162 2954 1372 3034 vinculum

208 3113 281 3194 per
310 3113 611 3196 quamcumque
651 3113 836 3192 causam,
872 3095 911 3168 et
940 3086 1063 3166 habet
1093 3085 1370 3165 omnimodam
1412 3077 1415 3086 ’

210 3221 629 3304 indissolubilitatem.
649 3225 785 3329 Atque
806 3247 886 3300 non
908 3219 1034 3332 semel
1055 3219 1177 3298 iidem
1195 3217 1373 3297 Romani
1440 3273 1447 3292 ,

211 3355 431 3436 Pontifices
462 3383 535 3462 pro
566 3355 924 3438 indissolubilitate
954 3351 1204 3432 matrimonii
1225 3351 1301 3430 rati
1334 3359 1374 3430 et
1469 3397 1473 3404 ·

211 3491 487 3600 consummati
504 3490 821 3571 christianorum
843 3493 1081 3596 pugnarunt
1096 3486 1218 3566 etiam
1236 3493 1377 3565 contra

212 3631 398 3730 potentes
419 3625 587 3726 saeculi,
608 3632 729 3732 prout
749 3622 945 3703 historiae
966 3619 1265 3702 ecclesiastieae
1287 3645 1375 3699 mo-

213 3766 411 3838 numenta
441 3759 676 3857 ostendunt3
708 3765 749 3838 et
779 3751 1009 3836 clarissima
1049 3753 1295 3832 documenta
1325 3749 1377 3829 ab

214 3890 315 3999 ipsis
337 3892 445 3972 edita
463 3897 680 3972 testantur.
706 3889 824 3972 Unde
846 3885 1018 3996 supinae
1040 3882 1295 3991 ignorantiae
1315 3879 1382 3959 vel

214 4023 399 4106 effrontis
430 4025 610 4106 malitiae
631 4023 688 4105 rei
713 4030 944 4130 arguuntur
963 4018 1148 4099 moderni
1176 4017 1384 4096 instaura-

215 4169 327 4242 tores
359 4160 535 4260 divortii,
571 4185 667 4239 cum
697 4157 738 4237 in
769 4152 946 4263 publicis
977 4151 1162 4231 Comitiis
1189 4136 1383 4230 Statuum

219 4295 423 4374 affirmare
441 4321 522 4374 non
540 4295 806 4387 erubuerunt,
827 4289 1040 4367 Romanos
1058 4273 1282 4364 Pontifices
1294 4279 1383 4361 suis

219 4427 434 4508 sententiis
465 4427 506 4506 in
536 4425 674 4506 causis
713 4418 1087 4503 matrimonialibus
1117 4415 1281 4498 stetisse
1312 4437 1387 4520 pro

373 4611 400 4654 r.
413 4611 456 4653 111.
472 4609 525 4652 ·r.
538 4610 558 4652 1.
943 4591 944 4594 ’
1209 4596 1252 4678 Ἠ,
