3264 5146
495 411 603 463 tuus
625 409 672 464 ιν.
696 429 716 444 -
739 410 880 466 uranus
903 413 926 463 1.
1257 403 1299 468 69

136 568 181 622 ne
208 539 316 622 ullas
344 537 511 622 omnino
540 537 725 620 licentias
754 547 827 622 aut
856 539 1183 649 dispensationes
1210 544 1290 628 im·

137 672 348 783 pertinetur
367 699 442 782 pro
462 671 736 754 matrimoniis
753 671 858 754 inter
872 680 1031 782 partem
1047 675 1289 760 catholicam

135 817 171 889 et
189 807 437 890 haereticam
467 805 736 908 celebrandis,
766 805 847 888 nisi
878 805 1080 914 abjuratio
1111 809 1293 894 haeresis

137 943 264 1053 reipsa
302 940 608 1049 praecessisset.
647 941 704 1022 At
742 941 1090 1048 subsequentibus
1130 951 1290 1054 tempo-

138 1075 243 1156 ribus
263 1073 527 1182 exigentibus
542 1071 862 1156 circumstantiis
878 1075 930 1156 ab
947 1073 1024 1156 hoc
1039 1075 1173 1183 rigore
1188 1084 1292 1159 tem-

138 1217 317 1316 peratum
347 1214 423 1305 est,
458 1215 497 1288 et
526 1203 774 1315 permissum
795 1214 842 1288 ut
866 1205 1102 1316 dispensato
1122 1209 1294 1318 impedi-

139 1351 264 1422 mento
295 1337 605 1421 matrimonium
636 1338 740 1420 inter
761 1339 863 1420 tales
883 1367 1081 1448 personas
1101 1341 1287 1427 iniretur.

137 1473 224 1574 Sed,
256 1479 383 1581 prout
411 1469 581 1554 advertit
600 1469 849 1554 Benedictus
875 1472 974 1554 XIV
994 1473 1293 1558 Constitutione

142 1606 354 1715 «Mapnae
382 1607 535 1686 nobis»
569 1603 654 1686 diei
682 1605 736 1684 29
777 1605 898 1688 lanii
942 1606 1052 1687 1748
1083 1613 1108 1710 5
1142 1612 1235 1689 4at
1267 1613 1292 1690 5

137 1740 416 1836 concessiones
436 1739 539 1821 istae
560 1737 796 1820 rarissimae
817 1738 997 1842 fuerunt,
1022 1749 1061 1822 et
1077 1741 1293 1852 pleraeque

137 1900 267 1955 earum
298 1899 375 1983 pro
405 1873 680 1972 matrimoniis
709 1872 814 1956 inter
842 1901 1059 1982 supremos
1084 1875 1292 1985 principes

135 2005 431 2106 contrahendis
464 2031 540 2086 nec
569 2004 648 2086 nisi
679 2004 926 2112 gravissima
964 2016 1134 2116 urgente
1163 2034 1292 2091 causa

134 2169 253 2251 eaque
268 2143 324 2223 ad
344 2139 558 2249 publicum
577 2139 762 2222 ordinem
778 2140 1004 2250 pertinente
1026 2143 1158 2226 factae
1172 2152 1286 2226 sunt:

135 2275 294 2384 insuper
324 2274 483 2382 adjecta
511 2300 675 2382 semper
704 2281 767 2355 est
785 2283 1016 2383 opportuna
1036 2277 1211 2378 cautela,
1240 2303 1292 2358 ne

29 2399 30 2406 Ν
134 2408 275 2517 conjux
320 2406 547 2489 catholicus
588 2407 641 2487 ab
680 2405 884 2489 haeretico
923 2409 1098 2516 perverti
1133 2420 1286 2518 posset:

136 2541 209 2623 imo
238 2543 380 2651 potius
401 2539 468 2621 ille
488 2540 706 2621 tenebatur
725 2541 925 2648 spondere
940 2543 1020 2624 sub
1037 2543 1287 2650 juramentO,

133 2701 172 2757 se
190 2703 263 2786 pro
279 2674 441 2756 viribus
456 2681 714 2775 curaturum,
733 2680 780 2754 ut
794 2671 904 2755 hunc
919 2675 971 2755 ab
986 2675 1145 2758 haeresi
1162 2685 1291 2760 retra-

29 2809 30 2812 ‘
134 2809 252 2913 heret;
285 2816 330 2890 et
358 2807 533 2890 invicem
563 2806 814 2889 acatholicus
845 2809 998 2916 pariter
1016 2811 1096 2891 sub
1118 2811 1290 2920 jurisju-

29 2939 30 2942 ‘
134 2943 238 3026 randi
267 2942 351 3023 fide
382 2939 617 3051 promittere
653 2939 841 3041 debebat,
884 2967 929 3022 se
969 2941 1285 3050 permissurum,

136 3087 173 3159 ut
199 3078 336 3186 proles
367 3075 582 3183 utriusque
599 3099 739 3186 ¹senus
770 3099 822 3156 ex
844 3101 893 3156 eo
913 3077 1175 3159 matrimonio
1195 3105 1290 3187 pro-

133 3214 300 3295 creanda
330 3211 373 3291 in
402 3208 625 3290 catholicae
654 3207 866 3316 religionis
894 3211 1109 3292 sanctitate
1139 3212 1290 3294 educa-

134 3353 251 3448 retur3
284 3353 328 3426 et
357 3369 453 3454 pars
488 3333 689 3426 catholica
727 3342 769 3424 id
809 3370 854 3425 se
895 3343 1096 3426 facturam
1136 3345 1289 3456 pariter

132 3479 203 3560 snb
232 3479 378 3560 eadem
404 3476 544 3584 jurata
572 3475 653 3557 fide
682 3474 882 3585 spondere
922 3476 1109 3560 debebat.
1155 3479 1288 3562 Hodie

132 3614 175 3694 ad
194 3613 429 3721 aliquorum
449 3609 632 3692 civilium
653 3609 950 3718 guberniorum
970 3611 1287 3699 aemulationem

29 3727 30 3730 Ὺ
132 3745 367 3826 cassandam
397 3769 480 3823 non
510 3741 713 3824 insistitur
741 3741 784 3823 in
819 3742 1021 3850 exigendo
1061 3744 1139 3828 hoc
1172 3747 1288 3855 jura-
1380 3783 1384 3794 ¹

133 3885 261 3961 mento
291 3877 343 3959 de
373 3877 630 3987 procuranda
658 3877 924 3960 conversione
954 3878 1082 3986 partis
1122 3881 1288 3964 acatho-

29 4023 31 4080 f
133 4009 239 4114 licea,
274 4019 322 4094 ut
352 4011 393 4092 in
418 4013 692 4098 ‚Instructione
715 4011 957 4093 &ordinatis
977 4013 1187 4095 Antonelli
1205 4015 1288 4096 diet

138 4148 181 4226 15
201 4145 440 4227 Nouembris
462 4147 571 4225 1858
586 4143 642 4224 ccl
657 4147 791 4224 brunes
806 4144 1288 4246 Patriarcbas„Arcbie-

128 4279 306 4390 piscopos
336 4287 372 4359 ct
402 4279 626 4390 Episcopos
656 4277 769 4378 data,
805 4277 878 4361 sod
907 4278 950 4360 in
970 4277 1174 4387 exigenda
1192 4306 1286 4389 pro-

134 4413 320 4495 missione
350 4411 556 4495 insistitur
585 4420 632 4495 ut
650 4411 826 4495 liberum
855 4411 911 4494 sit
934 4413 1038 4522 parti
1060 4410 1282 4496 catholicae
