3178 5134
271 1691 275 1702 ’
326 1718 335 1740 ’
484 1753 721 1836 rrruuus
752 1753 857 1835 xm.

125 2019 178 2097 De
204 2045 248 2100 eo
279 2021 351 2126 qni
380 2021 562 2129 cognorit
592 2023 931 2130 consanguineum
961 2024 1107 2103 zooeoris
1136 2049 1238 2104 suae

533 2154 591 2234 oet
622 2181 805 2265 sponsae.

206 2555 263 2630 l.⁰
292 2553 336 2632 ln
367 2550 445 2632 ho'e
475 2552 593 2634 titulo
623 2579 759 2636 sermo
790 2560 852 2635 est
877 2555 926 2636 de
947 2555 1143 2638 affinitate
1164 2566 1256 2639 ortu

105 2708 145 2762 ex
172 2687 317 2794 copula
347 2684 503 2789 illicita,
537 2714 632 2769 eum
664 2687 705 2768 in
736 2689 1001 2797 subsequenti
1033 2716 1169 2771 sermo
1201 2691 1255 2772 sit

106 2817 144 2896 de
170 2819 362 2902 affinitate
393 2828 483 2902 orta
508 2849 560 2902 ex
581 2821 728 2930 oopula
748 2821 859 2903 lioita
879 2821 1002 2903 simul
1025 2831 1065 2905 et
1085 2825 1135 2904 de
1157 2851 1255 2905 oon·

105 2953 379 3060 sanguinitate.
413 2955 458 3035 ln
489 2955 566 3036 hoe
596 2955 842 3070 verotitulo
872 2964 1054 3064 aguntur
1078 2965 1257 3065 quatuor

105 3087 363 3190 quaestiones
397 3097 519 3196 prout
549 3089 697 3197 copula
726 3087 868 3170 illiuita
886 3089 1010 3170 habet
1030 3089 1167 3170 locum
1188 3088 1255 3168 vel

104 3226 368 3306 antecedenter
397 3223 449 3305 ad
479 3223 689 3332 sponsalia
719 3223 768 3304 de
791 3223 929 3304 futuro
951 3229 1023 3303 aut
1043 3221 1257 3302 matrimo-

104 3355 217 3460 nium,
249 3359 314 3440 vel
343 3358 482 3466 potius
507 3367 600 3467 post
619 3358 830 3468 sponsalia
851 3366 922 3440 aut
943 3338 1255 3438 matrimonium

104 3487 249 3595 initnm3
283 3501 323 3574 et
344 3494 385 3574 in
406 3493 600 3575 omnibus
621 3494 711 3576 istis
732 3493 899 3575 casibus
920 3491 1132 3602 quaeritur
1157 3491 1254 3598 quid

102 3628 333 3736 praejudicet
363 3627 457 3709 talis
488 3627 636 3737 copula
665 3627 928 3734 sponsalibus
949 3633 1021 3707 aut
1041 3623 1258 3706 matrimo-

21 3851 22 3854 Ν
102 3758 158 3839 nio
185 3761 460 3843 contrahendo
493 3761 555 3842 vel
586 3765 809 3841 contracte.

202 3896 261 3977 2.⁰
291 3897 335 3976 Si
367 3895 515 4004 copula
546 3893 688 3976 illicita
717 3892 860 3974 habita
881 3891 934 3974 sit
961 3917 1057 3973 oum
1078 3916 1257 3972 consan-

22 3999 24 4136 l
100 4027 233 4129 guinea
261 4030 367 4138 ojuS,
401 4055 525 4137 quam
557 4027 636 4108 sibi
668 4026 764 4108 velit
795 4025 889 4136 quis
919 4026 961 4105 in
983 4050 1181 4132 sponsam
1203 4024 1255 4103 de

22 4149 24 4241 l
102 4155 221 4243 futuro
253 4161 419 4269 eligere,
454 4169 639 4269 potestne
671 4187 765 4242 oum
791 4159 869 4240 hae
890 4157 1100 4266 sponsalia
1121 4157 1169 4238 de
1191 4156 1256 4235 su-

23 4299 28 4370 l
100 4304 178 4376 turo
207 4295 473 4377 contrahere?
505 4295 556 4376 Et
587 4295 857 4404 respondetur
887 4320 969 4374 non
1002 4317 1123 4400 posse
1161 4315 1255 4370 eam

99 4424 166 4505 sibi
194 4429 233 4509 in
263 4456 459 4538 sponsam
490 4429 655 4538 eligere,
699 4427 797 4536 quia
836 4425 1131 4535 promissiones
1172 4447 1253 4502 non

234 4585 419 4628 mun-ul.
1076 4581 1103 4622 lo
