3386 5126
555 403 655 506 pruna
676 439 707 483 v.
734 457 774 466 -
799 439 1006 486 r1runusv1.
1308 419 1374 487 175

200 569 367 670 gentem
387 562 604 645 Judaicam
626 590 707 644 non
730 564 894 672 penitus
911 564 1051 663 deleri,
1075 567 1148 648 sed
1169 573 1253 647 toto
1275 567 1374 648 orbe

196 697 381 805 dispergi
412 697 601 778 voluerit.
636 697 702 778 Ad
724 724 811 779 rem
831 705 872 779 et
901 697 1072 805 pulchre
1102 699 1154 778 D.
1188 703 1370 807 August.

196 839 347 912 contra
377 831 579 912 Faustam
618 859 654 912 c.
697 835 774 924 23,
809 831 966 939 inquit:
1013 831 1122 923 Quid
1161 837 1218 911 est
1258 829 1376 913 atiud

202 965 323 1048 hodic
351 991 445 1075 qens
469 970 563 1059 istu,
589 969 669 1049 nisi
698 966 900 1075 quaedam
929 970 1157 1048 scriniaria
1186 965 1376 1072 bajulam

199 1099 341 1207 legem,
385 1107 422 1180 ct
460 1101 692 1212 Prophetas
732 1101 789 1181 ud
829 1104 1100 1184 testimonium
1138 1104 1376 1182 assertionis
1491 1104 1493 1110 ’

201 1233 430 1326 Ecclesiae,
464 1241 508 1315 ut
548 1261 620 1316 nos
661 1236 900 1316 honoremus
928 1263 1008 1347 per
1045 1237 1373 1327 Sacramentum,

197 1368 312 1475 «quod
352 1369 427 1451 illa
457 1375 620 1452 nuntiat
642 1396 722 1481 per
753 1371 929 1452 literam.

289 1493 381 1575 Hac
409 1495 460 1576 de
490 1521 534 1576 re
565 1495 866 1596 collineant‚·et
897 1493 1184 1602 religiosorum
1220 1491 1379 1574 Princi-

204 1656 322 1736 pum,
345 1639 386 1712 et
406 1631 791 1714 Ecclesiasticorum
822 1631 1069 1713 Antistitum
1100 1639 1212 1730 vota,
1232 1629 1300 1736 qui
1322 1629 1380 1710 ita

193 1763 352 1870 junctis
368 1765 551 1846 consiliis
571 1791 844 1876 unaquaeque
859 1773 1198 1874 composuerunt,
1221 1763 1380 1846 uthina

88 1951 91 1956 -
203 1898 437 1980 animarum
467 1899 650 1982 fidelium
683 1902 866 2011 pericula
896 1909 1153 2003 caverentur,
1179 1901 1290 1982 illinc
1310 1925 1380 1981 cc-

207 2032 347 2132 mitas,
380 2043 420 2116 et
449 2035 680 2142 benignitas
700 2037 924 2119 christiano
946 2037 1111 2119 nomine
1134 2037 1260 2142 digna
1280 2059 1380 2141 erga

203 2165 379 2246 miseros
418 2167 606 2247 homines
645 2171 1009 2275 superstitionibus
1048 2170 1220 2250 obrutos
1255 2166 1378 2247 exhi-

203 2301 368 2383 beretur
399 2301 455 2381 ita
485 2307 638 2402 tamen,
672 2309 830 2383 utnon
862 2329 1005 2384 eorum
1028 2302 1232 2384 foveretur
1253 2300 1380 2382 auda·

201 2434 287 2533 cia,
320 2437 392 2516 sed
423 2443 470 2515 ut
499 2435 598 2516 dum
630 2437 761 2544 pietas
791 2445 1051 2517 exerceretur
1086 2436 1127 2516 in
1158 2461 1246 2535 eos,
1270 2435 1380 2542 ipso-

206 2598 301 2652 rum
331 2571 521 2679 impietas
561 2571 684 2652 certis
723 2571 876 2652 finibus
914 2579 1188 2669 coerceretur,
1222 2596 1273 2649 ne
1310 2573 1381 2648 aut

206 2703 332 2784 latius
363 2732 414 2784 ex
437 2704 564 2785 nimia
579 2705 838 2787 conviventia
858 2713 1055 2814 serperet,
1079 2705 1215 2786 autin
1241 2728 1382 2784 veram

206 2837 329 2919 fidem
371 2823 565 2946 injuriam
607 2839 788 2922 inferret.
831 2839 970 2933 Quare
1010 2867 1061 2922 ne
1098 2839 1252 2947 aliquid
1282 2833 1382 2919 mali

175 2971 455 3072 ,christianis
501 2982 541 3055 et
582 2974 683 3083 ipsis
720 2975 883 3082 judaeis
922 2975 1177 3081 contingeret
1217 2999 1270 3054 ex
1306 2971 1383 3053 hac

204 3107 431 3188 commixta
451 3107 703 3190 habitatione
726 3109 924 3190 nonnulla
945 3117 1069 3190 cauta
1090 3108 1272 3205 fuerunt,
1296 3105 1384 3186 sive

204 3241 344 3348 quoad
375 3239 619 3324 familiarem
651 3245 875 3351 quandam,
909 3251 949 3325 et
979 3244 1175 3326 socialem
1205 3267 1381 3325 conver-

207 3375 428 3476 sationem,
462 3377 550 3458 siva
581 3378 715 3484 quoad
751 3379 909 3460 cultum
931 3405 1162 3474 sacrorum,
1185 3377 1273 3456 sive
1294 3383 1384 3456 tan-

204 3509 302 3589 dem
332 3509 467 3614 quoad
497 3535 671 3590 munera
700 3511 880 3618 publica.

295 3629 472 3712 Ratione
502 3633 638 3740 itaque
668 3635 834 3716 socialis
865 3643 937 3719 aut
969 3635 1183 3718 familiaris
1214 3659 1384 3715 conver·

208 3765 397 3866 sationis,
432 3773 471 3849 et
501 3769 683 3850 cavenda
713 3779 829 3852 erant
860 3771 1083 3853 christiano
1120 3767 1303 3878 pericula
1333 3793 1385 3848 ne

210 3903 492 4004 seduceretur,
527 3909 567 3984 et
598 3911 713 3985 erant
732 3905 872 4012 judaei
894 3935 990 3988 cum
1011 3905 1281 4003 humanitate,
1302 3929 1385 3983 non

212 4063 311 4120 cum
351 4037 572 4146 asperitate
612 4041 828 4122 tractandi.
865 4043 958 4134 Qua
996 4040 1038 4120 in
1068 4067 1112 4120 re
1142 4037 1386 4145 generaliter

216 4173 552 4258 animadversum
574 4175 666 4278 luit,
695 4177 871 4284 judaeos
903 4177 944 4256 in
966 4173 1016 4256 iis
1034 4174 1150 4273 locis,
1170 4173 1213 4252 iu
1235 4173 1387 4281 quibus

210 4309 632 4415 degereauctoritate
664 4311 832 4420 publica
851 4311 1196 4420 permitterentur,
1226 4335 1299 4417 pro
1321 4309 1384 4390 ci-

213 4443 337 4526 vibus
354 4446 621 4546 considerari,
645 4473 730 4528 uno
752 4453 923 4556 excepto
945 4447 1148 4530 bonorum
1164 4445 1275 4552 jure,
1292 4469 1389 4552 pro·
