<?xml version="1.0" encoding="UTF-8"?>
<!DOCTYPE html PUBLIC "-//W3C//DTD XHTML 1.0 Transitional//EN"
    "http://www.w3.org/TR/xhtml1/DTD/xhtml1-transitional.dtd">
<html xmlns="http://www.w3.org/1999/xhtml" xml:lang="en" lang="en">
 <head>
  <title>
</title>
<meta http-equiv="Content-Type" content="text/html;charset=utf-8" />
  <meta name='ocr-system' content='tesseract 3.04.00' />
  <meta name='ocr-capabilities' content='ocr_page ocr_carea ocr_par ocr_line ocrx_word'/>
</head>
<body>
  <div class='ocr_page' id='page_1' title='image "./praelectionesju00angegoog/praelectionesju00angegoog_0652.png"; bbox 0 0 3360 5126; ppageno 0'>
   <div class='ocr_carea' id='block_1_1' title="bbox 528 425 1360 492">
    <p class='ocr_par' dir='ltr' id='par_1_1' title="bbox 528 425 1360 492">
     <span class='ocr_line' id='line_1_1' title="bbox 528 425 1360 492; baseline 0.002 -3"><span class='ocrx_word' id='word_1_1' title='bbox 528 445 631 490; x_wconf 77' lang='lat' dir='ltr'><strong>marm</strong></span> <span class='ocrx_word' id='word_1_2' title='bbox 651 445 684 490; x_wconf 85' lang='lat' dir='ltr'><strong>v.</strong></span> <span class='ocrx_word' id='word_1_3' title='bbox 709 461 750 472; x_wconf 87' lang='lat'><strong>—-</strong></span> <span class='ocrx_word' id='word_1_4' title='bbox 775 445 914 491; x_wconf 79' lang='lat' dir='ltr'><strong>rrrunus</strong></span> <span class='ocrx_word' id='word_1_5' title='bbox 936 446 989 490; x_wconf 80' lang='lat' dir='ltr'><strong>xx.</strong></span> <span class='ocrx_word' id='word_1_6' title='bbox 1294 425 1360 492; x_wconf 80' lang='lat'><strong>289</strong></span> 
     </span>
    </p>
   </div>
   <div class='ocr_carea' id='block_1_2' title="bbox 191 571 1366 1082">
    <p class='ocr_par' dir='ltr' id='par_1_2' title="bbox 191 571 1366 1082">
     <span class='ocr_line' id='line_1_2' title="bbox 191 571 1362 670; baseline -0.002 -18"><span class='ocrx_word' id='word_1_7' title='bbox 191 573 231 654; x_wconf 81' lang='lat' dir='ltr'><strong>h.</strong></span> <span class='ocrx_word' id='word_1_8' title='bbox 258 579 287 653; x_wconf 88' lang='lat' dir='ltr'><strong>t.</strong></span> <span class='ocrx_word' id='word_1_9' title='bbox 313 574 374 652; x_wconf 65' lang='lat'><strong>4⁰</strong></span> <span class='ocrx_word' id='word_1_10' title='bbox 396 571 705 650; x_wconf 80' lang='lat' dir='ltr'><strong>Testamentum</strong></span> <span class='ocrx_word' id='word_1_11' title='bbox 738 595 882 650; x_wconf 92' lang='lat' dir='ltr'><strong>eorum</strong></span> <span class='ocrx_word' id='word_1_12' title='bbox 903 596 983 649; x_wconf 92' lang='lat' dir='ltr'><strong>non</strong></span> <span class='ocrx_word' id='word_1_13' title='bbox 1006 572 1129 670; x_wconf 86' lang='lat' dir='ltr'><strong>valet,</strong></span> <span class='ocrx_word' id='word_1_14' title='bbox 1158 571 1236 650; x_wconf 88' lang='lat' dir='ltr'><strong>nisi</strong></span> <span class='ocrx_word' id='word_1_15' title='bbox 1258 598 1362 651; x_wconf 89' lang='lat' dir='ltr'><strong>usu-</strong></span> 
     </span>
     <span class='ocr_line' id='line_1_3' title="bbox 191 703 1364 804; baseline -0.003 -18"><span class='ocrx_word' id='word_1_16' title='bbox 191 732 260 786; x_wconf 86' lang='lat' dir='ltr'><strong>ras</strong></span> <span class='ocrx_word' id='word_1_17' title='bbox 290 703 558 804; x_wconf 78' lang='lat' dir='ltr'><strong>restituerint,</strong></span> <span class='ocrx_word' id='word_1_18' title='bbox 591 703 655 784; x_wconf 90' lang='lat' dir='ltr'><strong>vel</strong></span> <span class='ocrx_word' id='word_1_19' title='bbox 687 703 919 784; x_wconf 85' lang='lat' dir='ltr'><strong>cautionem</strong></span> <span class='ocrx_word' id='word_1_20' title='bbox 950 703 1134 785; x_wconf 77' lang='lat' dir='ltr'><strong>dederint</strong></span> <span class='ocrx_word' id='word_1_21' title='bbox 1155 704 1364 784; x_wconf 83' lang='lat' dir='ltr'><strong>sufficien-</strong></span> 
     </span>
     <span class='ocr_line' id='line_1_4' title="bbox 191 836 1366 949; baseline -0.002 -29"><span class='ocrx_word' id='word_1_22' title='bbox 191 849 287 921; x_wconf 85' lang='lat' dir='ltr'><strong>tem.</strong></span> <span class='ocrx_word' id='word_1_23' title='bbox 318 840 422 949; x_wconf 85' lang='lat' dir='ltr'><strong>Cap.</strong></span> <span class='ocrx_word' id='word_1_24' title='bbox 447 842 478 922; x_wconf 84' lang='lat'><em>2</em></span> <span class='ocrx_word' id='word_1_25' title='bbox 504 843 529 941; x_wconf 61' lang='grc' dir='ltr'>ἓ</span> <span class='ocrx_word' id='word_1_26' title='bbox 561 839 661 918; x_wconf 86' lang='lat' dir='ltr'><strong>Fin.</strong></span> <span class='ocrx_word' id='word_1_27' title='bbox 686 836 728 919; x_wconf 81' lang='lat' dir='ltr'><strong>h.</strong></span> <span class='ocrx_word' id='word_1_28' title='bbox 754 847 783 919; x_wconf 87' lang='lat' dir='ltr'><strong>t.</strong></span> <span class='ocrx_word' id='word_1_29' title='bbox 810 841 852 919; x_wconf 86' lang='lat' dir='ltr'><strong>in</strong></span> <span class='ocrx_word' id='word_1_30' title='bbox 883 844 927 919; x_wconf 87' lang='lat'><strong>6.</strong></span> <span class='ocrx_word' id='word_1_31' title='bbox 965 841 1027 920; x_wconf 82' lang='grc' dir='ltr'><strong>5.ο</strong></span> <span class='ocrx_word' id='word_1_32' title='bbox 1060 837 1280 918; x_wconf 87' lang='lat' dir='ltr'><strong>Privantur</strong></span> <span class='ocrx_word' id='word_1_33' title='bbox 1300 865 1366 918; x_wconf 91' lang='lat' dir='ltr'><strong>se-</strong></span> 
     </span>
     <span class='ocr_line' id='line_1_5' title="bbox 193 971 1360 1082; baseline -0.003 -27"><span class='ocrx_word' id='word_1_34' title='bbox 193 973 361 1082; x_wconf 86' lang='lat' dir='ltr'><strong>pultura</strong></span> <span class='ocrx_word' id='word_1_35' title='bbox 389 971 694 1072; x_wconf 86' lang='lat' dir='ltr'><strong>Ecclesiastica,</strong></span> <span class='ocrx_word' id='word_1_36' title='bbox 719 971 754 1052; x_wconf 91' lang='lat' dir='ltr'><strong>si</strong></span> <span class='ocrx_word' id='word_1_37' title='bbox 777 971 817 1052; x_wconf 91' lang='lat' dir='ltr'><strong>in</strong></span> <span class='ocrx_word' id='word_1_38' title='bbox 839 997 887 1052; x_wconf 90' lang='lat' dir='ltr'><strong>eo</strong></span> <span class='ocrx_word' id='word_1_39' title='bbox 910 979 1076 1080; x_wconf 84' lang='lat' dir='ltr'><strong>peccato</strong></span> <span class='ocrx_word' id='word_1_40' title='bbox 1097 971 1360 1052; x_wconf 78' lang='lat' dir='ltr'><strong>decesserint.</strong></span> 
     </span>
    </p>
   </div>
   <div class='ocr_carea' id='block_1_3' title="bbox 190 1105 1379 2016">
    <p class='ocr_par' dir='ltr' id='par_1_3' title="bbox 190 1105 1379 2016">
     <span class='ocr_line' id='line_1_6' title="bbox 197 1105 1364 1218; baseline -0.004 -29"><span class='ocrx_word' id='word_1_41' title='bbox 197 1109 300 1218; x_wconf 85' lang='lat' dir='ltr'><strong>Cap.</strong></span> <span class='ocrx_word' id='word_1_42' title='bbox 337 1111 382 1188; x_wconf 91' lang='lat'><strong>3.</strong></span> <span class='ocrx_word' id='word_1_43' title='bbox 417 1106 458 1188; x_wconf 77' lang='lat' dir='ltr'><strong>h.</strong></span> <span class='ocrx_word' id='word_1_44' title='bbox 484 1116 513 1188; x_wconf 87' lang='lat' dir='ltr'><strong>t.</strong></span> <span class='ocrx_word' id='word_1_45' title='bbox 539 1114 578 1186; x_wconf 89' lang='lat' dir='ltr'><strong>et</strong></span> <span class='ocrx_word' id='word_1_46' title='bbox 600 1131 690 1216; x_wconf 88' lang='lat' dir='ltr'><strong>cap.</strong></span> <span class='ocrx_word' id='word_1_47' title='bbox 714 1110 760 1190; x_wconf 77' lang='lat'><strong>2.</strong></span> <span class='ocrx_word' id='word_1_48' title='bbox 786 1106 875 1188; x_wconf 86' lang='lat' dir='ltr'><strong>eod.</strong></span> <span class='ocrx_word' id='word_1_49' title='bbox 901 1113 931 1188; x_wconf 86' lang='lat' dir='ltr'><strong>t.</strong></span> <span class='ocrx_word' id='word_1_50' title='bbox 958 1107 1000 1186; x_wconf 85' lang='lat' dir='ltr'><strong>in</strong></span> <span class='ocrx_word' id='word_1_51' title='bbox 1022 1112 1065 1186; x_wconf 85' lang='lat'><strong>6.</strong></span> <span class='ocrx_word' id='word_1_52' title='bbox 1091 1112 1167 1187; x_wconf 89' lang='lat' dir='ltr'><strong>etc.</strong></span> <span class='ocrx_word' id='word_1_53' title='bbox 1188 1105 1271 1185; x_wconf 85' lang='lat' dir='ltr'><strong>Eos</strong></span> <span class='ocrx_word' id='word_1_54' title='bbox 1292 1132 1364 1185; x_wconf 85' lang='lat' dir='ltr'><strong>eu-</strong></span> 
     </span>
     <span class='ocr_line' id='line_1_7' title="bbox 193 1237 1361 1347; baseline -0.004 -26"><span class='ocrx_word' id='word_1_55' title='bbox 193 1249 291 1340; x_wconf 88' lang='lat' dir='ltr'><strong>tom,</strong></span> <span class='ocrx_word' id='word_1_56' title='bbox 325 1241 393 1347; x_wconf 93' lang='lat' dir='ltr'><strong>qui</strong></span> <span class='ocrx_word' id='word_1_57' title='bbox 425 1238 612 1347; x_wconf 79' lang='lat' dir='ltr'><strong>sepellire</strong></span> <span class='ocrx_word' id='word_1_58' title='bbox 645 1240 863 1337; x_wconf 85' lang='lat' dir='ltr'><strong>auderent,</strong></span> <span class='ocrx_word' id='word_1_59' title='bbox 898 1237 1361 1320; x_wconf 78' lang='lat' dir='ltr'><strong>excommunicationem</strong></span> 
     </span>
     <span class='ocr_line' id='line_1_8' title="bbox 192 1371 1365 1481; baseline -0.002 -27"><span class='ocrx_word' id='word_1_60' title='bbox 192 1375 298 1455; x_wconf 87' lang='lat' dir='ltr'><strong>latae</strong></span> <span class='ocrx_word' id='word_1_61' title='bbox 320 1374 545 1456; x_wconf 87' lang='lat' dir='ltr'><strong>sententiae</strong></span> <span class='ocrx_word' id='word_1_62' title='bbox 567 1373 658 1481; x_wconf 89' lang='lat' dir='ltr'><strong>ipso</strong></span> <span class='ocrx_word' id='word_1_63' title='bbox 681 1373 786 1456; x_wconf 84' lang='lat' dir='ltr'><strong>sacto</strong></span> <span class='ocrx_word' id='word_1_64' title='bbox 806 1374 1035 1474; x_wconf 88' lang='lat' dir='ltr'><strong>incurrunt,</strong></span> <span class='ocrx_word' id='word_1_65' title='bbox 1061 1399 1132 1454; x_wconf 87' lang='lat' dir='ltr'><strong>aee</strong></span> <span class='ocrx_word' id='word_1_66' title='bbox 1154 1371 1365 1480; x_wconf 87' lang='lat' dir='ltr'><strong>perhibeat</strong></span> 
     </span>
     <span class='ocr_line' id='line_1_9' title="bbox 195 1503 1379 1620; baseline -0.003 -32"><span class='ocrx_word' id='word_1_67' title='bbox 195 1510 297 1620; x_wconf 87' lang='lat' dir='ltr'><strong>Cap.</strong></span> <span class='ocrx_word' id='word_1_68' title='bbox 333 1513 377 1589; x_wconf 87' lang='lat'><strong>3.</strong></span> <span class='ocrx_word' id='word_1_69' title='bbox 413 1507 454 1588; x_wconf 78' lang='lat' dir='ltr'><strong>h.</strong></span> <span class='ocrx_word' id='word_1_70' title='bbox 490 1517 519 1589; x_wconf 86' lang='lat' dir='ltr'><strong>t.</strong></span> <span class='ocrx_word' id='word_1_71' title='bbox 559 1509 663 1618; x_wconf 85' lang='lat' dir='ltr'><strong>Cap.</strong></span> <span class='ocrx_word' id='word_1_72' title='bbox 704 1508 791 1590; x_wconf 85' lang='lat' dir='ltr'><strong>cod.</strong></span> <span class='ocrx_word' id='word_1_73' title='bbox 839 1510 881 1588; x_wconf 86' lang='lat' dir='ltr'><strong>in</strong></span> <span class='ocrx_word' id='word_1_74' title='bbox 921 1513 965 1588; x_wconf 84' lang='lat'><strong>6.</strong></span> <span class='ocrx_word' id='word_1_75' title='bbox 1000 1515 1040 1587; x_wconf 90' lang='lat' dir='ltr'><strong>et</strong></span> <span class='ocrx_word' id='word_1_76' title='bbox 1074 1507 1200 1588; x_wconf 84' lang='lat' dir='ltr'><strong>Ctem.</strong></span> <span class='ocrx_word' id='word_1_77' title='bbox 1239 1503 1282 1586; x_wconf 78' lang='lat'><strong>1.</strong></span> <span class='ocrx_word' id='word_1_78' title='bbox 1315 1505 1379 1584; x_wconf 79' lang='lat' dir='ltr'><strong>de·</strong></span> 
     </span>
     <span class='ocr_line' id='line_1_10' title="bbox 190 1641 1364 1752; baseline -0.003 -29"><span class='ocrx_word' id='word_1_79' title='bbox 190 1643 434 1752; x_wconf 82' lang='lat' dir='ltr'><strong>Sepultnris.</strong></span> <span class='ocrx_word' id='word_1_80' title='bbox 470 1641 627 1720; x_wconf 91' lang='lat' dir='ltr'><strong>Verum</strong></span> <span class='ocrx_word' id='word_1_81' title='bbox 660 1641 760 1723; x_wconf 88' lang='lat' dir='ltr'><strong>haec</strong></span> <span class='ocrx_word' id='word_1_82' title='bbox 795 1667 926 1748; x_wconf 88' lang='lat' dir='ltr'><strong>poena</strong></span> <span class='ocrx_word' id='word_1_83' title='bbox 966 1641 1006 1722; x_wconf 93' lang='lat' dir='ltr'><strong>in</strong></span> <span class='ocrx_word' id='word_1_84' title='bbox 1053 1649 1197 1722; x_wconf 88' lang='lat' dir='ltr'><strong>tenues</strong></span> <span class='ocrx_word' id='word_1_85' title='bbox 1240 1667 1364 1720; x_wconf 86' lang='lat' dir='ltr'><strong>auras</strong></span> 
     </span>
     <span class='ocr_line' id='line_1_11' title="bbox 192 1773 1365 1884; baseline 0.002 -31"><span class='ocrx_word' id='word_1_86' title='bbox 192 1775 291 1854; x_wconf 89' lang='lat' dir='ltr'><strong>abiit</strong></span> <span class='ocrx_word' id='word_1_87' title='bbox 322 1785 415 1882; x_wconf 85' lang='lat' dir='ltr'><strong>post</strong></span> <span class='ocrx_word' id='word_1_88' title='bbox 444 1775 611 1882; x_wconf 83' lang='lat' dir='ltr'><strong>saepius</strong></span> <span class='ocrx_word' id='word_1_89' title='bbox 642 1773 805 1855; x_wconf 84' lang='lat' dir='ltr'><strong>citatam</strong></span> <span class='ocrx_word' id='word_1_90' title='bbox 841 1774 1013 1860; x_wconf 86' lang='lat' dir='ltr'><strong>Constit.</strong></span> <span class='ocrx_word' id='word_1_91' title='bbox 1058 1775 1120 1854; x_wconf 91' lang='lat' dir='ltr'><strong>Pii</strong></span> <span class='ocrx_word' id='word_1_92' title='bbox 1162 1775 1221 1854; x_wconf 90' lang='lat' dir='ltr'><strong>IX</strong></span> <span class='ocrx_word' id='word_1_93' title='bbox 1252 1778 1365 1884; x_wconf 85' lang='lat' dir='ltr'><strong>Apo-</strong></span> 
     </span>
     <span class='ocr_line' id='line_1_12' title="bbox 190 1907 1361 2016; baseline 0.001 -29"><span class='ocrx_word' id='word_1_94' title='bbox 190 1909 358 1989; x_wconf 70' lang='lat' dir='ltr'><strong>scoticae</strong></span> <span class='ocrx_word' id='word_1_95' title='bbox 378 1907 511 2007; x_wconf 82' lang='lat' dir='ltr'><strong>Sedis,</strong></span> <span class='ocrx_word' id='word_1_96' title='bbox 538 1934 633 1989; x_wconf 88' lang='lat' dir='ltr'><strong>curn</strong></span> <span class='ocrx_word' id='word_1_97' title='bbox 657 1909 706 1988; x_wconf 90' lang='lat' dir='ltr'><strong>de</strong></span> <span class='ocrx_word' id='word_1_98' title='bbox 738 1909 828 2016; x_wconf 89' lang='lat' dir='ltr'><strong>ipsa</strong></span> <span class='ocrx_word' id='word_1_99' title='bbox 859 1909 973 1988; x_wconf 87' lang='lat' dir='ltr'><strong>nulla</strong></span> <span class='ocrx_word' id='word_1_100' title='bbox 1004 1907 1057 1987; x_wconf 92' lang='lat' dir='ltr'><strong>ibi</strong></span> <span class='ocrx_word' id='word_1_101' title='bbox 1093 1908 1244 1988; x_wconf 88' lang='lat' dir='ltr'><strong>mentio</strong></span> <span class='ocrx_word' id='word_1_102' title='bbox 1276 1907 1361 1988; x_wconf 88' lang='lat' dir='ltr'><strong>fiat.</strong></span> 
     </span>
    </p>
   </div>
   <div class='ocr_carea' id='block_1_4' title="bbox 564 2305 993 2681">
    <p class='ocr_par' dir='ltr' id='par_1_4' title="bbox 564 2305 993 2681">
     <span class='ocr_line' id='line_1_13' title="bbox 596 2305 964 2388; baseline 0.011 -4"><span class='ocrx_word' id='word_1_103' title='bbox 596 2305 833 2388; x_wconf 81' lang='lat' dir='ltr'>TITULUS</span> <span class='ocrx_word' id='word_1_104' title='bbox 865 2306 964 2388; x_wconf 92' lang='lat' dir='ltr'><strong>XX.</strong></span> 
     </span>
     <span class='ocr_line' id='line_1_14' title="bbox 564 2573 993 2681; baseline 0.005 -29"><span class='ocrx_word' id='word_1_105' title='bbox 564 2573 628 2652; x_wconf 84' lang='lat' dir='ltr'><strong>De</strong></span> <span class='ocrx_word' id='word_1_106' title='bbox 663 2573 845 2655; x_wconf 80' lang='lat' dir='ltr'><strong>Crimine</strong></span> <span class='ocrx_word' id='word_1_107' title='bbox 865 2574 993 2681; x_wconf 82' lang='lat' dir='ltr'><strong>salsi.</strong></span> 
     </span>
    </p>
   </div>
   <div class='ocr_carea' id='block_1_5' title="bbox 100 2841 1369 4400">
    <p class='ocr_par' dir='ltr' id='par_1_5' title="bbox 191 2841 1366 3191">
     <span class='ocr_line' id='line_1_15' title="bbox 280 2841 1362 2952; baseline 0.001 -30"><span class='ocrx_word' id='word_1_108' title='bbox 280 2841 445 2924; x_wconf 86' lang='lat' dir='ltr'><strong>Crimen</strong></span> <span class='ocrx_word' id='word_1_109' title='bbox 465 2842 543 2922; x_wconf 88' lang='lat' dir='ltr'><strong>hoc</strong></span> <span class='ocrx_word' id='word_1_110' title='bbox 563 2841 759 2922; x_wconf 87' lang='lat' dir='ltr'><strong>materiae</strong></span> <span class='ocrx_word' id='word_1_111' title='bbox 780 2843 975 2924; x_wconf 88' lang='lat' dir='ltr'><strong>laesionis</strong></span> <span class='ocrx_word' id='word_1_112' title='bbox 997 2845 1173 2952; x_wconf 81' lang='lat' dir='ltr'><strong>proximi</strong></span> <span class='ocrx_word' id='word_1_113' title='bbox 1192 2843 1362 2935; x_wconf 86' lang='lat' dir='ltr'><strong>accedit,</strong></span> 
     </span>
     <span class='ocr_line' id='line_1_16' title="bbox 191 2975 1366 3084; baseline 0.002 -28"><span class='ocrx_word' id='word_1_114' title='bbox 191 2977 286 3059; x_wconf 89' lang='lat' dir='ltr'><strong>hinc</strong></span> <span class='ocrx_word' id='word_1_115' title='bbox 306 2977 400 3084; x_wconf 89' lang='lat' dir='ltr'><strong>jure</strong></span> <span class='ocrx_word' id='word_1_116' title='bbox 421 2976 472 3058; x_wconf 90' lang='lat' dir='ltr'><strong>B.</strong></span> <span class='ocrx_word' id='word_1_117' title='bbox 497 2975 773 3084; x_wconf 82' lang='lat' dir='ltr'><strong>Raymundus</strong></span> <span class='ocrx_word' id='word_1_118' title='bbox 800 2985 1054 3084; x_wconf 89' lang='lat' dir='ltr'><strong>praesentem</strong></span> <span class='ocrx_word' id='word_1_119' title='bbox 1078 2979 1244 3058; x_wconf 88' lang='lat' dir='ltr'><strong>titulum</strong></span> <span class='ocrx_word' id='word_1_120' title='bbox 1278 2978 1366 3058; x_wconf 90' lang='lat' dir='ltr'><strong>heic</strong></span> 
     </span>
     <span class='ocr_line' id='line_1_17' title="bbox 191 3109 411 3191; baseline 0.009 -3"><span class='ocrx_word' id='word_1_121' title='bbox 191 3109 411 3191; x_wconf 88' lang='lat' dir='ltr'><strong>subnectit.</strong></span> 
     </span>
    </p>

    <p class='ocr_par' dir='ltr' id='par_1_6' title="bbox 100 3243 1369 4400">
     <span class='ocr_line' id='line_1_18' title="bbox 276 3243 1369 3352; baseline 0.004 -32"><span class='ocrx_word' id='word_1_122' title='bbox 276 3243 415 3350; x_wconf 83' lang='lat' dir='ltr'><strong>ipsum</strong></span> <span class='ocrx_word' id='word_1_123' title='bbox 448 3243 720 3325; x_wconf 91' lang='lat' dir='ltr'><strong>communiter</strong></span> <span class='ocrx_word' id='word_1_124' title='bbox 750 3243 908 3324; x_wconf 87' lang='lat' dir='ltr'><strong>definiri</strong></span> <span class='ocrx_word' id='word_1_125' title='bbox 940 3250 1073 3350; x_wconf 90' lang='lat' dir='ltr'><strong>potest</strong></span> <span class='ocrx_word' id='word_1_126' title='bbox 1107 3291 1153 3302; x_wconf 92' lang='lat'>—</span> <span class='ocrx_word' id='word_1_127' title='bbox 1181 3243 1369 3352; x_wconf 73' lang='lat' dir='ltr'><strong>sinade-</strong></span> 
     </span>
     <span class='ocr_line' id='line_1_19' title="bbox 193 3375 1368 3486; baseline -0.002 -28"><span class='ocrx_word' id='word_1_128' title='bbox 193 3379 300 3458; x_wconf 69' lang='lat' dir='ltr'><strong>renea</strong></span> <span class='ocrx_word' id='word_1_129' title='bbox 351 3380 535 3460; x_wconf 84' lang='lat' dir='ltr'><strong>ceritatis</strong></span> <span class='ocrx_word' id='word_1_130' title='bbox 587 3379 816 3460; x_wconf 82' lang='lat' dir='ltr'><strong>immutatio</strong></span> <span class='ocrx_word' id='word_1_131' title='bbox 854 3379 896 3458; x_wconf 87' lang='lat' dir='ltr'><strong>in</strong></span> <span class='ocrx_word' id='word_1_132' title='bbox 930 3375 1234 3486; x_wconf 80' lang='lat' dir='ltr'><strong>praejudicinm</strong></span> <span class='ocrx_word' id='word_1_133' title='bbox 1266 3377 1368 3456; x_wconf 83' lang='lat' dir='ltr'><strong>alte·</strong></span> 
     </span>
     <span class='ocr_line' id='line_1_20' title="bbox 194 3507 1361 3619; baseline -0.002 -29"><span class='ocrx_word' id='word_1_134' title='bbox 194 3513 280 3600; x_wconf 79' lang='lat' dir='ltr'><strong>rins</strong></span> <span class='ocrx_word' id='word_1_135' title='bbox 312 3511 454 3619; x_wconf 84' lang='lat' dir='ltr'><strong>saeta.</strong></span> <span class='ocrx_word' id='word_1_136' title='bbox 489 3513 548 3591; x_wconf 88' lang='lat' dir='ltr'><strong>Ita</strong></span> <span class='ocrx_word' id='word_1_137' title='bbox 576 3509 753 3591; x_wconf 81' lang='lat' dir='ltr'><strong>Nouello</strong></span> <span class='ocrx_word' id='word_1_138' title='bbox 787 3515 861 3592; x_wconf 84' lang='lat'><strong>73.</strong></span> <span class='ocrx_word' id='word_1_139' title='bbox 898 3509 959 3588; x_wconf 85' lang='lat' dir='ltr'><strong>Ex</strong></span> <span class='ocrx_word' id='word_1_140' title='bbox 1001 3509 1078 3590; x_wconf 89' lang='lat' dir='ltr'><strong>hac</strong></span> <span class='ocrx_word' id='word_1_141' title='bbox 1114 3507 1361 3607; x_wconf 87' lang='lat' dir='ltr'><strong>definitione,</strong></span> 
     </span>
     <span class='ocr_line' id='line_1_21' title="bbox 100 3641 1363 3757; baseline -0.004 -31"><span class='ocrx_word' id='word_1_142' title='bbox 100 3743 102 3748; x_wconf 23' lang='grc' dir='ltr'>Ι</span> <span class='ocrx_word' id='word_1_143' title='bbox 193 3671 267 3757; x_wconf 85' lang='lat' dir='ltr'><strong>ceu</strong></span> <span class='ocrx_word' id='word_1_144' title='bbox 310 3645 351 3723; x_wconf 94' lang='lat' dir='ltr'><strong>in</strong></span> <span class='ocrx_word' id='word_1_145' title='bbox 393 3645 579 3726; x_wconf 91' lang='lat' dir='ltr'><strong>omnium</strong></span> <span class='ocrx_word' id='word_1_146' title='bbox 610 3643 752 3726; x_wconf 89' lang='lat' dir='ltr'><strong>oculos</strong></span> <span class='ocrx_word' id='word_1_147' title='bbox 776 3643 917 3744; x_wconf 84' lang='lat' dir='ltr'><strong>insilit,</strong></span> <span class='ocrx_word' id='word_1_148' title='bbox 953 3643 1215 3724; x_wconf 83' lang='lat' dir='ltr'><strong>manifestum</strong></span> <span class='ocrx_word' id='word_1_149' title='bbox 1248 3641 1363 3722; x_wconf 88' lang='lat' dir='ltr'><strong>erui-</strong></span> 
     </span>
     <span class='ocr_line' id='line_1_22' title="bbox 192 3776 1361 3885; baseline -0.001 -27"><span class='ocrx_word' id='word_1_150' title='bbox 192 3785 273 3878; x_wconf 88' lang='lat' dir='ltr'><strong>tur,</strong></span> <span class='ocrx_word' id='word_1_151' title='bbox 314 3776 393 3858; x_wconf 87' lang='lat' dir='ltr'><strong>tria</strong></span> <span class='ocrx_word' id='word_1_152' title='bbox 429 3777 580 3885; x_wconf 91' lang='lat' dir='ltr'><strong>requiri</strong></span> <span class='ocrx_word' id='word_1_153' title='bbox 613 3778 662 3858; x_wconf 87' lang='lat' dir='ltr'><strong>ad</strong></span> <span class='ocrx_word' id='word_1_154' title='bbox 699 3777 853 3858; x_wconf 87' lang='lat' dir='ltr'><strong>crimen</strong></span> <span class='ocrx_word' id='word_1_155' title='bbox 895 3777 973 3857; x_wconf 90' lang='lat' dir='ltr'><strong>hoc</strong></span> <span class='ocrx_word' id='word_1_156' title='bbox 1013 3777 1361 3874; x_wconf 88' lang='lat' dir='ltr'><strong>constituendum,</strong></span> 
     </span>
     <span class='ocr_line' id='line_1_23' title="bbox 192 3909 1365 4013; baseline -0.002 -23"><span class='ocrx_word' id='word_1_157' title='bbox 192 3911 347 3992; x_wconf 87' lang='lat' dir='ltr'><strong>scilicet</strong></span> <span class='ocrx_word' id='word_1_158' title='bbox 372 3914 426 3994; x_wconf 88' lang='lat'><strong>1⁰.</strong></span> <span class='ocrx_word' id='word_1_159' title='bbox 452 3912 654 4012; x_wconf 81' lang='lat' dir='ltr'><strong>fraudem,</strong></span> <span class='ocrx_word' id='word_1_160' title='bbox 679 3939 756 3993; x_wconf 89' lang='lat' dir='ltr'><strong>seu</strong></span> <span class='ocrx_word' id='word_1_161' title='bbox 779 3911 946 4013; x_wconf 77' lang='lat' dir='ltr'><strong>dolum,</strong></span> <span class='ocrx_word' id='word_1_162' title='bbox 966 3911 1055 3992; x_wconf 86' lang='lat' dir='ltr'><strong>sine</strong></span> <span class='ocrx_word' id='word_1_163' title='bbox 1076 3912 1182 3991; x_wconf 89' lang='lat' dir='ltr'><strong>enim</strong></span> <span class='ocrx_word' id='word_1_164' title='bbox 1207 3909 1365 4011; x_wconf 85' lang='lat' dir='ltr'><strong>fraude,</strong></span> 
     </span>
     <span class='ocr_line' id='line_1_24' title="bbox 192 4043 1365 4154; baseline -0.001 -28"><span class='ocrx_word' id='word_1_165' title='bbox 192 4059 231 4127; x_wconf 92' lang='lat' dir='ltr'><strong>et</strong></span> <span class='ocrx_word' id='word_1_166' title='bbox 248 4047 340 4128; x_wconf 93' lang='lat' dir='ltr'><strong>dolo</strong></span> <span class='ocrx_word' id='word_1_167' title='bbox 359 4045 459 4127; x_wconf 90' lang='lat' dir='ltr'><strong>illud</strong></span> <span class='ocrx_word' id='word_1_168' title='bbox 476 4048 674 4129; x_wconf 84' lang='lat' dir='ltr'><strong>committi</strong></span> <span class='ocrx_word' id='word_1_169' title='bbox 693 4047 804 4128; x_wconf 88' lang='lat' dir='ltr'><strong>haud</strong></span> <span class='ocrx_word' id='word_1_170' title='bbox 822 4073 945 4154; x_wconf 88' lang='lat' dir='ltr'><strong>posse</strong></span> <span class='ocrx_word' id='word_1_171' title='bbox 963 4045 1085 4126; x_wconf 85' lang='lat' dir='ltr'><strong>tradit</strong></span> <span class='ocrx_word' id='word_1_172' title='bbox 1101 4047 1170 4124; x_wconf 74' lang='lat' dir='ltr'><strong>leae</strong></span> <span class='ocrx_word' id='word_1_173' title='bbox 1185 4049 1246 4125; x_wconf 81' lang='lat'><strong>20</strong></span> <span class='ocrx_word' id='word_1_174' title='bbox 1263 4043 1365 4125; x_wconf 87' lang='lat' dir='ltr'><strong>Cod.</strong></span> 
     </span>
     <span class='ocr_line' id='line_1_25' title="bbox 111 4177 1367 4296; baseline -0.002 -36"><span class='ocrx_word' id='word_1_175' title='bbox 111 4253 115 4260; x_wconf 87' lang='lat'><strong><em>.</em></strong></span> <span class='ocrx_word' id='word_1_176' title='bbox 191 4181 248 4262; x_wconf 80' lang='lat' dir='ltr'><strong>cd</strong></span> <span class='ocrx_word' id='word_1_177' title='bbox 279 4181 354 4290; x_wconf 74' lang='lat' dir='ltr'><strong>lep.</strong></span> <span class='ocrx_word' id='word_1_178' title='bbox 385 4181 548 4296; x_wconf 68' lang='lat' dir='ltr'><strong>Cernat.</strong></span> <span class='ocrx_word' id='word_1_179' title='bbox 575 4182 624 4262; x_wconf 85' lang='lat' dir='ltr'><strong>de</strong></span> <span class='ocrx_word' id='word_1_180' title='bbox 636 4181 786 4290; x_wconf 75' lang='lat' dir='ltr'><strong>falsis,</strong></span> <span class='ocrx_word' id='word_1_181' title='bbox 813 4184 870 4261; x_wconf 86' lang='lat'><strong>2⁰.</strong></span> <span class='ocrx_word' id='word_1_182' title='bbox 898 4180 1139 4280; x_wconf 88' lang='lat' dir='ltr'><strong>Fictionem,</strong></span> <span class='ocrx_word' id='word_1_183' title='bbox 1159 4205 1233 4260; x_wconf 91' lang='lat' dir='ltr'><strong>seu</strong></span> <span class='ocrx_word' id='word_1_184' title='bbox 1257 4177 1367 4270; x_wconf 88' lang='lat' dir='ltr'><strong>veri·</strong></span> 
     </span>
     <span class='ocr_line' id='line_1_26' title="bbox 192 4313 1369 4400; baseline -0.003 -2"><span class='ocrx_word' id='word_1_185' title='bbox 192 4317 286 4398; x_wconf 88' lang='lat' dir='ltr'><strong>tatis</strong></span> <span class='ocrx_word' id='word_1_186' title='bbox 310 4318 654 4400; x_wconf 87' lang='lat' dir='ltr'><strong>immutationem.</strong></span> <span class='ocrx_word' id='word_1_187' title='bbox 697 4320 751 4398; x_wconf 80' lang='lat'><strong>3⁰.</strong></span> <span class='ocrx_word' id='word_1_188' title='bbox 794 4315 1101 4397; x_wconf 87' lang='lat' dir='ltr'><strong>Nocumentum</strong></span> <span class='ocrx_word' id='word_1_189' title='bbox 1134 4313 1245 4396; x_wconf 84' lang='lat' dir='ltr'><strong>alteri</strong></span> <span class='ocrx_word' id='word_1_190' title='bbox 1280 4313 1369 4394; x_wconf 90' lang='lat' dir='ltr'><strong>illa-</strong></span> 
     </span>
    </p>
   </div>
   <div class='ocr_carea' id='block_1_6' title="bbox 193 4449 1369 4658">
    <p class='ocr_par' dir='ltr' id='par_1_7' title="bbox 193 4449 1369 4658">
     <span class='ocr_line' id='line_1_27' title="bbox 193 4449 1369 4558; baseline -0.002 -28"><span class='ocrx_word' id='word_1_191' title='bbox 193 4465 295 4552; x_wconf 88' lang='lat' dir='ltr'><strong>tum,</strong></span> <span class='ocrx_word' id='word_1_192' title='bbox 321 4453 382 4532; x_wconf 90' lang='lat' dir='ltr'><strong>vel</strong></span> <span class='ocrx_word' id='word_1_193' title='bbox 415 4451 689 4552; x_wconf 82' lang='lat' dir='ltr'><strong>inserendum,</strong></span> <span class='ocrx_word' id='word_1_194' title='bbox 724 4451 817 4532; x_wconf 88' lang='lat' dir='ltr'><strong>licet</strong></span> <span class='ocrx_word' id='word_1_195' title='bbox 849 4477 920 4558; x_wconf 90' lang='lat' dir='ltr'><strong>per</strong></span> <span class='ocrx_word' id='word_1_196' title='bbox 949 4449 1139 4540; x_wconf 85' lang='lat' dir='ltr'><strong>accidens</strong></span> <span class='ocrx_word' id='word_1_197' title='bbox 1171 4449 1369 4556; x_wconf 86' lang='lat' dir='ltr'><strong>impedia-</strong></span> 
     </span>
     <span class='ocr_line' id='line_1_28' title="bbox 301 4593 1264 4658; baseline -0.004 -4"><span class='ocrx_word' id='word_1_198' title='bbox 301 4614 504 4658; x_wconf 64' lang='lat' dir='ltr'><strong>umnm</strong></span> <span class='ocrx_word' id='word_1_199' title='bbox 1228 4593 1264 4651; x_wconf 75' lang='lat' dir='ltr'><strong><em>w</em></strong></span> 
     </span>
    </p>
   </div>
   <div class='ocr_carea' id='block_1_7' title="bbox 0 0 1685 5126">
    <p class='ocr_par' dir='ltr' id='par_1_8' title="bbox 0 0 1685 5126">
     <span class='ocr_line' id='line_1_29' title="bbox 0 0 1685 5126; baseline 0 0"><span class='ocrx_word' id='word_1_200' title='bbox 0 0 1685 5126; x_wconf 95' lang='lat' dir='ltr'><strong> </strong></span> 
     </span>
    </p>
   </div>
  </div>
 </body>
</html>
