3380 5132
350 375 395 444 32
649 395 916 442 exsuci-:ericam
940 395 1034 442 rums
1056 393 1214 440 annorum

352 549 435 604 cese
465 523 729 624 haereticum,
764 549 843 603 non
874 523 1022 603 teneris
1063 521 1328 624 denunciare,
1361 525 1401 604 si
1433 551 1536 635 pro·

353 661 451 740 liure
495 683 575 737 non
612 657 762 767 possis.
813 655 894 737 Sed
936 655 1153 736 videamus
1202 657 1324 738 modo
1367 657 1536 764 quinam

347 789 597 898 judicialiter
638 789 888 871 denunciare
919 790 1095 871 valeant.
1384 877 1388 885 Α

439 923 638 1018 Quaestio
689 923 928 1032 hujusmodi
974 922 1198 1005 admodum
1251 923 1429 1005 difficilis
1474 933 1537 1006 est

352 1067 517 1166 propter
537 1057 719 1166 inopiam
742 1064 782 1138 et
802 1065 1025 1164 egestatem
1056 1063 1247 1138 textuum
1274 1057 1379 1138 sacri
1407 1057 1530 1165 juriS,

351 1219 399 1274 ac
430 1191 600 1300 proinde
631 1190 749 1272 facile
779 1191 959 1299 prolecto
991 1217 1072 1271 non
1106 1197 1168 1270 est
1198 1190 1444 1293 discernere,
1485 1219 1533 1274 ao

351 1325 519 1406 definire
552 1325 722 1432 quinam
754 1323 913 1405 habiles
943 1323 1039 1426 sint,
1065 1323 1128 1404 vel
1151 1322 1354 1405 inhabiles
1387 1325 1437 1407 ad
1465 1325 1533 1432 ju-

349 1457 549 1539 dicialiter
579 1458 932 1558 denunciandum,
957 1485 1032 1539 ceu
1065 1457 1189 1538 tradit
1219 1458 1355 1538 Bouix
1393 1465 1531 1540 textus

349 1617 495 1671 omnes
517 1593 776 1698 exponendo,
809 1600 849 1672 et
869 1590 1129 1699 explicando,
1165 1589 1318 1697 quibus
1349 1591 1438 1673 DD.
1470 1591 1532 1671 in-

350 1726 550 1807 nituntur.
600 1725 737 1806 Tract.
782 1723 832 1804 de
860 1725 1039 1831 judiciis
1068 1755 1116 1836 p.
1151 1728 1197 1825 2,
1233 1729 1258 1827 ἓ
1290 1729 1335 1806 3.
1379 1726 1422 1806 ln
1453 1725 1531 1807 hac
1680 1729 1681 1732 ‘

351 1859 487 1965 itaque
518 1864 759 1967 paupertate
791 1863 976 1939 textuum
1014 1857 1116 1939 illud
1149 1856 1191 1938 in
1223 1857 1406 1938 medium
1437 1884 1531 1964 pro-

351 1992 531 2073 feremus
553 1992 661 2099 quod
684 1991 875 2073 meliores
891 1993 1105 2094 DoctoreS,
1125 2000 1165 2073 et
1181 1990 1426 2072 Canonistae
1447 1997 1530 2071 tra-

347 2125 466 2206 dunt.
501 2124 631 2232 Ajunt
662 2124 755 2233 ipsi,
790 2125 1014 2208 inhabilem
1042 2126 1094 2207 ad
1126 2124 1405 2206 accusandum
1437 2151 1529 2206 esse
1680 2217 1681 2220 a

349 2259 472 2339 etiam
518 2257 741 2339 inhabilem
789 2259 840 2340 ad
888 2259 1117 2340 faciendam
1168 2257 1527 2338 denunciationem
1680 2325 1681 2340 2

344 2389 582 2496 judicialem
624 2390 675 2470 ed
718 2390 940 2470 viridictam
986 2389 1211 2498 publicam,
1255 2397 1295 2471 et
1335 2391 1404 2498 qui
1446 2415 1526 2470 non

349 2529 481 2628 potest
511 2547 708 2603 accusare
729 2548 810 2602 non
834 2549 955 2630 posse
982 2523 1233 2630 judicialiter
1253 2524 1525 2624 denunciare;

348 2656 470 2771 idque
501 2656 711 2736 deducunt
750 2682 799 2736 ex
834 2657 938 2768 Cap.
979 2657 1082 2739 Cum
1123 2657 1293 2740 dilectus
1322 2661 1384 2740 20
1416 2657 1458 2740 le.
1493 2667 1522 2742 l.

348 2792 398 2871 Et
420 2790 524 2870 ratio
547 2798 622 2890 est,
658 2789 754 2896 quia
774 2789 875 2871 haec
896 2791 1159 2896 denunciatio
1190 2791 1314 2872 habet
1333 2792 1524 2873 eumdem

347 2924 485 3024 finem,
520 2931 559 3004 et
587 2923 856 3032 principalem
899 2925 1089 3007 effectum
1133 2954 1229 3007 cum
1266 2927 1527 3009 accusatione

345 3057 526 3166 publica,
574 3083 721 3164 nempe
767 3056 990 3138 vindictam
1038 3059 1088 3140 ad
1135 3061 1293 3142 bonum
1339 3087 1526 3142 commu·

284 3185 286 3190 ’
346 3191 498 3290 nitatis,
537 3191 837 3298 inexemplum
880 3191 1073 3292 aliorum,
1113 3195 1279 3302 agitque
1315 3193 1426 3276 vices
1457 3220 1525 3295 ac-
1680 3239 1681 3282 ;

344 3325 585 3408 cusationiS.
621 3325 729 3406 Hinc
759 3323 895 3405 valere
925 3326 1110 3406 subdunt
1146 3335 1437 3434 argumentum
1470 3329 1522 3408 ab

343 3461 606 3541 accusatione
638 3459 689 3541 ad
721 3458 1097 3558 denunciationem,
1125 3468 1165 3542 et
1185 3461 1408 3542 viceversa.
1444 3459 1525 3541 Sa·

344 3591 451 3672 licet.
487 3591 528 3672 in
561 3592 636 3700 lep.
673 3595 717 3692 7,
752 3620 792 3676 n.
830 3598 906 3694 11,
945 3593 1046 3674 Cod.
1083 3594 1124 3676 n.
1160 3603 1188 3675 t.
1224 3594 1352 3677 Addit
1382 3601 1520 3676 autem

343 3723 581 3804 Ludovicus
611 3725 772 3803 Amcno
795 3724 836 3805 n.
863 3735 891 3804 t.
920 3753 955 3806 c.
983 3728 1258 3808 Denunciaiio
1275 3731 1300 3830 ἓ
1317 3731 1363 3828 3,
1382 3756 1423 3808 n.
1462 3731 1519 3808 15

343 3883 395 3936 ex
426 3857 634 3938 communi
666 3857 934 3939 tribunalium
978 3863 1109 3968 praxi,
1146 3887 1194 3943 ac
1225 3869 1388 3969 recepta
1422 3889 1520 3943 con-

341 3993 560 4072 suetudine
591 3989 712 4071 hodie
744 3993 933 4097 quemvis
954 3993 1048 4075 licet
1070 3995 1173 4074 alias
1201 3994 1422 4076 inhabilem
1446 3997 1518 4076 ad-

343 4124 445 4204 mitti
460 4125 511 4206 ad
527 4124 886 4207 denunciationem
899 4127 1136 4234 judicialem
1150 4129 1274 4209 etiam
1285 4130 1513 4241 publicum,
1545 4121 1546 4124 Ὺ

342 4283 416 4336 seu
434 4257 706 4358 criminalem,
722 4286 770 4340 eo
787 4260 895 4368 quod
913 4288 986 4369 per
1001 4262 1361 4344 denunciationem
1379 4264 1514 4346 solum

339 4397 547 4472 sternatur
578 4390 645 4472 via
676 4392 726 4473 ad
759 4393 1066 4501 inquirendum.
1098 4397 1236 4489 Quare
1268 4397 1517 4480 concluden-
