3360 5126
348 341 414 406 222
654 354 926 402 manuducens
952 353 1046 400 cums
1068 353 1223 400 cenoman

352 485 525 565 Constit.
551 485 580 561 8
605 481 727 594 incip.
753 480 875 562 Sedes
905 479 1159 591 Apostolica,
1184 503 1267 586 qua
1286 477 1389 559 haec
1409 505 1545 586 prae-

347 617 503 698 scribit.
563 618 621 694 l.⁰
652 615 696 696 Si
739 614 873 696 foetus
914 640 996 694 non
1037 620 1099 694 est
1138 611 1361 713 animatuS,
1395 621 1543 695 cessat
1667 659 1668 662 κ

352 748 491 830 Const.
518 747 695 849 Sixtina,
721 749 832 830 etad
855 745 1051 828 terminos
1077 745 1185 854 juris
1211 745 1447 826 communis
1469 775 1537 828 re·

351 885 529 967 ducitur.
554 883 617 965 2.ο
639 883 683 963 Si
707 882 842 962 foetus
873 881 1081 962 animatus
1102 888 1181 980 est,
1204 879 1437 988 Episcopus
1459 909 1540 990 per

348 1046 410 1120 se,
430 1025 503 1099 aut
517 1045 591 1126 per
605 1017 732 1097 alium
756 1016 808 1097 ab
830 1017 1144 1123 eodeputatum
1162 1013 1374 1095 absolvere
1395 1023 1540 1122 potest

351 1153 403 1232 ab
435 1149 876 1250 excommunicatione,
911 1175 985 1259 pro
1025 1149 1112 1229 foro
1153 1149 1314 1230 interno
1348 1156 1534 1250 tantum,

350 1311 432 1365 non
472 1309 570 1365 vero
610 1283 848 1393 dispensare
878 1283 919 1364 in
951 1282 1251 1390 irregularitate
1291 1307 1364 1389 per
1407 1283 1532 1364 Trid.

351 1419 460 1500 Sese.
493 1421 556 1502 24
587 1445 622 1498 c.
649 1417 748 1498 dote
773 1418 1008 1526 Resornrnt.
1045 1415 1115 1496 ubi
1145 1441 1267 1497 casus
1298 1413 1532 1518 homicidii,

350 1551 486 1658 qualis
516 1550 640 1631 etiarn
662 1553 786 1634 estin
809 1554 958 1633 abortu
990 1549 1123 1632 foetus
1154 1549 1340 1650 animati,
1370 1549 1536 1658 specia-

350 1681 442 1764 liter
471 1684 688 1791 excipitur.

436 1815 735 1897 Verumtamen
757 1816 930 1898 Constit.
954 1815 1215 1927 Apostolicne
1234 1815 1352 1897 Sedis
1373 1815 1535 1924 aliquid

316 1941 322 1948 ’
347 1951 460 2031 circa
481 1974 657 2056 poenam
678 1951 1121 2032 excommunicationis
1143 1949 1352 2032 innovavit
1364 1979 1375 2050 ;
1397 1951 1537 2057 siqui-

351 2083 445 2164 dem
462 2083 568 2164 inter
587 2083 1037 2166 excommunicationes
1057 2084 1163 2164 latae
1184 2083 1408 2164 sententiae
1427 2082 1534 2192 Epi-

347 2243 489 2326 scop0,
533 2245 609 2300 seu
643 2217 862 2300 Ordinario
893 2225 1101 2299 reservata
1141 2215 1292 2324 legitur
1320 2216 1407 2298 snb.
1431 2246 1473 2298 n.
1499 2224 1534 2303 2

357 2354 723 2433 eccccnnnrunicatio
741 2360 885 2432 contro
894 2360 1163 2462 procurantes
1179 2351 1368 2433 abortum
1383 2353 1532 2460 effectu

355 2492 536 2592 sequuta.
571 2485 679 2566 Hinc
709 2487 744 2564 si
776 2485 947 2565 abortus
977 2485 1164 2591 sequitur
1193 2487 1279 2566 sive
1311 2485 1445 2568 foetus
1475 2486 1533 2568 sit

352 2618 574 2718 animatus,
610 2619 697 2698 sive
729 2625 835 2715 non,
869 2619 1240 2700 excommunicatio
1271 2646 1436 2728 semper
1466 2621 1531 2700 in-

353 2752 546 2848 curritur,
578 2749 693 2830 nulla
712 2749 970 2832 distinctione
1001 2751 1109 2833 lacta
1129 2753 1233 2832 inter
1253 2752 1409 2834 loetum
1441 2755 1530 2834 ani-

355 2890 529 2982 matum,
559 2891 599 2963 et
620 2883 773 2964 loetum
806 2885 1095 2967 inanimatum.
1130 2887 1220 2967 Hoc
1240 2897 1427 2996 excepto,
1456 2889 1528 2994 jus

348 3014 570 3123 antiquum
611 3013 745 3098 foetus
786 3019 955 3099 animati
996 3019 1271 3101 conditionem
1299 3021 1528 3130 'respiciens

355 3148 490 3230 adhuc
519 3150 645 3257 viget,
678 3159 718 3232 et
746 3161 949 3234 servatur.

433 3282 650 3365 Co'eterum
668 3283 853 3366 Ecclesia
868 3285 1042 3367 sollicite
1059 3287 1301 3396 invigilavit,
1324 3297 1370 3369 ut
1388 3291 1527 3370 omnis

346 3420 508 3501 occasio
539 3418 749 3501 homicidii
772 3420 965 3502 indirecte
987 3421 1207 3504 voluntarii
1238 3431 1524 3524 removeatur;

349 3561 597 3660 quapropter
627 3560 816 3661 parentes
847 3554 1054 3656 admonet,
1080 3581 1129 3636 ne
1155 3557 1351 3664 parvulos
1381 3582 1528 3636 reeens

347 3693 466 3763 natos
495 3710 637 3765 secum
658 3685 699 3765 in
723 3687 867 3768 eodem
899 3689 1001 3770 lecto
1021 3697 1277 3796 pernoctem
1298 3691 1525 3790 detineant,

346 3843 397 3896 ne
430 3817 531 3898 forte
563 3818 800 3900 dormiendo
832 3847 904 3902 eos
933 3823 1182 3930 opprimant.
1214 3824 1381 3932 Legitur
1411 3821 1528 3904 enim

346 3949 386 4032 in
423 3951 529 4033 Can.
568 3952 821 4036 Consutnteti
839 3961 902 4042 20
934 3981 1046 4038 cuns.
1070 3963 1102 4042 2
1122 3987 1162 4066 q.
1188 3961 1233 4041 5.
1252 4003 1311 4020 -
1326 3957 1529 4040 Monendi

343 4096 454 4186 sunt,
483 4094 520 4166 et
534 4087 795 4199 protestandi
802 4099 1009 4199 parentes,
1036 4119 1086 4172 ne
1106 4100 1190 4172 tum
1206 4093 1372 4173 tenellos
1391 4117 1529 4173 aecum

347 4219 391 4295 in
422 4247 500 4299 uno
522 4219 623 4300 tecto
655 4222 862 4324 collocent,
886 4225 1200 4334 nenegligentia
1231 4225 1408 4334 quolibet
1429 4253 1530 4336 pro·

349 4353 527 4432 ueniente
564 4355 827 4460 suffocentur,
874 4359 936 4439 cet
975 4361 1260 4470 opprimatur·
1303 4359 1409 4440 unde
1447 4361 1531 4470 ipsi
