3356 5118
675 963 809 1026 crana
830 963 868 1026 v.

368 1105 782 1186 DECRETALIUM
810 1099 1087 1179 GREGORII
1116 1099 1181 1176 IX

553 1288 598 1334 nn
621 1283 788 1352 nnn1cr1s,
811 1283 854 1329 ar
879 1281 1001 1330 nonius

655 1464 894 1478 Μ

1302 1825 1352 1868 ros.

191 1917 342 1984 'Prsunus
365 1916 391 1984 1.
572 1917 621 1984 De
643 1917 913 1998 accusationibus,
933 1914 1248 1994 denunciationibus,

663 2031 697 2091 et
718 2025 986 2110 inquisitionibus
1021 2071 1251 2088 .....
1343 2023 1362 2087 6

260 2157 278 2194 a
363 2133 408 2199 ΙΙ.
574 2133 623 2198 De
648 2133 947 2200 Calumniatoribus
962 2177 1250 2198 ......
1319 2129 1361 2194 91

261 2265 278 2301 ›
366 2239 426 2306 ΙΙΙ.
576 2239 625 2306 De
649 2239 807 2321 Simonis,
832 2246 865 2306 et
888 2263 928 2306 ne
952 2240 1076 2325 aliquid
1101 2261 1160 2324 pro
1186 2238 1253 2324 spi·

665 2347 838 2413 ritualibus
862 2347 1023 2434 exigatur,
1041 2345 1094 2412 vel
1116 2345 1253 2432 promit·

665 2459 756 2521 tatur
797 2501 1251 2519 .........
1321 2455 1363 2519 95

366 2561 424 2628 IV.
573 2559 625 2627 Ne
641 2560 786 2628 Praelati
808 2561 894 2628 vices
918 2585 1001 2641 suas,
1022 2561 1072 2627 vel
1088 2560 1254 2626 Ecclesias

667 2669 727 2734 sub
751 2690 859 2734 annuo
883 2691 981 2734 censu
1006 2668 1195 2734 concedant.
1243 2716 1251 2732 .
1300 2668 1361 2734 147

262 2799 280 2834 »
366 2774 408 2840 V.
577 2775 625 2842 De
648 2775 825 2862 magistris,
843 2780 876 2842 ct
893 2798 933 2841 nc
956 2775 1080 2861 aliquid
1105 2774 1256 2862 exigatur

668 2905 728 2968 pro
751 2881 885 2949 licentia
908 2884 1044 2950 docendi
1077 2932 1084 2948 .
1134 2930 1141 2946 .
1190 2931 1197 2947 .
1246 2930 1253 2947 .
1303 2882 1366 2948 154

264 3014 283 3050 a
368 2989 427 3056 Vl.
577 2989 627 3056 De
661 2989 814 3072 ludaeis,
850 2989 1039 3072 Saracenis,
1076 3013 1256 3076 eorumque

671 3097 772 3163 servis
801 3145 1258 3164 .........
1307 3099 1368 3163 171

267 3230 286 3266 a
371 3203 437 3271 VII
580 3203 631 3280 De
655 3204 828 3270 haereticis
859 3251 1258 3270 ........
1308 3205 1369 3270 185

576 3311 627 3402 De
650 3311 874 3392 schismaticis,
905 3317 939 3378 et
962 3313 1120 3378 ordinatis
1145 3313 1186 3378 ab
1211 3312 1257 3378 eis
1303 3315 1368 3379 202

258 3425 283 3483 'a
368 3419 426 3488 IX.
578 3422 626 3488 De
650 3419 821 3507 Apostatis
846 3425 879 3488 et
906 3421 1138 3488 reiterantibus
1168 3421 1257 3506 Bap-

671 3530 769 3596 tisma
801 3577 1257 3596 .........
1304 3529 1370 3596 210

266 3661 285 3697 >
369 3635 410 3703 X.
583 3636 632 3702 Ds
656 3636 717 3717 his,
743 3637 799 3722 qui
822 3636 907 3703 filios
932 3636 1146 3704 occiderunt.
1195 3685 1202 3702 .
1250 3685 1257 3702 .
1304 3637 1369 3703 219

369 3743 418 3811 XI
579 3744 629 3811 De
644 3744 837 3826 infantibus,
858 3750 892 3812 st
907 3744 1073 3833 languidis
1101 3745 1258 3832 expositis
1305 3746 1370 3811 223

582 3854 632 3920 De
655 3854 830 3922 homicidio
854 3856 1051 3937 voluntario,
1086 3861 1120 3924 et
1140 3855 1262 3922 casuali
1308 3853 1373 3922 227

583 3963 632 4029 De
656 3961 906 4030 Tomeamentis
918 4010 1261 4030 .......
1307 3963 1373 4029 244

373 4069 464 4138 XIV.
584 4070 634 4136 De
658 4068 790 4136 Clericis
813 4072 1038 4158 pugnantibus
1060 4071 1094 4137 in
1118 4071 1259 4138 duello.
1306 4069 1370 4137 247

270 4203 288 4237 »
373 4178 436 4246 XV
585 4178 635 4244 De
659 4177 840 4265 sagittariis
864 4227 1262 4247 ........
1309 4179 1374 4245 254

582 4284 631 4351 De
655 4285 826 4368 adulterio,
852 4291 885 4353 et
908 4291 1022 4372 stupro
1087 4335 1095 4353 .
1142 4334 1150 4352 .
1198 4333 1206 4352 .
1253 4334 1261 4352 .
1307 4286 1373 4352 255

583 4392 633 4460 De
649 4392 848 4478 raptoribus,
866 4397 900 4460 et
914 4393 1133 4477 incendiariis,
1147 4399 1181 4462 et
1193 4393 1262 4462 vic·

674 4499 834 4568 latoribus
856 4500 1076 4570 Ecclesiarum
1140 4549 1148 4570 .
1195 4549 1203 4568 .
1252 4548 1260 4567 .
1306 4499 1371 4568 271
