3360 5126
524 443 624 488 mnes
646 443 678 489 v.
696 459 739 470 -
763 441 905 488 munus
927 443 995 486 x1x.
1279 421 1347 488 287

167 579 334 680 pactum
355 571 532 651 liberum
552 568 835 677 praecesserit,
860 575 900 648 et
926 573 1120 648 mutuum
1143 568 1197 684 sit
1218 596 1348 655 cause

168 706 295 813 hujus
325 703 482 786 damni.
1299 701 1301 706 ’

254 840 421 920 Titulus
452 845 589 920 autem
614 840 795 950 perbeati
834 837 1083 920 amittendae
1123 842 1262 934 sortis,
1303 850 1349 924 ut

166 974 399 1056 verificetur
428 973 690 1056 distinctione
721 1001 828 1082 opus
859 981 941 1056 est:
974 974 1037 1054 vel
1068 973 1178 1054 enim
1201 975 1350 1082 hujus-

168 1107 279 1190 modi
311 1109 539 1216 periculum
570 1117 633 1189 est
664 1117 859 1191 remotam
891 1135 938 1191 ac
966 1135 1077 1189 merc
1093 1111 1289 1220 possibile
1311 1121 1350 1192 et

167 1243 220 1322 ob
252 1243 389 1351 ipsum
420 1243 520 1323 nihil
552 1243 661 1324 ultra
699 1251 852 1325 sortem
898 1243 1004 1350 exigi
1051 1252 1203 1350 potest,
1252 1273 1346 1326 cum

168 1377 268 1458 illud
299 1377 354 1460 sit
384 1377 653 1459 intrinsecum
682 1377 761 1486 ipsi
792 1388 955 1479 mutuo,
990 1387 1030 1459 et
1059 1391 1352 1486 compensetur

168 1515 384 1596 commodo
415 1540 497 1595 non
519 1513 733 1595 amittendi
756 1514 867 1594 illam
890 1514 999 1622 apud
1022 1521 1060 1594 te
1083 1513 1347 1616 existentem,

169 1675 293 1756 quam
325 1647 528 1746 amittere,
563 1648 626 1728 vel
658 1649 825 1755 perdere
856 1673 1000 1756 posses
1048 1647 1173 1730 etiam
1219 1647 1346 1748 turm,

170 1783 330 1891 alioque
352 1810 453 1865 casu
476 1783 663 1864 fortuito:
686 1782 749 1864 vel
763 1784 996 1894 periculam
1017 1786 1346 1894 estprooeimam,

164 1917 393 2030 probabile,
427 1943 476 1999 ac
498 1917 699 2029 prodeas,
733 1917 853 2025 quale
884 1925 960 2018 est,
994 1917 1029 1998 si
1065 1917 1350 1998 mutuatarius

170 2075 252 2129 non
283 2051 337 2130 sit
366 2052 469 2130 satis
498 2059 638 2149 notus,
672 2051 707 2131 si
739 2050 958 2158 profugus
992 2051 1128 2130 sinon
1149 2051 1281 2130 bonae
1303 2051 1353 2129 fi-

170 2183 234 2262 dei
266 2190 342 2262 etc.
377 2193 417 2263 et
447 2194 546 2263 tunc
575 2183 686 2289 exigi
709 2193 842 2290 potest
868 2182 1025 2289 aliquid
1046 2183 1157 2263 ultra
1178 2189 1346 2264 sortem.

170 2314 294 2396 Ratio
326 2323 404 2416 est,
438 2315 536 2424 quia
567 2343 648 2395 non
679 2316 830 2396 teneris
860 2341 1066 2422 exponere
1106 2327 1147 2396 te
1178 2315 1249 2396 tali
1279 2343 1351 2426 pe-

64 2556 68 2566 Ι
169 2448 314 2546 riculo,
352 2455 392 2528 et
422 2448 572 2556 exponi
604 2457 665 2529 est
698 2449 825 2557 pretio
857 2447 1132 2530 aestimabile:
1166 2476 1263 2556 ergo
1290 2449 1350 2530 sic

169 2590 209 2662 te
240 2584 483 2690 exponendo
514 2583 557 2662 in
589 2583 766 2690 gratiam
796 2581 1037 2662 mutuatarii
1069 2589 1188 2689 potes
1218 2583 1270 2662 ab
1302 2609 1351 2662 eo

172 2715 324 2822 aliquid
357 2715 467 2796 ultra
497 2726 650 2798 sortem
682 2716 863 2823 exigere.

259 2849 428 2930 Praeter
457 2849 682 2930 recensitos
712 2848 855 2930 titulos
877 2857 1051 2956 possunt
1072 2849 1182 2950 addi,
1207 2857 1247 2930 et
1263 2847 1348 2950 alii,

171 2983 327 3064 scilicet
357 2991 463 3063 taaa
495 2983 652 3092 legatis,
687 2990 726 3062 et
756 2982 1029 3091 foecunditas
1058 2987 1273 3092 paeoniae.
1308 2985 1352 3064 In

171 3117 297 3196 variis
328 3117 454 3198 cultis
485 3116 723 3197 nationibus
744 3121 910 3222 recepta
932 3115 1010 3196 luit
1029 3113 1268 3222 hujusmodi
1292 3117 1353 3196 di·

172 3247 359 3355 spositi0,
394 3257 440 3328 ut
466 3275 521 3328 ex
552 3249 729 3355 pecunia
758 3256 904 3329 mutua
928 3257 1085 3328 certum
1105 3248 1268 3329 lucrum
1290 3275 1353 3328 re·

173 3383 391 3492 ciperctur‚
425 3383 534 3490 quod
565 3382 685 3463 hodie
717 3382 800 3463 lere
832 3381 884 3460 ab
914 3380 1110 3462 omnibus
1139 3383 1351 3487 guberniis

173 3517 364 3599 civilibus
394 3523 605 3624 receptum
636 3526 713 3618 est,
748 3525 788 3598 et
818 3515 933 3598 audit
962 3525 1071 3595 taoea
1103 3514 1260 3624 legalis.

260 3653 403 3760 Usque
434 3651 485 3732 ad
516 3651 617 3732 haec
646 3659 832 3759 tempora
854 3657 1163 3731 contraversum
1185 3657 1262 3747 est,
1295 3678 1350 3730 u-

173 3795 282 3868 trum
299 3785 538 3896 hujusmodi
555 3786 717 3868 lucrum
734 3784 842 3867 licite
861 3783 986 3893 recipi
1003 3785 1148 3893 possit,
1168 3784 1354 3892 quando·

173 3921 338 4029 quidem
371 3943 510 4002 veram·
539 3919 749 4004 Ecclesiae
780 3917 1120 4028 approbationem
1159 3945 1240 3998 non
1272 3916 1353 3996 ha-

172 4055 336 4156 bemus,
354 4057 441 4138 ¹scd
472 4056 660 4138 Ecclesia
683 4054 952 4163 disputationi
979 4051 1265 4158 theologorum
1289 4077 1354 4130 re-

172 4189 304 4298 liquit.
339 4189 448 4272 Hinc
487 4189 667 4272 theorice
712 4188 890 4270 decisivo
921 4184 1158 4295 responderi
1191 4185 1347 4292 nequit.

171 4323 214 4403 ln
237 4323 355 4432 praxi
386 4333 526 4407 tamen
556 4324 809 4431 interrogata
838 4319 993 4430 pluries
1024 4322 1180 4402 Sancte
1205 4319 1351 4422 Sedes,

173 4464 312 4538 utrum
344 4467 452 4540 esset
484 4459 725 4566 deneganda
746 4457 952 4540 absolutio
974 4453 1071 4554 illis,
1097 4453 1165 4564 qui
1189 4453 1351 4536 lucrum
