3264 5146
323 407 366 469 52
612 423 904 475 rnxnnucrrouns
927 423 1020 478 rums
1044 423 1212 475 exuonrcr

329 559 468 632 menta
488 550 568 632 ista
579 550 666 658 jam
683 559 799 632 erant
815 553 866 631 ab
883 550 1068 632 Ecclesia
1083 550 1308 659 proposita,
1327 553 1494 658 quando

329 685 549 766 modernae
560 685 778 766 societates
791 685 1090 766 haereticorum
1102 695 1268 765 exortae
1279 693 1392 784 sunt,
1410 712 1492 764 non

329 827 392 900 est
422 819 590 926 proinde
621 822 877 927 arguendum
909 819 1136 901 Ecclesiam
1168 819 1210 899 in
1241 820 1292 899 iis
1322 821 1494 901 edendis

330 951 422 1032 illos
452 979 533 1032 non
564 954 812 1060 respexisse;
846 961 965 1034 etex
1007 953 1136 1032 altera
1176 959 1290 1060 parte
1329 953 1492 1034 nullum

328 1084 531 1165 habemus
561 1085 757 1166 indicium
788 1085 1014 1167 Ecclesiam
1046 1086 1190 1166 deinde
1220 1113 1290 1166 eos
1311 1086 1493 1167 voluisse

328 1219 515 1326 excipere
546 1219 597 1299 ab
630 1219 867 1299 earumdem
892 1219 1192 1300 observatione.
1218 1220 1299 1312 Qui
1322 1219 1493 1325 proinde

329 1353 443 1432 initio
470 1354 727 1454 tenebantur,
752 1355 957 1461 quomodo
973 1355 1170 1461 probatur
1186 1353 1334 1435 exinde
1364 1353 1492 1433 fuisse

328 1513 354 1566 a
383 1485 522 1592 legum
553 1487 836 1566 observatione
867 1495 1096 1594 exemptos
1131 1513 1227 1568 cum
1249 1487 1352 1568 istac
1377 1486 1490 1592 leges

330 1628 517 1700 nontam
538 1611 902 1705 sanctificationem
924 1621 1229 1702 individuorum
1250 1619 1486 1728 respiciant,

327 1779 451 1861 quarn
483 1755 639 1833 bonum
679 1753 893 1860 publicum
929 1754 1138 1834 societatis
1169 1753 1486 1850 ecclesiasticae,

327 1896 367 1968 et
398 1888 574 1967 multum
605 1887 815 1968 conferant
844 1887 988 1968 honori
1020 1887 1286 1987 matrimonii,
1322 1895 1361 1967 et
1382 1884 1490 1966 bono

327 2019 536 2102 societatis
552 2019 877 2102 ecclesiasticae?
894 2021 1082 2100 Alterum
1100 2027 1391 2126 argumentum
1408 2045 1490 2098 non

329 2155 470 2236 minus
500 2154 748 2234 concludens
778 2154 855 2235 hoc
886 2166 962 2255 cst,
997 2156 1105 2262 quod
1131 2143 1318 2235 Ecclesia
1348 2153 1492 2234 haerc-

329 2289 446 2386 ticos,
474 2287 656 2396 aliosque
674 2289 902 2396 baptizatos
924 2317 949 2368 a
964 2315 1043 2369 sua
1063 2289 1354 2369 communione
1370 2313 1491 2394 sepa-

328 2431 440 2500 ratos
456 2420 668 2502 retinuerit
684 2422 887 2502 obnoxios
903 2449 951 2502 su
957 2423 1150 2530 predictis
1166 2421 1487 2529 impedimentis;
1511 2416 1512 2419 ‘

328 2579 424 2633 narn
460 2557 568 2662 quod
608 2555 783 2662 pertinet
822 2559 872 2637 ad
914 2557 1253 2664 impedimentum
1292 2555 1490 2635 dirimens

327 2686 464 2766 cultus
485 2687 752 2802 disparitatis
771 2689 958 2770 Ecclesia
978 2689 1138 2769 censuit
1155 2688 1231 2769 hoc
1248 2715 1330 2768 non
1350 2688 1488 2767 solum

328 2819 457 2926 ligare
487 2821 627 2901 fideles
657 2823 729 2902 sed
761 2831 800 2902 et
831 2821 1072 2922 haereticos
1106 2829 1227 2930 prout
1252 2821 1390 2902 docuit
1410 2821 1491 2939 Be·

325 2953 513 3034 nedictus
543 2955 642 3033 XlV
673 2955 714 3034 in
745 2955 868 3038 citata
897 2955 1196 3037 Constitutione
1228 2954 1490 3064 «Singulcrc

327 3087 513 3168 Nobis»
548 3089 666 3181 Quod
699 3098 837 3171 autem
867 3097 1023 3197 spectat
1062 3092 1114 3170 ad
1151 3090 1487 3198 impedimentum

325 3223 696 3330 consanguinitatis
718 3224 758 3304 in
776 3225 974 3332 gradibus
985 3225 1078 3332 jure
1095 3225 1375 3306 ecclesiastico
1393 3251 1489 3332 pro-

326 3354 467 3438 hibitis
499 3358 542 3438 S.
578 3358 706 3438 Sedes
737 3359 999 3440 matrimonia
1028 3358 1069 3437 in
1097 3357 1256 3439 haeresi
1278 3365 1489 3440 contracta

325 3490 460 3594 quoad
491 3489 717 3571 haereticos
747 3493 799 3572 ad
836 3491 1036 3572 unitatem
1077 3490 1320 3572 catholicam
1352 3515 1488 3571 rever-

325 3627 457 3701 tentes
487 3623 673 3702 sananda
702 3649 774 3730 per
804 3623 1150 3731 dispensationem
1177 3623 1394 3732 Episcopis
1425 3622 1488 3701 in-

326 3753 510 3834 dulserit.
545 3753 707 3835 Revera
737 3755 841 3836 inter
874 3757 1087 3838 facultates
1108 3783 1212 3864 quas
1234 3757 1278 3837 S.
1309 3755 1486 3838 Univer-

324 3884 423 3966 salis
454 3885 666 3993 Inquisitio
688 3889 873 3970 concedit
897 3889 1299 3997 Episcopislmperii
1320 3889 1489 3969 Austri-

323 4019 384 4100 aci
425 4019 577 4126 legitur
615 4045 806 4128 sequens:
856 4023 1168 4130 «dispensandi
1210 4023 1251 4102 in
1292 4023 1411 4104 tertio
1447 4035 1489 4103 et

329 4163 514 4260 »quarto
550 4155 921 4262 consanguinitatis
960 4156 1137 4263 simplici
1178 4166 1218 4238 et
1251 4157 1383 4238 mixto
1423 4181 1488 4237 re·

327 4321 345 4360 »
366 4287 447 4369 late
469 4289 521 4368 ad
541 4288 682 4370 fideles
714 4290 756 4371 in
776 4291 1049 4373 matrimoniis
1070 4292 1360 4374 contrahendis
1375 4355 1480 4374 ......

327 4453 344 4495 >
365 4422 406 4501 in
437 4423 657 4504 contractis
677 4451 774 4505 vero
790 4451 885 4506 cum
901 4423 1118 4507 haereticis
1135 4426 1345 4508 conversis
1360 4425 1484 4508 etiam
