3388 5136
345 361 409 429 128
641 378 910 426 ressuscrronus
934 375 1025 423 runis
1048 373 1206 420 canorum

345 508 537 608 natione3
582 505 653 585 scd
696 503 897 602 Clericus,
930 528 1026 584 cum
1067 500 1350 599 ordinabatur,
1389 513 1527 589 certae

346 639 662 722 adscribebatur
700 637 926 734 Ecclesiae,
960 635 1025 716 eui
1065 633 1219 714 servire
1261 633 1449 737 debebat,
1486 648 1527 721 et

346 779 468 881 cujus
509 771 710 853 reditibus
750 769 950 850 alebatur.
990 769 1047 846 At
1086 794 1182 847 cum
1227 765 1429 850 beneficia
1470 773 1524 852 ab

343 907 602 989 ordinatione
632 905 793 1013 sejungi
816 911 1054 1012 caeperunt,
1085 901 1231 982 vetusti
1264 929 1443 985 canones
1473 905 1525 987 de

345 1039 588 1122 simoniacis
629 1037 959 1120 ordinationibus
990 1036 1041 1116 ad
1081 1034 1330 1116 simoniacas
1370 1035 1524 1119 benefi-

346 1175 510 1256 ciorum
532 1173 771 1256 collationes
791 1171 965 1254 traducti
987 1177 1085 1252 sunt
1138 1169 1243 1250 Can.
1269 1175 1314 1249 9.
1340 1196 1452 1252 cous.
1478 1175 1517 1254 1.

344 1319 501 1418 quaest.
537 1314 581 1390 3.
619 1307 763 1389 Devoti
795 1307 837 1388 h.
873 1315 902 1388 t.
939 1311 964 1410 ἓ
998 1309 1040 1403 9,
1074 1313 1114 1384 et
1149 1307 1213 1386 10.

431 1444 530 1524 Jure
561 1442 632 1524 sed
665 1468 762 1522 vero
792 1465 915 1540 novo,
954 1446 995 1520 et
1033 1437 1260 1518 novissimo
1301 1439 1521 1546 depositio·

346 1577 410 1657 nis
441 1603 613 1685 poenae,
646 1601 729 1682 qua
759 1574 983 1656 simoniace
1014 1573 1267 1670 ordinantes
1287 1579 1327 1652 et
1346 1573 1520 1654 ordinati

346 1709 642 1817 plectebantur,
667 1709 865 1788 suffectae
885 1715 984 1788 sunt
1003 1712 1223 1813 sequentes
1244 1703 1302 1784 l.⁰
1317 1705 1523 1786 Simonia-

347 1871 421 1926 cus
443 1843 634 1924 ordinum
656 1841 826 1922 collator
852 1840 992 1922 incidit
1022 1839 1113 1948 ipso
1136 1841 1242 1921 lacto
1263 1839 1305 1919 in
1326 1865 1523 1921 excomu-

345 1977 592 2060 nicationem
605 1977 744 2084 Papae
760 1981 1010 2088 reservatam
1027 1973 1151 2081 juxta
1171 1973 1350 2055 Ecetrae.
1366 1978 1411 2058 2.
1428 1973 1470 2054 b.
1487 1983 1517 2054 t.

347 2113 409 2192 2.⁰
439 2113 481 2190 in
521 2109 835 2218 suspensionem
859 2109 911 2189 ab
941 2107 1129 2200 omnium
1160 2107 1365 2208 ordinum,
1394 2107 1521 2188 etiam

346 2244 502 2353 primae
523 2252 719 2326 tonsurae
746 2243 976 2342 collatione,
1013 2253 1053 2325 et
1083 2243 1135 2324 ab
1166 2241 1352 2322 omnium
1375 2267 1519 2322 mune·

346 2405 439 2458 rum
465 2379 770 2459 Pontificalium
803 2405 883 2458 usu
915 2403 1040 2485 quam
1071 2376 1404 2484 suspensionem,
1427 2373 1522 2456 licet

345 2519 466 2592 antea
496 2511 709 2592 triennalis
749 2519 872 2609 esset,
907 2539 998 2623 cap.
1034 2515 1109 2593 45.
1145 2512 1187 2594 b.
1213 2519 1262 2610 t.,
1288 2510 1432 2592 Sixtus
1461 2517 1524 2590 ta·

344 2671 440 2726 men
461 2643 500 2722 V
517 2651 756 2752 perpetuam
779 2644 886 2726 lecit.
914 2646 976 2726 3.⁰
999 2645 1175 2754 denique
1197 2646 1238 2724 in
1261 2643 1520 2726 interdictum

346 2779 397 2858 ab
420 2779 612 2884 ingressu
644 2777 867 2878 Ecclesiae,
900 2787 1109 2860 reservata
1134 2780 1308 2860 Summo
1330 2777 1519 2860 Pontifici

345 2909 492 2991 harum
514 2935 784 2991 censurarum
819 2911 1092 3014 absolutione,
1118 2937 1371 3021 quamquam
1392 2912 1519 2992 simo-

345 3043 414 3124 nia
434 3043 489 3124 sit
508 3044 684 3126 occulta.
706 3044 787 3138 Qui
809 3072 906 3126 vero
928 3047 1093 3127 ordines
1113 3046 1338 3127 simoniace
1369 3045 1519 3153 recepit

345 3185 506 3286 praeter
541 3180 1008 3262 excommunicationem
1042 3181 1131 3290 ipso
1168 3181 1274 3263 lacto
1307 3186 1519 3262 incurren-

346 3311 440 3392 dam
463 3319 602 3394 manet
633 3339 714 3395 non
741 3315 793 3395 ab
823 3315 966 3395 ordine
1001 3323 1162 3396 tantum
1194 3314 1417 3396 simoniace
1454 3339 1521 3393 re-

343 3454 475 3555 cepto,
500 3448 572 3528 sed
594 3473 619 3527 a
639 3447 811 3529 caeteris
842 3448 964 3530 etiem
987 3449 1079 3532 aliis
1109 3475 1352 3557 suspensus
1387 3447 1521 3528 donee

345 3604 370 3658 a
409 3581 584 3660 Summo
625 3581 824 3663 Pontifioe
865 3583 1029 3664 veniam
1071 3611 1151 3666 non
1191 3581 1427 3665 obtinuerit.
1474 3580 1518 3661 Si

344 3735 441 3790 vero
476 3717 560 3791 tam
597 3710 817 3817 Ordinans,
857 3743 981 3824 quam
1025 3719 1238 3801 ordinatus
1280 3715 1518 3824 hujusmodi

343 3844 658 3951 suspensionem
680 3847 935 3950 violaverint,
958 3851 1164 3934 Ordinans
1181 3859 1340 3961 praeter
1361 3851 1521 3957 irregu-

343 3975 560 4080 laritatem,
586 4005 611 4060 a
633 3981 849 4089 regimine,
874 3993 913 4066 et
934 3987 1289 4068 administratione
1320 4013 1423 4068 suae
1440 3983 1520 4066 Ec-

343 4111 506 4214 clesiae,
543 4120 582 4194 et
619 4113 828 4197 lructuum
865 4119 1051 4200 omnium
1092 4147 1141 4201 ex
1181 4119 1390 4201 beneficiis
1430 4118 1521 4198 suis

344 4243 666 4348 provenientium
700 4251 958 4357 perceptione
989 4253 1271 4360 suspenditur.
1293 4251 1520 4334 Ordinatus

344 4399 440 4454 vero
472 4385 632 4484 praeter
666 4405 789 4488 quarn
822 4385 930 4490 quod
962 4393 1001 4466 et
1031 4387 1118 4492 ipse
1159 4383 1399 4494 irregularis
1428 4384 1518 4487 fiat,
