3388 5136
538 435 636 478 mena
660 435 690 479 v.
715 452 757 461 —
782 434 923 480 amotos
945 435 967 480 1.
1297 414 1339 480 61

166 561 276 640 hibet
307 584 525 641 censorum
564 559 735 639 historia
777 585 900 666 penes
942 559 1214 666 Republicam
1257 558 1341 640 Ro-

167 721 359 793 manam;
393 692 603 772 hodiernis
640 693 834 790 morione,
881 719 956 772 ceu
999 720 1123 800 penes
1165 693 1337 792 Gallica,

166 834 205 908 et
225 827 364 907 Italica
384 825 586 932 gubernio
608 825 822 932 perhibent
843 827 1198 906 damnationes-
1220 854 1247 904 o
1269 826 1343 906 do-

166 962 321 1040 micilio
353 968 502 1041 occlto,
538 1007 589 1016 -

252 1097 296 1172 ln
328 1101 417 1172 tuto
450 1093 584 1198 itaque
627 1093 761 1198 posita
801 1093 1099 1199 Episcoporum
1144 1099 1343 1199 potestate

166 1228 347 1309 Clericos
376 1227 464 1306 sive
496 1227 753 1328 excludendi,
787 1227 874 1306 sive
905 1228 1182 1334 suspendendi
1206 1236 1343 1306 extra-

162 1361 413 1470 judicialiter
443 1361 494 1440 ab
526 1361 757 1461 ordinibus,
802 1361 941 1469 quaeri
986 1361 1229 1468 praeprimis
1271 1387 1344 1466 po-

168 1503 259 1596 test,
295 1507 433 1576 utrum
466 1495 702 1601 hujusmodi
733 1505 915 1602 potestas
937 1496 1232 1601 complectatur
1253 1501 1343 1572 tan-

167 1639 256 1710 tum
287 1629 448 1709 occulta
478 1629 665 1726 crimina,
695 1629 756 1707 vel
780 1631 1025 1709 extendatur
1046 1630 1169 1709 etiam
1193 1629 1242 1708 ad
1266 1627 1346 1707 ori-

168 1763 281 1843 mina
312 1763 502 1868 publicat

257 1892 348 1973 Non
379 1894 598 1974 defuerunt
629 1903 716 1974 tum
749 1896 854 1975 inter
886 1895 1093 2002 antiquOS,
1130 1906 1216 1974 tum
1242 1895 1347 1974 inter

167 2028 413 2108 recentiores
458 2028 581 2106 etiam
614 2028 683 2134 qni
728 2039 934 2134 putarent,
979 2031 1019 2108 in
1063 2030 1145 2107 vim
1188 2027 1342 2108 recitati

168 2160 312 2266 capitis
344 2159 606 2238 Tridentinae
638 2161 791 2264 Synodi
841 2162 1058 2267 Episcopis
1101 2186 1343 2239 concessum

168 2321 257 2374 esse
287 2295 347 2374 uti
382 2292 459 2373 hac
489 2293 722 2400 provisione
753 2320 834 2372 non
867 2295 1002 2374 solum
1034 2304 1177 2374 contra
1208 2294 1347 2374 occul-

168 2436 247 2526 toS‚
272 2429 342 2507 sed
366 2427 489 2506 etiam
512 2435 654 2506 contra
675 2425 863 2532 publicos
880 2427 1059 2507 Clericos
1077 2425 1338 2508 criminosos,

168 2562 232 2640 Ad
266 2561 372 2639 hanc
403 2572 539 2640 autem
562 2560 758 2640 tuendam
781 2560 1014 2666 opinionem
1037 2562 1142 2640 duas
1164 2561 1341 2640 afferunt

168 2693 363 2790 rationes,
398 2718 502 2796 quae
533 2692 643 2772 haud
676 2692 776 2772 levis
803 2693 997 2773 momenti
1022 2721 1112 2773 esse
1137 2694 1340 2772 videntur.

169 2823 356 2916 Quarum
388 2823 564 2929 primam
596 2834 746 2903 eruunt
776 2853 826 2904 ex
859 2827 949 2932 ipso
987 2837 1185 2932 conceptu
1229 2852 1346 2932 prae-

170 2957 239 3036 fati
272 2957 417 3064 capitis
449 2956 619 3036 Consilii
650 2958 907 3058 Tridentini3
943 2959 1112 3038 alteram
1144 2985 1240 3038 vero
1274 2987 1347 3064 pe-

170 3099 262 3172 tunt
292 3118 343 3168 ex
376 3100 607 3195 temporum
641 3091 889 3171 conditione.
1434 3065 1440 3076 ⁸

258 3225 399 3305 Prima
420 3223 522 3303 ratio
545 3230 628 3303 est:
653 3225 776 3304 vultis
799 3226 951 3325 vidore,
979 3225 1095 3330 ajunt
1116 3225 1211 3330 ipsi,
1237 3225 1346 3330 quod

171 3359 362 3466 Episcopi
396 3357 554 3465 possint
585 3359 768 3463 praefata
812 3359 980 3438 Concilii
1023 3357 1250 3436 Tridentini
1288 3357 1348 3434 di-

171 3491 394 3597 spositione
426 3491 484 3569 uti
508 3500 651 3570 contra
671 3517 954 3598 quoscumque
976 3489 1235 3588 criminosos,
1261 3488 1348 3569 sive

171 3624 368 3723 occultos,
402 3623 489 3704 sive
522 3623 737 3729 publicos?
761 3625 962 3730 Perlegite
988 3625 1110 3704 verba
1132 3625 1263 3731 ipsius
1287 3625 1349 3702 di-

171 3757 407 3864 spositionis
443 3758 547 3865 Cap.
586 3761 609 3836 1
643 3783 740 3838 sess.
780 3761 838 3838 14
870 3806 922 3816 -·
952 3760 1026 3859 Ei,
1063 3760 1129 3838 orci
1159 3783 1346 3836 ascensos

171 3893 227 3972 ool
255 3919 394 3972 sacros
425 3891 589 3971 ordines
621 3919 648 3970 o
679 3918 750 3972 scio
768 3894 994 3992 ‚Praelata
1023 3920 1077 3972 err
1097 3919 1352 3998 quacumque

172 4053 297 4106 cocao
327 4029 450 4106 etiam
491 4026 537 4105 ob
579 4028 777 4106 occulto-m
819 4031 986 4122 crimen,
1033 4025 1346 4133 qooinodolibet,

172 4164 294 4240 etiem
326 4160 704 4267 ectrojodieialiter
731 4165 871 4271 fitero
915 4163 1167 4241 interdictos,
1203 4201 1255 4212 —
1286 4157 1349 4236 Ex

172 4293 324 4398 quibus
356 4296 491 4375 verbis
513 4294 573 4374 sio
595 4306 800 4400 arguunt:
834 4343 884 4356 -
907 4295 949 4375 Si
974 4294 1164 4401 Episcopi
1186 4310 1351 4399 possent

173 4427 230 4506 uti
264 4455 392 4534 snpra
422 4429 530 4510 dicta
562 4429 754 4509 facultate
786 4437 951 4536 propter
983 4429 1156 4508 crimina
1189 4439 1350 4507 tantum
