3356 5118
535 449 636 496 mua
658 451 690 494 v.
715 467 757 478 -
782 451 922 498 rrrunus
942 451 1057 496 xxxrx.
1317 430 1383 497 371

207 603 318 658 nere.
355 577 655 658 Verumtamen
689 577 896 658 contraria
925 577 1131 658 sententia
1160 577 1261 657 satis
1288 603 1384 684 pro-

205 710 355 794 babilis
384 717 460 809 est,
497 712 619 792 modo
652 739 733 793 non
764 712 899 792 solum
929 710 1140 812 delictum,
1165 712 1381 792 sedetiam

205 846 466 928 contumacia
497 844 658 928 notoria
687 848 755 929 sit.

292 979 416 1062 Hisce
448 979 557 1061 circa
585 981 855 1064 monitionem
887 977 1144 1092 praemissiS,
1188 980 1223 1059 si
1264 979 1383 1088 lapso

204 1114 380 1196 termino
410 1141 507 1196 reus
538 1117 592 1196 sit
613 1123 853 1218 contumax,
870 1117 998 1224 judex
1021 1115 1266 1196 sententiam
1287 1141 1383 1196 cen-

204 1273 328 1328 surae
358 1249 512 1356 profert
541 1250 582 1330 in
613 1251 790 1358 scriptis
827 1275 1023 1358 expressa
1052 1273 1180 1330 causa
1216 1275 1383 1330 excom-

203 1379 511 1482 municationiS,
545 1385 607 1464 vel
641 1386 811 1466 alterius
839 1410 1056 1483 censurae,
1081 1391 1121 1464 et
1143 1383 1379 1491 exemplum

202 1515 328 1623 hujus
358 1518 584 1598 sententiae
616 1519 738 1601 tradit
769 1546 838 1600 reo
870 1520 978 1600 intra
998 1543 1198 1617 mensem,
1223 1518 1259 1596 si
1292 1518 1381 1598 fue-

203 1650 255 1730 rit
284 1651 532 1758 requisitus:
567 1679 806 1761 superque
841 1652 1108 1762 requisitione
1144 1650 1377 1733 iaciendum

201 1785 415 1891 publicum
447 1786 768 1869 instrumentum
802 1789 853 1868 ad
886 1789 1061 1869 formam
1093 1814 1184 1898 cup.
1223 1793 1247 1869 1
1277 1787 1318 1869 h.
1344 1795 1373 1868 t.

204 1920 246 1999 in
268 1925 314 2017 6,
337 1946 459 2000 secus
484 1921 613 2028 judex
646 1923 789 2030 poenis
821 1923 986 2003 obviam
1018 1923 1093 2004 ibit
1123 1923 1191 2004 cit.
1227 1949 1318 2033 cup.
1354 1926 1379 2002 1

202 2051 243 2130 h.
279 2059 309 2134 t.
346 2055 389 2132 in
421 2060 465 2134 6.

288 2188 332 2267 Si
366 2213 461 2268 vero
491 2213 668 2268 censura
689 2189 817 2270 fertur
839 2189 1041 2298 tepotiter,
1072 2190 1178 2271 idest
1197 2215 1270 2298 per
1289 2214 1380 2269 mo-

202 2318 300 2400 dum
327 2319 448 2427 juria,
485 2347 559 2402 seu
590 2321 749 2421 statuti,
776 2331 822 2402 ut
843 2323 932 2429 ipso
960 2323 1068 2428 jure,
1109 2330 1148 2403 et
1179 2321 1286 2404 facto
1317 2321 1379 2402 in-

200 2461 405 2555 curratur,
440 2462 538 2535 tunc
568 2451 724 2536 nuliam
763 2456 915 2564 requiri
948 2455 1156 2564 praeviam
1188 2455 1378 2536 monitio-

169 2589 173 2596 ’
200 2613 294 2668 nem
322 2614 347 2666 a
362 2589 502 2694 judice
525 2587 754 2670 faciendam
777 2597 918 2670 monet
943 2591 1048 2700 Cap.
1072 2594 1134 2674 26
1157 2588 1206 2669 cte
1225 2590 1373 2700 Appet.

200 2719 273 2800 ubi
305 2747 429 2800 casus
460 2723 537 2802 iste
568 2722 772 2829 excipitur
801 2765 855 2780 -
884 2722 941 2802 ibi
973 2773 1026 2788 ·-
1046 2723 1132 2804 nisi
1149 2723 1259 2822 forte
1281 2722 1378 2802 tulis

199 2853 254 2932 eit
285 2853 422 2963 culpa,
455 2881 560 2962 quac
592 2859 678 2964 ipso
713 2881 786 2936 eno
821 2883 966 2964 qaaere
994 2857 1281 2967 suspensionis,
1317 2855 1380 2936 act

201 2991 634 3070 recommunicutionis
658 3013 835 3097 poenum
868 2989 1062 3070 inducat:
1099 3015 1196 3070 nam
1227 2989 1376 3070 hocin

201 3146 300 3201 casu
332 3099 464 3202 canon
496 3122 600 3228 ipse,
634 3149 709 3202 seu
740 3119 808 3202 lex
849 3122 942 3228 ipsa
973 3129 1177 3229 perpetuo
1217 3131 1371 3202 monet.

287 3255 402 3336 Haec
427 3255 499 3335 sed
521 3281 618 3336 vero
639 3255 779 3336 omnia
802 3257 1044 3364 procedunt,
1062 3253 1100 3335 si
1121 3281 1298 3336 censura
1318 3255 1378 3335 fe-

200 3396 316 3469 ratur
345 3415 418 3496 per
451 3389 625 3470 modum
671 3415 871 3470 censurae
902 3387 1130 3496 proprium.
1166 3390 1222 3468 At
1251 3388 1286 3468 si
1320 3389 1378 3466 t-

198 3529 315 3604 ratur
344 3547 417 3630 per
447 3521 617 3603 modum
644 3548 801 3629 poenae
833 3521 1121 3622 vindicativae,
1155 3527 1255 3601 tunc
1285 3521 1378 3600 nul-

199 3654 280 3736 lam
313 3655 467 3764 requiri
512 3657 723 3764 praeviam
754 3655 1024 3737 monitionem
1055 3653 1304 3755 communie,
1338 3663 1379 3735 et

198 3797 310 3870 certa
339 3790 485 3896 regula
515 3799 589 3888 est,
630 3791 963 3899 quandoquidem
991 3789 1043 3870 ad
1074 3789 1312 3888 vindictam,
1337 3795 1378 3869 ct

197 3921 455 4030 punitionem
472 3925 575 4005 satis
591 3931 668 4025 est,
690 3931 737 4005 ut
757 3924 953 4006 delictum
976 3923 1262 4033 praecesserit.
1287 3921 1378 4002 Hoo

74 4067 77 4076 '
198 4064 338 4137 autern
369 4057 604 4138 verificatur
633 4065 795 4140 tantum
827 4058 870 4138 in
906 4056 1197 4165 suspensione,
1236 4062 1275 4135 et
1305 4053 1376 4134 in-

197 4189 369 4272 terdicto
391 4191 644 4298 particulari,
669 4191 873 4300 siquidem
898 4191 1002 4272 istae
1032 4190 1145 4272 solae
1169 4213 1376 4272 censurae

198 4323 292 4405 ferri
340 4336 517 4434 possunt
562 4326 601 4406 in
635 4327 718 4406 vim
762 4351 919 4434 poenae
964 4323 1251 4421 vindicetivae,
1300 4348 1375 4403 ceu

197 4468 337 4540 monet
372 4460 477 4570 Cup.
512 4455 553 4542 ’1.
589 4461 685 4563 §si
714 4464 803 4567 quis
836 4459 877 4542 h.
913 4466 943 4540 t.
979 4460 1022 4539 in
1053 4465 1097 4541 6.
1145 4460 1249 4568 Cap.
1295 4459 1374 4556 48,
