3264 5146
554 507 660 556 Lmen
682 507 727 555 rv.
753 525 773 538 -
795 507 933 558 rrruuus
958 513 977 557 1.
1064 571 1067 576 .
1308 497 1347 558 tr

179 634 221 710 si
237 659 304 710 res
312 642 586 743 perseverant,
606 637 708 715 sicut
723 645 829 716 sunt.
849 683 867 696 -
884 637 992 744 Ergo
1006 639 1057 748 ad
1077 641 1346 722 recedendum

178 793 208 844 a
240 765 503 872 sponsalibus
535 768 675 848 eadem
707 768 863 850 ratione
894 770 963 850 dat
997 797 1167 852 oausam
1210 773 1347 878 gravis

177 898 358 980 mutatio
388 927 462 981 seu
493 901 676 983 defectus
705 903 1014 1009 superveniens
1040 931 1087 985 ac
1108 905 1246 1010 gravis
1270 908 1348 1010 ‚de-

182 1033 316 1114 lectus
334 1035 576 1116 antecedens
593 1063 673 1116 non
690 1036 893 1143 cognitus,
917 1037 973 1116 At
993 1063 1144 1144 graves
1165 1039 1346 1120 delectus

181 1192 267 1245 non
284 1167 426 1246 eodem
444 1169 565 1248 modo
582 1177 871 1250 mensurantur
888 1169 930 1248 in
945 1169 1202 1271 mulieribus,
1222 1198 1344 1280 quam

184 1303 227 1380 in
250 1302 364 1382 viris:
384 1303 444 1384 sic
463 1313 563 1408 puta
586 1302 795 1385 fornicatio
818 1305 1058 1386 antecedens
1079 1332 1160 1386 non
1182 1307 1343 1413 cognita

183 1436 340 1538 vixin
378 1435 464 1516 viro
500 1438 741 1538 attenditur,
785 1437 864 1517 nisi
906 1437 1028 1519 suerit
1067 1465 1137 1546 per
1175 1440 1343 1520 modum

183 1567 368 1669 liabitas
394 1570 456 1650 vel
482 1597 576 1650 eum
608 1571 810 1678 corruptis
841 1597 930 1651 esse
961 1571 1145 1650 moribus
1176 1573 1344 1652 demon·

182 1712 303 1803 stret,
319 1729 414 1784 oum
431 1711 453 1784 e
470 1713 611 1785 contra
627 1703 787 1784 mulieri
804 1703 1045 1810 gravissime
1062 1711 1204 1783 noceat
1219 1703 1342 1784 etiarn

185 1865 272 1918 una
293 1838 377 1919 vice
398 1838 592 1918 admissa.
617 1841 702 1918 lmo
733 1838 808 1919 etsi
839 1837 987 1918 mulier
1013 1837 1134 1918 suerit
1164 1839 1338 1945 pervim

174 1973 234 2050 ab
265 1971 346 2052 alio
375 1981 567 2079 corrupta
596 1973 684 2052 sive
722 1984 815 2079 post
854 1973 955 2052 inita
993 1972 1216 2079 sponsalia,
1251 1974 1340 2054 sive

175 2114 318 2205 antea3
351 2133 445 2188 cum
477 2105 608 2212 primo
638 2105 715 2186 hoc
745 2132 770 2184 a
800 2131 951 2215 sponso
988 2106 1175 2206 rescitur,
1208 2117 1340 2213 potest

176 2267 203 2317 a
224 2239 483 2346 sponsalium
512 2238 590 2320 fide
612 2239 778 2348 impune
810 2240 1012 2340 recedere3
1036 2239 1208 2319 nimium
1230 2239 1337 2320 enim

178 2372 332 2479 probro
363 2372 449 2452 viro
480 2382 541 2452 est
577 2374 725 2454 ducere
756 2374 807 2452 ab
838 2373 917 2452 alio
957 2379 1205 2479 corruptam.
1240 2373 1340 2452 Jure

176 2517 321 2587 autem
357 2507 538 2588 diximus
578 2490 864 2588 attendendam
906 2533 996 2586 esse
1038 2533 1337 2614 quamcumque

175 2667 348 2747 gravem
378 2641 646 2722 mutationem
666 2642 753 2721 sivo
774 2640 955 2748 corporis
976 2640 1062 2720 sive
1084 2640 1224 2738 animi,
1250 2639 1335 2719 sive

177 2775 456 2873 t'ortunarum;
481 2800 577 2854 nam
608 2775 988 2881 quomodocumque
1014 2773 1179 2854 inducta
1200 2781 1330 2871 nocet,

174 2913 300 3012 prout
320 2908 460 2990 multis
475 2909 608 2988 modis
625 2909 925 3016 exemplificant
941 2907 1151 2988 Doctores.
1172 2909 1336 3014 Spectat

172 3048 316 3120 autem
338 3042 389 3122 ad
410 3041 658 3148 Theologiae
688 3042 855 3123 moralis
877 3046 1114 3123 tractatores
1134 3041 1337 3120 resolvere

171 3173 473 3280 quaestionem:
513 3203 603 3256 «an
634 3203 729 3283 pars
759 3175 952 3256 laborans
983 3175 1141 3258 occulto
1176 3175 1335 3254 delectu

174 3315 365 3388 teneatur
394 3309 493 3390 illud
526 3309 683 3416 aperire
714 3317 807 3390 ante
837 3310 1059 3416 sponsalia,
1084 3307 1219 3418 veliis
1240 3333 1338 3386 con-

168 3441 319 3522 tractis
348 3451 442 3524 ante
472 3443 794 3523 matrimonium.
820 3476 838 3518 »
863 3443 1063 3524 Videatur
1083 3443 1127 3522 S.
1152 3440 1337 3548 Alphen-

167 3603 250 3656 sus
270 3578 337 3656 De
355 3579 545 3658 Mutrim.
571 3605 679 3657 nune.
706 3579 803 3658 864.
831 3575 984 3656 Omnes
1013 3577 1210 3657 Doctores
1240 3603 1337 3656 con-

170 3707 348 3792 veniunt
382 3709 487 3791 hanc
528 3711 748 3791 notabilem
788 3711 1056 3792 mutationem
1089 3713 1131 3791 io
1160 3710 1334 3790 deterius

164 3853 493 3950 consequentem
524 3842 733 3949 sponsalia
753 3844 815 3924 rel
836 3844 969 3952 primo
999 3843 1205 3950 cognitam
1236 3843 1333 3922 dare

158 3981 237 4085 jus
270 3976 386 4056 alteri
418 3975 523 4085 parti
554 3975 758 4055 resiliendi
790 4001 814 4054 a
843 3976 1121 4083 sponsalibus3
1151 3975 1223 4056 sed
1253 3998 1334 4052 non

163 4115 324 4194 desunt
343 4107 559 4210 Auctores‚
589 4109 657 4216 qui
689 4117 833 4218 putant
862 4135 953 4190 esse
983 4134 1151 4190 causam
1178 4107 1333 4214 justam

163 4241 386 4323 recedendi
408 4269 433 4322 a
453 4243 715 4350 sponsalibus
746 4243 996 4350 insperatam
1025 4250 1064 4324 et
1094 4241 1213 4348 longe
1240 4267 1336 4348 gra-

163 4401 263 4454 vem
297 4375 566 4456 mutationem
599 4375 827 4475 isamelitas,
860 4375 917 4455 ita
947 4375 1087 4482 utqui
1121 4373 1231 4454 illam
1263 4399 1337 4454 ex-

324 4555 350 4600 Τ.
365 4556 406 4599 111.
420 4568 433 4580 ·
446 4558 473 4599 P.
486 4559 506 4600 1.
1173 4557 1183 4595 ²
