3360 5126
534 418 634 464 mun
657 417 688 463 v.
713 435 756 446 —
778 418 917 466 rtruuns
941 419 1008 463 xx1.
1284 399 1350 469 293

178 554 325 652 ruptus
356 544 566 650 proferens
592 543 837 627 sententiam
862 546 1022 647 falsam,
1048 547 1157 628 ultra
1177 547 1351 632 extima·

178 680 330 759 tionem
362 676 443 758 litis
484 679 654 760 incurrit
694 679 1016 787 suspensionem.
1050 680 1101 761 ed
1142 681 1346 763 tramitem

183 812 286 921 Cap.
312 812 335 891 1
358 810 407 891 de
425 819 592 893 sentent.
628 821 664 894 et
685 839 730 894 re
747 812 846 920 jud.
883 814 925 894 in
955 817 1000 894 6.
1032 811 1245 893 Fulserius
1276 841 1351 895 au·

178 953 260 1025 tem
277 943 490 1024 literarum
506 945 842 1052 Apostolicorum
864 923 1247 1028 excommunicetur
1264 945 1352 1054 ipso

180 1081 302 1178 laeto,
336 1089 376 1160 et
405 1080 441 1159 si
472 1078 655 1161 Clericus
685 1081 751 1178 sit,
788 1081 1005 1189 deponitur
1045 1082 1097 1160 ab
1129 1080 1281 1180 officio,
1315 1089 1353 1162 et

179 1211 400 1310 Beneficio,
420 1213 478 1294 uti
496 1238 593 1292 mox
612 1215 838 1295 innuimus,
861 1214 921 1296 De
938 1213 1031 1296 aliis
1052 1221 1259 1295 oertomm
1277 1214 1352 1294 lal-

178 1347 384 1427 sariomm
416 1347 559 1454 poenis
593 1347 682 1428 vide
722 1349 827 1458 Cap.
861 1353 893 1432 2
924 1347 972 1428 de
1001 1357 1143 1459 empt,
1178 1374 1268 1457 cop.
1304 1351 1349 1439 3,

178 1480 219 1562 h.
245 1488 274 1560 t.
301 1481 590 1590 Eoetrooapon.
621 1483 747 1564 Joon.
772 1482 902 1562 XXII
927 1481 968 1563 h.
994 1490 1023 1564 t.
1049 1485 1346 1590 Eoetrnoapon.

178 1619 286 1696 unio.
323 1615 411 1697 eod.
447 1619 509 1698 tit.
547 1619 652 1697 inter
682 1643 923 1696 communes.

529 1897 824 2010 TITULUS
866 1928 1003 2009 xxr.

471 2245 477 2254 .
604 2179 667 2256 De
696 2177 931 2283 sortilegiis.
993 2292 996 2300 y

239 2416 503 2523 sortilegium
525 2442 687 2524 quoque
723 2414 962 2496 affinitatem
998 2415 1205 2524 quendam
1227 2416 1349 2499 habet
1440 2452 1444 2458 ·

180 2577 275 2632 oum
307 2549 477 2631 erimine
509 2549 616 2649 falsi,
650 2549 747 2657 quia
777 2558 816 2629 et
847 2548 984 2655 ipsum
1025 2550 1203 2630 eontinet
1235 2550 1276 2630 in
1307 2577 1352 2632 se

183 2685 415 2784 falsitatem,
440 2682 534 2764 hino
566 2683 709 2763 merito
731 2709 756 2761 a
777 2683 826 2762 B.
847 2681 1096 2790 'Raymundo
1119 2683 1264 2764 titulus
1285 2683 1350 2764 hio

181 2813 308 2924 priori
340 2816 515 2897 auditur.
1019 2796 1023 2805 '

240 2948 445 3056 Sortilegii
488 2975 636 3029 nomen
667 2947 904 3054 elegendis
940 2951 1121 3030 sortibus
1159 2949 1353 3056 pressiori

104 3181 106 3186 Α
180 3109 308 3162 sensu
339 3090 553 3189 acceptum
577 3080 676 3160 nihil
707 3080 819 3161 aliud
846 3081 1065 3186 signifieat,
1091 3081 1168 3160 nisi
1201 3082 1355 3188 aliquid

182 3213 313 3295 faeere
335 3239 383 3294 ee
405 3214 643 3313 intentione,
665 3213 829 3314 aolino,
866 3220 909 3293 ut
940 3213 1139 3294 incertum
1161 3213 1355 3295 determi-

182 3353 314 3448 netur,
359 3354 398 3426 ot
438 3347 643 3428 oooultum
687 3347 909 3455 aperiatur,
943 3353 1064 3453 etque
1107 3345 1351 3427 innoteseat.

181 3481 288 3561 Hine
308 3479 465 3561 deliniri
490 3489 621 3588 potest
640 3525 699 3544 -
718 3487 934 3578 nontamen,
959 3507 1036 3587 quo
1058 3478 1202 3560 mediis
1227 3480 1351 3558 sorti-

180 3615 252 3696 bus'
283 3623 455 3696 conatur
484 3616 651 3724 aliquis,
688 3616 748 3695 ool
778 3613 1065 3713 determinare,
1085 3612 1193 3721 quod
1215 3614 1352 3694 ineer-

181 3755 278 3839 tum,
301 3749 362 3828 oet
382 3747 576 3857 detepere,
596 3748 703 3856 quod
717 3758 774 3830 est
797 3749 1010 3830 oecultum.
1136 3799 1139 3806 ·

238 3881 404 3987 Triplex
438 3891 575 3964 autem
602 3892 663 3963 est
684 3909 816 3990 genus
842 3882 1032 3974 sortium,
1066 3881 1220 3962 scilieet
1252 3880 1360 3962 dioi-

180 4016 355 4107 sorium,
399 4015 752 4116 consultatorium,
787 4025 826 4098 ot
872 4017 1183 4098 divinatorium.
1219 4015 1360 4094 Sortes

181 4149 405 4231 divisoriae
439 4159 549 4248 sunt,
586 4177 692 4259 quae
734 4151 980 4232 adhibentur
1010 4151 1060 4231 ad
1087 4149 1157 4256 jus
1198 4147 1352 4228 indivi-

181 4311 291 4386 sum,
317 4291 389 4366 aut
404 4285 579 4366 dubium
596 4285 783 4392 pluribus
799 4292 1036 4392 competens
1062 4283 1169 4364 inter
1190 4281 1357 4363 eosdem

182 4418 463 4521 dividendum,
508 4419 569 4500 vel
602 4420 671 4502 uni
713 4420 1017 4528 applicandum.
1066 4404 1353 4500 Consultort'ae
