3388 5136
580 379 679 425 mua
701 379 734 424 v.
759 397 803 407 -
825 381 965 427 mrunus
987 382 1034 426 111.
1331 361 1394 427 129

225 507 261 588 si
288 505 514 588 saecularis
545 506 614 606 sit,
647 505 819 586 incurrit
850 505 1119 612 privationem
1150 506 1396 609 officiorum,

159 693 162 700 -
225 647 265 722 et
300 637 610 740 beneficiorum,
644 645 683 718 et
713 637 765 718 ad
802 663 852 716 ea
886 637 1200 722 inhabilitatem:
1235 641 1270 720 si
1305 666 1401 721 vero

226 771 443 881 regulariS,
478 770 749 880 privationem
781 769 894 850 vocis
925 772 1081 852 activae
1112 780 1151 852 et
1192 775 1398 880 passivae,

226 915 266 988 et
287 907 339 988 ad
370 933 460 988 eam
493 905 686 986 inhabilis
717 905 913 988 redditur.
948 907 1008 988 lta
1047 905 1115 988 cit.
1156 905 1402 988 Constitutio

226 1041 332 1121 Sinti
374 1040 428 1120 V.
472 1040 683 1139 Sanctum,
718 1045 754 1118 et
784 1039 983 1119 solutore.
1498 1025 1502 1036 ¹

315 1175 442 1255 Hisce
473 1183 612 1254 tamen
643 1199 726 1252 non
757 1173 1017 1254 obstantibus
1048 1175 1189 1281 quaeri
1211 1173 1278 1255 hic
1307 1201 1403 1282 pos-

227 1317 309 1390 set:
344 1316 459 1389 erant
493 1333 542 1388 ne
565 1305 797 1414 antiquitus
829 1307 989 1388 validae
1010 1307 1317 1388 ordinationes?
1341 1308 1403 1388 vi-

227 1445 393 1524 deretur
424 1440 502 1523 dici
532 1467 652 1548 possa
683 1466 754 1521 eas
787 1440 914 1521 luisse
945 1441 1162 1539 invalidaS,
1197 1441 1401 1548 siquidem

226 1579 463 1687 Extrocap.
497 1580 544 1658 2.
579 1575 619 1654 h.
647 1583 675 1656 t.
713 1577 821 1656 inter
851 1601 1078 1656 communes
1109 1574 1330 1674 revocavit,
1365 1583 1405 1657 et

226 1711 438 1792 renovavit
458 1718 600 1791 contra
624 1709 874 1791 simoniacos
896 1735 1053 1817 poenas
1073 1718 1257 1791 veterum
1280 1735 1404 1792 cano-

228 1871 325 1924 num
342 1875 353 1946 ;
387 1843 499 1952 atqui
533 1851 689 1924 veteres
720 1870 900 1924 canones
933 1869 1081 1926 uacuos
1113 1843 1303 1925 dicebant
1328 1843 1403 1923 has

225 1979 519 2080 ordinationes
543 2005 640 2086 ergo
662 1987 738 2059 etc.
761 1980 1057 2060 Verumtamen
1081 1979 1299 2060 dicendum
1322 1986 1399 2081 est,

225 2114 334 2220 quod
365 2112 644 2193 ordinationes
674 2111 925 2191 simoniacae
957 2112 1117 2193 validae
1150 2121 1282 2212 erant,
1307 2114 1405 2220 quia

226 2243 516 2328 substantialia
536 2243 692 2322 ordinis
713 2243 969 2322 adamussim
1003 2244 1334 2345 verificabantur,
1362 2255 1403 2327 et

226 2405 369 2462 revera
390 2377 448 2458 uti
470 2375 573 2457 tales
595 2375 760 2483 agnitae
784 2375 949 2457 luerunt
976 2377 1029 2456 ab
1050 2376 1249 2478 Ecclesia,
1274 2378 1404 2487 siqui-

226 2514 319 2594 dem
341 2511 383 2592 in
405 2510 505 2618 ipsis
536 2509 764 2592 canonibus
796 2509 1020 2590 simoniace
1051 2509 1225 2590 ordinati
1251 2513 1308 2591 uti
1333 2540 1404 2592 va-

226 2647 306 2726 lide
338 2644 511 2726 ordinati
543 2643 762 2744 habentur,
793 2644 1018 2724 dummodo
1050 2643 1351 2725 absolutionem
1380 2671 1405 2724 a

227 2777 412 2860 censuris
433 2775 700 2858 obtinuerint.
729 2779 894 2858 Vaccae
915 2787 1053 2858 autem
1077 2779 1208 2860 dictae
1240 2757 1405 2862 luerunt

226 2909 503 2992 ordinationes
525 2913 581 2991 l.⁰
598 2910 791 3018 quianon
814 2911 1091 2992 concedebant
1107 2913 1262 2994 ordinis
1285 2939 1402 2994 exer-

226 3046 385 3145 citium,
420 3047 482 3126 2.⁰
499 3045 597 3152 quia
627 3069 709 3124 non
734 3037 1014 3124 concedebant
1040 3069 1267 3151 congruam
1299 3073 1400 3152 por-

226 3177 378 3257 tionem
411 3176 620 3258 lructuum
652 3175 855 3256 bonorum
888 3175 1286 3258 Ecclesiasticorum.

311 3310 484 3418 Insuper
513 3310 654 3418 quaeri
688 3307 754 3390 hic
785 3308 960 3388 ulterius
992 3317 1151 3415 posset:
1188 3336 1262 3388 cur
1297 3309 1403 3390 anti-

226 3443 365 3552 quitus
398 3445 552 3523 crimen
583 3441 785 3522 simoniae
816 3467 940 3548 saepe
972 3442 1141 3547 saepius
1178 3441 1406 3521 committe-

227 3579 363 3679 batur,
389 3602 464 3655 ceu
496 3576 650 3682 antiqui
686 3601 865 3656 canones
897 3573 1130 3682 perhibent,
1153 3573 1274 3654 hodie
1306 3602 1404 3657 vero

226 3710 296 3790 vix
328 3708 491 3816 aliquod
522 3708 745 3816 vestigium
777 3709 1028 3790 simoniacae
1049 3709 1320 3790 ordinationis
1342 3737 1406 3792 re-

228 3844 404 3952 periturt
426 3843 680 3952 Responderi
706 3853 854 3952 potest,
879 3845 918 3925 id
942 3845 1209 3953 repetendum
1240 3871 1331 3926 esse
1353 3872 1405 3925 ex

226 3981 388 4060 diversa
418 3978 660 4060 oeconomia
691 3979 915 4080 Ecclesiae,
941 3978 1144 4087 siquidem
1178 3979 1405 4084 antiquitus

225 4138 368 4194 sacrae
398 4112 643 4194 ordinationi
688 4114 909 4222 conjuncta
940 4121 1028 4194 erat
1059 4111 1222 4194 collatio
1256 4112 1407 4194 benefi-

226 4245 292 4338 cii,
318 4273 393 4327 ceu
424 4246 618 4354 superius
649 4247 879 4346 innuimus,
906 4245 1002 4327 hinc
1033 4245 1186 4326 mirum
1219 4257 1403 4348 nonest,

227 4381 333 4488 quod
366 4380 520 4487 pluries
541 4381 718 4463 simonia
744 4381 1068 4463 committeretur
1099 4382 1139 4462 in
1171 4381 1403 4483 collatione,

340 4543 544 4588 mmmm.
1238 4531 1255 4586 5
