3264 5146
585 390 789 493 nisan
824 389 913 525 ur.

249 631 740 774 nnonnrlnun
786 636 1108 770 onumen
1153 563 1251 776 nss

700 968 804 980 ...-

286 1316 548 1423 Exponentes
581 1313 692 1396 hunc
723 1315 896 1396 Librum
937 1341 1153 1396 monemus
1183 1342 1260 1396 nos
1290 1315 1332 1394 in

168 1447 484 1556 quaestionibus
524 1448 732 1528 tradendis
772 1456 988 1530 secuturos
1028 1474 1119 1528 esse
1149 1449 1333 1530 ordinem

167 1583 405 1664 Titulorum
446 1609 471 1663 a
506 1581 555 1662 Β.
595 1581 843 1689 Raymundo
884 1590 1119 1682 servatum,
1163 1583 1331 1691 proinde

170 1717 272 1796 data
299 1715 600 1822 opportunitate
630 1714 794 1821 singula
824 1714 1121 1822 proposituroS,
1139 1715 1335 1823 ,quamvis

173 1850 349 1930 l'ortesse
379 1847 661 1929 rationabilior
690 1847 909 1928 methodus
940 1847 1257 1954 expostulasset,
1292 1857 1337 1928 ut

172 1981 313 2089 aliqua
337 1981 451 2088 prius
476 1980 652 2080 edoceri,
676 1980 757 2062 alia
777 1981 1040 2088 postmodum
1063 1978 1246 2061 exhiberi
1267 1983 1338 2062 de-

168 2115 372 2195 buissent.
398 2114 460 2194 Ex
487 2140 568 2222 quo
597 2121 736 2196 tamen
766 2113 867 2193 haec
898 2112 1085 2194 adveniet
1115 2137 1189 2221 pro
1219 2113 1334 2195 addi-

170 2248 384 2328 scentibus
414 2248 584 2348 utilitas,
619 2247 736 2329 utin
766 2246 912 2354 quavis
942 2246 1183 2327 resolvenda
1212 2272 1337 2354 quae-

172 2381 320 2480 stione,
349 2387 388 2461 et
407 2389 571 2488 praesto
593 2380 771 2462 habeant
786 2379 1033 2487 juristextus
1054 2387 1095 2460 et
1114 2379 1336 2462 Doctorum

171 2515 337 2624 placita,
373 2517 481 2623 quod
512 2515 554 2596 in
593 2515 685 2594 aliis
715 2513 852 2594 Libris
891 2512 1147 2594 declarandis
1183 2513 1339 2620 jugiter

171 2649 447 2757 explevimus

609 2999 844 3132 Tunius
871 3043 975 3128 1

381 3317 442 3396 Dc
471 3315 735 3425 Sponsulibus
767 3324 804 3396 et
833 3315 1134 3396 Matrimonia.

298 3585 356 3660 l.⁰
387 3580 614 3688 Bipartitus
644 3588 707 3662 est
735 3579 802 3661 hic
832 3580 1012 3681 Titulus,
1048 3581 1104 3661 ita
1135 3588 1179 3662 ut
1208 3580 1342 3688 primo

173 3714 513 3822 desponsalibus
544 3715 751 3820 agendum
771 3713 838 3814 sit,
864 3713 957 3794 dein
978 3715 1028 3794 de
1049 3712 1339 3795 matrimoniis

173 3847 400 3960 Sponsalia
429 3847 470 3928 in
496 3849 589 3954 jure
621 3855 893 3928 assumuntur
922 3847 1141 3955 aliquando
1163 3874 1236 3956 pro
1256 3873 1347 3928 ma·

174 3981 374 4068 trimonio
410 3983 459 4063 de
489 3980 693 4090 praesenti
735 3989 941 4064 contracto
982 3982 1165 4063 nondum
1196 4007 1346 4062 consu-

173 4127 308 4215 mat0,
343 4121 389 4194 nt
418 4114 460 4194 in
492 4141 581 4224 cap.
607 4116 634 4192 2
656 4121 691 4194 ct
713 4141 802 4225 cup.
822 4115 905 4221 fin.
931 4113 980 4194 dc
1003 4141 1151 4224 sponsa
1172 4113 1343 4194 duorum

171 4261 209 4329 ct
242 4275 338 4360 cup.
378 4249 429 4328 l3
460 4247 510 4327 de
532 4255 786 4358 praesumpt.
820 4249 877 4328 At
907 4246 1048 4329 stricto
1080 4274 1209 4328 sensu
1239 4247 1347 4330 acci-

174 4361 352 4492 piuntur
372 4407 443 4490 pro
475 4387 684 4462 contractu
707 4379 947 4488 respiciente
979 4379 1139 4462 suturas
1162 4380 1342 4487 nuptias,
