3386 5126
297 325 361 392 198
595 333 864 384 emuncmonus
887 331 980 380 mars
1001 328 1160 375 canorum

383 471 541 549 Rornae
573 471 713 545 autem
745 487 828 541 non
859 465 921 540 est
951 455 1176 538 omittenda
1220 453 1297 533 hac
1343 451 1384 533 in
1431 480 1476 534 re

298 602 515 685 instructio
547 593 780 678 Cardinalis
813 590 968 672 Vicarii
1001 589 1052 670 ad
1083 585 1285 696 parochos
1321 585 1477 666 directa

298 738 377 820 sub
411 735 475 817 die
510 737 569 816 12
598 731 708 814 Julii
743 731 880 825 1872,
915 726 955 806 in
987 751 1069 832 qua
1094 725 1217 830 jussu
1253 721 1299 802 S.
1334 719 1477 801 Ponti-

297 869 385 951 licis
417 865 619 948 nonnulla
648 863 939 943 decernuntur.
974 856 1170 937 Refertur
1211 853 1302 961 ipsa
1347 879 1475 961 penes

301 1009 393 1086 acta
423 1002 468 1080 S.
504 997 623 1078 Sedis
655 995 733 1078 col.
766 995 845 1086 XI,
874 1020 975 1102 pop.
1012 993 1102 1071 168
1134 995 1171 1068 et
1200 1013 1284 1096 seq,

385 1133 529 1226 Quoad
563 1137 703 1211 autem
748 1125 1212 1235 disputationemcum
1258 1118 1474 1200 haereticis

297 1266 399 1348 haec
430 1271 528 1344 sunt
559 1262 736 1342 breviter
766 1257 1143 1341 animadvertenda.
1169 1253 1356 1334 Vetitum
1378 1252 1475 1332 olim

298 1399 374 1480 fuit
405 1397 520 1478 laicis
552 1396 764 1503 disputare
795 1392 974 1502 publice,
1008 1389 1072 1470 vel
1094 1386 1302 1495 privatim,
1327 1385 1476 1467 deiide

299 1530 514 1613 catholica.
550 1527 677 1635 (Cap.
716 1527 978 1633 Quicumque,
1013 1527 1058 1613 2,
1087 1547 1136 1599 nn
1157 1517 1410 1614 Hnareurrom,
1434 1518 1476 1597 in

304 1663 400 1769 VI).
435 1661 550 1742 Haec
581 1659 797 1767 disciplina
827 1657 955 1738 laicos
981 1657 1175 1736 admonet
1195 1678 1321 1759 quam
1341 1649 1476 1733 consi-

301 1796 440 1877 derate
471 1819 593 1901 agere
624 1793 798 1873 debeant
829 1818 924 1872 cum
954 1786 1189 1886 haereticiS,
1223 1813 1274 1867 ne
1314 1812 1359 1866 se
1399 1785 1477 1864 im-

301 1929 502 2010 misceant
532 1926 572 2006 in
604 1924 917 2022 controversias,
954 1947 1059 2030 quae
1091 1920 1192 2028 ipsis
1215 1919 1317 2000 forte
1337 1928 1476 1999 essent

302 2063 343 2141 in
374 2061 569 2168 laqueum
597 2057 763 2139 diaboli.
791 2054 1085 2154 NihilominuS,
1109 2055 1144 2132 si
1167 2053 1248 2133 sint
1269 2049 1478 2132 sufficicn-

301 2202 362 2276 ter
393 2192 523 2274 edocti
555 2191 678 2272 fidem
708 2189 968 2290 catholicam,
993 2194 1033 2268 et
1053 2185 1372 2294 disputationem
1395 2182 1478 2291 pri-

301 2334 438 2408 vatam
470 2325 533 2404 vel
565 2325 688 2406 etiam
719 2321 954 2429 inscriptis
996 2319 1172 2430 publicis
1217 2317 1478 2424 profuturam

300 2464 480 2566 sperent,
514 2463 689 2566 possunt
719 2454 825 2536 tueri
856 2478 1001 2533 sanam
1035 2451 1265 2533 doctrinam
1292 2447 1475 2529 auctori-

301 2597 508 2697 tatemque
539 2587 763 2668 Ecclesiae.

387 2724 449 2803 De
480 2719 637 2802 clericis
682 2725 820 2799 tamen
856 2716 956 2797 nihil
996 2724 1230 2799 statuerunt
1270 2739 1473 2798 canones:

305 2861 480 2964 possunt
500 2853 658 2960 utique,
682 2859 770 2932 tum
792 2852 998 2962 privatim,
1037 2859 1124 2933 tum
1146 2849 1309 2960 publice
1330 2847 1480 2931 deiide

308 2988 545 3096 disputare;
579 2987 630 3067 ad
661 2985 739 3068 hoc
778 2985 889 3067 enim
919 2985 1130 3068 constituti
1155 2991 1269 3084 sunt,
1304 2989 1350 3065 ut
1379 2983 1478 3089 dog·

305 3129 417 3203 mata
446 3120 539 3202 fidei
562 3127 705 3202 contra
725 3120 986 3226 insurgentes
1018 3119 1143 3200 falsas
1173 3117 1388 3227 opiniones
1409 3117 1479 3198 de-

304 3256 486 3338 fendant.
512 3253 736 3335 Prudentia
766 3261 904 3334 tamen
926 3280 1007 3334 non
1029 3252 1143 3354 sinit,
1167 3254 1267 3335 ordo
1288 3251 1477 3361 discipli-

301 3417 380 3472 nae
406 3417 488 3470 non
520 3388 686 3496 patitur,
733 3395 779 3470 ut·
818 3386 1005 3495 publicas
1045 3387 1343 3496 disputationes
1379 3413 1477 3468 cum

300 3522 532 3621 haereticis,
556 3523 622 3602 vel
643 3549 740 3603 curn
760 3521 983 3603 incredulis
999 3521 1231 3621 instituant,
1256 3528 1478 3630 antequam

300 3653 487 3754 consilia,
502 3660 541 3734 et
563 3679 781 3734 assensum
798 3655 862 3735 sui
881 3653 1072 3762 Episcopi
1090 3653 1357 3754 obtinuerint,
1372 3681 1423 3734 ne
1439 3661 1479 3734 et

300 3789 378 3896 ipsi
395 3787 592 3868 honorem
609 3813 710 3868 suae
727 3785 987 3888 conditioniS,
1006 3795 1046 3870 et
1062 3787 1332 3869 reverentiam
1349 3787 1478 3869 sacris

300 3921 496 4024 doctrinis
514 3922 710 4022 debitam,
731 3947 889 4003 necnon
911 3923 1198 4003 auctoritatem
1211 3921 1420 4002 Ecclesiae
1436 3921 1478 4002 in

300 4055 520 4138 discrimen
542 4055 760 4138 adducant.
782 4055 955 4136 Perraro
977 4057 1086 4136 enim
1104 4054 1275 4162 contigit
1290 4055 1478 4165 disputa-

300 4189 432 4270 tiones
448 4190 543 4269 viva
559 4215 657 4270 voce
680 4188 804 4272 initas
826 4188 868 4269 in
890 4189 1053 4299 publico
1071 4217 1164 4271 curn
1193 4189 1474 4288 heterodoxis,

300 4319 508 4402 Ecclesiae
541 4321 786 4421 utilitatibus
817 4324 1036 4433 proluisse.
1072 4324 1193 4406 Nunc
1223 4351 1358 4434 pauca
