3136 5138
441 423 550 473 uranx
573 421 620 474 lv,
646 439 665 454 -
689 420 828 472 arraxes
851 417 898 467 iv,
1193 402 1256 464 119

109 561 221 632 ›tum
256 551 542 659 interpositum
566 550 669 652 ¹sine
694 551 801 650 non,
842 575 926 629 non
962 547 1055 628 licet
1089 545 1286 627 mulieri-

108 684 247 766 ›alteri
274 686 442 786 nubere,
462 695 502 767 et
520 686 556 765 si
577 685 778 793 nupserit,
802 684 965 765 etiamsi
987 681 1254 762 carnalis-co-

108 818 230 926 »pula
260 819 315 902 sit
345 828 502 920 secuta,
537 819 668 904 abeo
700 818 882 927 separari
912 817 1046 916 debet,
1075 823 1180 896 etut
1201 816 1252 896 ad

3 1047 4 1064 ,
110 953 314 1061 »primum
350 955 503 1055 redeat,
542 953 820 1035 ecclesiastica
856 951 1108 1054 districtione
1143 978 1257 1032 corn-

108 1121 121 1156 »
138 1085 242 1193 pelli.
253 1118 272 1160 »
283 1087 397 1167 Haec
411 1094 550 1168 tamen
566 1087 717 1168 decisio
733 1085 855 1166 habet
872 1083 1064 1165 ultimum
1076 1111 1253 1166 comma:
1294 1097 1295 1101 '

108 1219 326 1326 <quamvis
356 1219 473 1300 aliter
506 1245 532 1299 a
571 1219 820 1327 quibusdam
859 1216 1255 1298 Praedecessoribus

107 1352 285 1433 »nostris
315 1353 369 1434 sit
399 1352 617 1460 aliquando
644 1351 933 1459 judicatum.»
969 1351 1089 1444 Quod
1128 1351 1257 1430 Inter-

104 1486 274 1593 pretibus
305 1513 473 1593 gravem
504 1487 784 1568 difficultatem
816 1485 1003 1594 ingessit,
1037 1493 1077 1566 et
1107 1485 1159 1564 ab
1194 1483 1257 1563 eis

103 1619 363 1701 diversimode
393 1619 627 1729 exponitur,
651 1629 697 1700 ut
718 1619 921 1726 explicent
941 1618 1146 1725 quomodo
1167 1618 1252 1696 An-

107 1759 316 1834 tecessores
346 1753 524 1835 Romani
545 1753 766 1836 Pontifices
786 1753 864 1834 hac
884 1779 1009 1860 super
1030 1779 1073 1831 re
1094 1751 1254 1831 diverse

104 1887 286 1968 sentirent
302 1888 355 1968 ab
376 1913 424 1968 eo
445 1889 553 1996 quod
574 1887 811 1970 Alexander
830 1886 879 1965 lll
900 1885 1057 1986 derisit,
1083 1892 1122 1965 et
1143 1884 1253 1992 quod

104 2019 234 2103 deinde
267 2048 293 2102 a
322 2021 504 2104 Concilio
534 2022 772 2103 Tridentino
804 2020 881 2102 luit
911 2039 1066 2102 canone
1083 2019 1253 2125 dogma-

101 2151 169 2235 tico
188 2155 418 2238 definitum.
443 2155 546 2238 Tres
565 2154 806 2263 praesertim
828 2152 1122 2260 explicationes
1147 2150 1256 2230 inter

100 2285 191 2368 alias
221 2289 582 2371 circumferuntur.
615 2288 757 2368 Prima
785 2295 848 2368 est
876 2267 1111 2368 Melchioris
1148 2283 1246 2362 Cani
1309 2349 1312 2354 .

101 2419 160 2502 lib.
180 2424 203 2501 6
225 2424 292 2503 De
331 2423 541 2502 Ecclesiae
571 2423 781 2503 Romanae
810 2421 1068 2500 Auctoritate
1099 2445 1188 2527 cap.
1225 2419 1254 2496 8

103 2551 163 2632 ubi
196 2553 278 2635 hoc
307 2553 481 2634 verbum
510 2554 747 2662 judicatam
786 2551 934 2659 accipit
973 2577 1047 2658 pro
1079 2552 1252 2661 priuata

98 2688 287 2768 sententia
304 2687 367 2767 vel
384 2689 587 2798 opinione,
611 2695 650 2768 et
665 2685 903 2767 Bellarmiui
926 2685 996 2765 ab.
1016 2688 1124 2768 4De
1139 2685 1254 2765 Poa-

99 2818 202 2924 tifice
221 2843 315 2929 cap.
346 2823 431 2918 14„
466 2820 536 2929 qui
568 2819 786 2901 Pontifices
818 2818 925 2920 illos,
960 2819 1031 2920 ait,
1055 2819 1155 2900 nihil
1176 2817 1256 2899 hac

97 2975 210 3058 super
239 2977 284 3030 re
315 2950 563 3052 definivisse,
596 2978 727 3060 neque
757 2952 889 3058 legem
910 2952 1143 3058 generalem
1165 2953 1253 3034 edi-

97 3079 210 3183 disse,
245 3083 318 3164 sed
350 3081 392 3162 in
423 3083 529 3164 lacto
559 3083 754 3192 peculiari
785 3084 1019 3192 opinionem
1045 3111 1170 3193 quam
1191 3095 1252 3166 te-

97 3215 254 3316 nebant,
288 3227 454 3298 secutos
486 3217 628 3299 luisse.
670 3219 727 3298 At
766 3217 868 3300 haec
908 3219 1125 3326 explicatio
1166 3244 1248 3298 nou

98 3348 250 3431 videtur
280 3350 471 3458 componi
501 3377 623 3459 posse
653 3377 749 3434 cum
781 3351 959 3458 perlecta
975 3353 1254 3433 irreformabi-

95 3479 197 3565 litate
227 3483 540 3592 Rescriptorum
569 3512 673 3594 quae
705 3511 730 3564 a
759 3484 961 3596 Romanis
982 3485 1255 3566 Pontificibus

97 3627 284 3698 emanant
313 3619 448 3726 quoad
478 3619 678 3728 principia
707 3619 951 3701 moralitatis
982 3627 1022 3701 et
1042 3619 1254 3701 doctrinae

96 3771 117 3826 a
143 3749 306 3832 Christo
336 3761 537 3860 receptae.
572 3753 766 3833 Fuissent
785 3753 893 3832 enirn
915 3752 1016 3833 haec
1036 3753 1257 3861 Rescripta

97 3881 152 3962 vel
176 3883 378 3991 judicata,
412 3883 453 3965 in
484 3884 637 3994 quibus
667 3884 901 3984 PontificeS,
935 3893 975 3967 et
1011 3886 1177 3994 quidem
1208 3885 1252 3965 in

96 4039 133 4094 re
160 4016 279 4124 gravi
311 4017 362 4098 ad
383 4017 630 4099 sacramenti
651 4016 833 4098 valorem
854 4017 1080 4127 pertinente
1106 4019 1253 4098 falsam

3 4255 4 4262 Ν
97 4151 313 4232 tuebantur
331 4149 579 4259 opinionem,
605 4152 834 4233 secundum
850 4151 1159 4233 matrimonium
1180 4153 1256 4233 ha-

3 4271 4 4356 }
99 4280 234 4367 bentes
263 4285 447 4366 validum
477 4285 575 4393 quia
605 4295 938 4368 consummatum
968 4313 1067 4396 prae
1101 4287 1249 4396 prime,

99 4418 198 4521 quod
232 4427 319 4501 erat
348 4421 633 4502 tantummodo
665 4429 818 4524 ratum;
850 4449 955 4531 quae
986 4447 1129 4503 eorum
1151 4421 1258 4502 falsa

3 4577 5 4684 l
