3178 5134
440 451 915 510 Llssaalv.'·'r1rtlwsx1x.
968 418 972 424 ¹
1200 446 1264 511 285

114 583 209 664 idem
238 581 455 690 imperium
486 582 725 691 dispareret.
758 583 939 666 Devictis
974 583 1087 667 hisce
1117 587 1260 670 adver-

112 715 220 796 sariis
235 715 443 797 Ecclesiae
459 715 524 797 lex
538 717 588 797 de
603 715 958 800 indissolubilitate
974 718 1259 826 conjugiorum

111 847 267 950 mansit;
300 875 442 932 verum
472 877 554 931 non
584 850 748 932 defuere
778 849 1009 957 singularia
1036 853 1259 935 certamina

110 989 240 1064 contra
259 983 480 1065 nonnullos
500 991 784 1094 praepotentes
799 983 1018 1092 principes
1037 985 1107 1093 qui
1124 986 1260 1067 divor·-

111 1113 202 1195 tium
232 1123 375 1198 contra
404 1117 467 1200 las
495 1144 569 1226 pro
600 1145 678 1199 sua
697 1117 907 1199 voluntate
937 1125 976 1198 et
997 1117 1170 1201 utilitate
1197 1120 1259 1200 in·

110 1251 248 1332 ducere
268 1251 500 1342 voluerunt.
524 1253 581 1332 At
600 1278 677 1333 suo
698 1251 859 1333 muneri
878 1251 1063 1333 Ecclesia
1087 1280 1169 1335 non
1190 1256 1260 1337 de-

111 1380 191 1484 luit,
217 1411 312 1465 cum
332 1384 392 1464 eis
412 1383 616 1467 intimavit
644 1384 896 1466 retinendam
926 1411 1018 1466 esse
1037 1385 1259 1470 indissolu-

110 1515 298 1599 bilitatem
328 1517 592 1618 matrimonii,
619 1518 727 1600 sicut
746 1545 819 1627 pro
849 1518 1029 1627 quolibet
1049 1519 1130 1601 alio
1151 1521 1258 1602 chri·
1372 1545 1377 1558 ·
1479 1551 1485 1564 ·

107 1647 258 1730 stilidcli
289 1657 328 1730 et
358 1649 490 1732 sicin
520 1649 673 1732 honore
702 1649 798 1731 talis
837 1649 905 1731 lex
935 1650 1173 1762 fultusque
1204 1657 1255 1750 ad

106 1783 309 1880 saeculum
349 1783 554 1866 decimum
594 1791 760 1866 sextum
799 1790 839 1865 et
877 1783 920 1864 in
959 1786 1078 1867 viridi
1117 1787 1257 1869 obser-

106 1916 247 1996 vantia.
271 1915 333 1996 Eo
354 1925 493 2000 autem
522 1925 704 2027 tempore
734 1917 971 1999 luctuosum
1002 1945 1151 2000 aevum
1180 1949 1254 2030 pro

106 2047 280 2130 Ecclesia
319 2050 508 2158 incoepit,
551 2077 647 2131 cum
681 2077 732 2130 ex
765 2057 881 2159 parte
916 2058 1178 2156 novatorum,
1217 2063 1257 2137 et

106 2183 313 2291 praecipue
333 2182 502 2264 Lutheri
518 2181 726 2264 Ecclesiae
746 2183 946 2266 indictum
968 2184 1090 2267 fuerit
1110 2185 1256 2294 impla-

106 2315 227 2396 cabile
252 2313 405 2396 bellum
427 2315 549 2395 etiam
571 2315 707 2423 quoad
726 2315 837 2397 hunc
857 2317 1076 2398 articulum
1097 2319 1147 2398 dc
1166 2344 1255 2398 ma-

105 2448 275 2530 trimonii
307 2448 680 2532 indissolubilitatc.
705 2448 848 2559 Neque
869 2459 1011 2532 contra
1030 2449 1106 2533 hos
1126 2478 1253 2534 nova-

104 2589 202 2663 tores
244 2580 397 2689 aliquid
426 2581 592 2663 valuere
622 2589 778 2663 veteres
811 2581 1018 2664 Ecclesiae
1058 2611 1250 2686 cananea,

103 2743 167 2797 nec
195 2740 305 2796 nova
333 2713 504 2795 Concilii
534 2714 761 2796 Tridentini
792 2715 968 2816 decreta,
1002 2717 1074 2797 sed
1104 2717 1253 2799 iterum

103 2849 200 2955 apud
223 2854 496 2956 protestantes
512 2847 679 2929 inducta
695 2856 757 2930 est
772 2847 934 2930 divortii
948 2849 1126 2953 licentia3
1145 2852 1253 2933 unde

101 3005 145 3058 ex
164 3007 211 3062 eo
235 2987 417 3089 tempore
446 2979 547 3062 haec
566 2988 727 3089 praeter
747 2989 927 3062 caeteras
950 2982 1031 3063 alia
1052 2983 1129 3065 fuit
1148 2984 1254 3065 inter

100 3114 492 3218 pseudorcformatos
517 3121 557 3196 et
577 3114 798 3197 catholicos
814 3117 989 3225 populos
1006 3117 1248 3218 differentia,

14 3233 16 3240 ⁴
103 3255 140 3328 ut
161 3275 258 3330 cum
279 3247 348 3330 isti
369 3257 580 3331 servarent
608 3249 980 3332 indissolubilitatis
1000 3252 1250 3334 matrimonii

100 3381 237 3490 legem,
258 3381 316 3462 illi
339 3381 596 3464 admitterent
620 3380 823 3466 licentiam
853 3383 1030 3465 divortii.
1050 3383 1252 3465 Reserva-

100 3521 180 3596 tum
196 3523 285 3598 erat
299 3513 378 3596 hoc
394 3515 571 3596 dedecus
587 3515 752 3598 saeculo
768 3515 925 3598 decimo
941 3523 1099 3620 octavo,
1119 3525 1165 3599 ut
1180 3545 1253 3598 ua·

98 3647 272 3730 tionibus
288 3647 499 3730 catholicis
514 3646 616 3730 haec
632 3648 948 3730 constitueretur
962 3649 1124 3731 licentia
1144 3649 1252 3732 dicta

96 3779 154 3860 lex
174 3781 354 3883 divortii,
374 3789 413 3863 et
428 3783 593 3892 quidem
608 3783 650 3868 in
667 3809 716 3863 ea
731 3781 958 3886 latitudine,
978 3791 1100 3892 prout
1115 3785 1250 3865 locum

94 3911 233 3996 habuit
248 3915 290 3995 in
307 3914 533 3996 novissimo
555 3941 656 3996 aevo
678 3914 947 4023 corruptionis
967 3941 1161 3998 romanae
1183 3917 1252 4000 de-

92 4048 296 4132 morieutis
327 4049 590 4159 reipublicae,
626 4051 735 4159 quod
766 4050 920 4134 factum
951 4059 1012 4134 cst
1041 4053 1083 4133 in
1104 4051 1251 4133 Galliis

92 4185 267 4290 tempore
283 4161 550 4264 revolutionis
566 4183 633 4264 clic
648 4185 704 4264 20
720 4185 964 4296 Septembris
985 4188 1109 4268 1792.
1130 4186 1255 4268 Com-

92 4315 231 4418 positis
246 4341 342 4399 vero
363 4317 489 4398 rebus
509 4317 699 4400 civilibus
720 4317 821 4402 haec
841 4319 1024 4404 infausta
1043 4320 1125 4422 lex,
1145 4345 1255 4429 quae·

91 4454 146 4529 tot
174 4451 422 4558 gravissima
451 4451 642 4535 attulerat
671 4453 837 4557 damna,
861 4454 939 4536 fuit
963 4461 1155 4538 revocata
1176 4479 1252 4533 an-
