3264 5146
478 441 587 494 crena
608 442 654 492 rr.
680 459 699 473 ·
723 441 862 492 rrrunus
886 442 905 491 1.
1240 427 1282 489 53

32 585 33 598 ¹
139 557 410 651 »insecundo
440 569 619 677 simplici
650 575 690 648 et
725 569 870 667 mixt0,
906 568 1129 649 dummodo
1161 568 1274 648 nullo

139 711 276 811 »pacto
306 703 486 811 primum
518 701 735 807 attingat.»
770 701 880 808 Ergo
914 701 983 780 illa
1014 702 1277 782 matrimonia

134 840 166 916 in
179 838 323 918 talibus
345 836 544 942 gradibus
566 835 607 915 in
624 835 782 916 haeresi
801 845 1011 915 contracta
1026 845 1143 916 erant
1159 835 1277 915 inva-

135 972 215 1072 lida3
246 971 317 1051 sed
347 997 431 1051 non
461 971 651 1051 obstabat
682 969 761 1049 nisi
799 969 1138 1077 impedimentum
1170 971 1277 1078 juris

134 1103 392 1202 ecclesiastici,
430 1105 599 1210 proinde
620 1105 686 1184 lex
708 1103 988 1210 impedimenti
1011 1104 1276 1185 ecclesiastici

133 1236 339 1320 haereticos
370 1239 484 1344 ligat.
520 1239 636 1331 Quae
667 1245 913 1344 argumenta
951 1237 1051 1317 talia
1080 1247 1191 1335 sunt,
1232 1247 1278 1318 ut

133 1400 199 1454 non
217 1373 432 1454 admittant
453 1373 611 1454 nullam
632 1371 674 1451 in
696 1373 949 1453 contrarium
972 1373 1271 1479 exceptionem.

232 1509 317 1588 17.0
337 1508 466 1588 Juxta
486 1507 729 1588 hodiernam
745 1506 954 1587 Ecclesiae
975 1506 1273 1586 ordinationem

134 1639 405 1746 impedimenta
435 1639 702 1748 impedientia
732 1649 829 1720 sunt
870 1649 1048 1747 quatuor
1088 1665 1273 1746 compre-

133 1770 243 1854 hensa
256 1773 443 1880 sequenti
460 1799 598 1854 versu:
624 1805 642 1848 c
659 1773 868 1854 Ecclesiae
885 1773 1073 1872 vetitum,
1092 1782 1272 1878 tempuS,

133 1906 337 2010 sponsalia,
358 1913 516 1986 votum.
537 1938 555 1981 »
574 1906 871 2012 Impedimenta
886 1919 1025 1986 autem
1042 1905 1277 1986 dirimentia

133 2041 376 2121 anennullis
406 2039 630 2124 canonistis
662 2051 927 2121 recensentur
953 2039 1272 2146 quatuordecim,
1301 2029 1304 2034 ⁵

134 2172 176 2250 ab
203 2174 293 2254 aliis
323 2174 565 2282 quindecim..
602 2173 715 2253 Haec
756 2181 894 2253 tamen
934 2172 1162 2253 differentia
1194 2200 1276 2253 non

134 2313 185 2384 est
210 2333 259 2386 ex
290 2306 369 2388 hoc
398 2308 508 2414 quod
540 2306 608 2385 alii
640 2331 722 2385 non
744 2305 977 2404 admittant,
1002 2305 1070 2385 alii
1093 2311 1280 2386 econtra

135 2449 357 2521 recenseant
387 2441 593 2522 decimum
614 2441 804 2548 quintum
826 2439 1180 2546 impedimentum,
1206 2441 1278 2520 sed

133 2570 376 2655 solummodo
408 2602 460 2654 ex
491 2601 554 2676 eo,
582 2557 698 2682 ‘quod
728 2574 915 2654 nonnulli
939 2575 1277 2682 impedimentum

132 2709 263 2786 edatis
284 2717 452 2790 teneant
467 2736 558 2790 esse
575 2709 753 2816 speciem
775 2709 978 2815 generalis
996 2708 1274 2816 impedimenti

134 2839 391 2948 impotentiae,
415 2841 483 2922 alii
506 2869 555 2922 ex
576 2842 749 2922 adverso
771 2841 944 2948 probent
966 2868 1048 2921 non
1069 2867 1160 2922 esse
1182 2868 1279 2922 con-

134 2970 372 3057 fundendum
403 2975 742 3083 impedimentum
782 2977 928 3056 aetatis
969 3003 1064 3056 cum
1105 2976 1279 3082 impedi-

132 3116 254 3190 mento
284 3109 565 3216 impotentiae,
600 3135 776 3216 quorum
798 3108 1039 3196 ultimorum
1062 3109 1199 3216 opinio
1221 3109 1281 3186 vi-

132 3237 235 3322 detur
264 3271 357 3324 esse
384 3243 519 3350 magis
541 3243 713 3324 fundata
733 3252 772 3324 et
794 3243 1075 3350 praeferenda,
1101 3252 1146 3322 ut
1167 3241 1279 3322 vide-

133 3369 255 3456 bimus
287 3379 350 3458 tit.
385 3379 426 3456 2.
461 3376 575 3457 Haec
605 3403 726 3484 porro
757 3376 1050 3484 impedimenta
1086 3374 1280 3456 dirimen-

132 3505 180 3586 tia
205 3511 607 3619 comprehenduntur
635 3511 701 3592 his
732 3511 937 3590 versibus:

166 3642 341 3745 «Error,
366 3644 559 3743 conditio,
584 3653 740 3742 votum,
767 3643 972 3751 cognatm,
996 3643 1166 3744 crimen,

167 3774 346 3858 »Cultus
362 3777 596 3884 disparitaS,
616 3776 692 3875 vis,
715 3778 828 3875 ordo,
850 3777 1044 3884 ligamen,
1065 3767 1275 3875 honestas

168 3912 344 4012 »Aetas
368 3912 517 4012 affinis,
540 3912 576 3992 si
599 3911 877 3992 clandestinus
898 3920 939 3991 et
960 3911 1109 4018 impoS,

166 4041 386 4152 »Raptave
407 4045 462 4127 sit
482 4046 644 4146 mulier,
667 4072 743 4126 nec
764 4045 868 4153 parti
891 4045 1051 4126 reddita
1071 4056 1197 4126 tutae.
1223 4075 1242 4118 >

132 4171 224 4257 Cum
254 4187 394 4260 autem
425 4178 507 4259 lere
538 4181 588 4260 de
618 4179 811 4259 omnibus
842 4177 954 4259 hisce
977 4175 1280 4286 impedimentis

132 4305 350 4394 habeantur
379 4313 422 4394 in
451 4311 736 4395 Decretalibus
767 4313 956 4420 Gregorii
979 4313 1037 4394 IX
1058 4313 1164 4394 tituli
1188 4337 1281 4418 spe-

133 4445 259 4550 ciales,
284 4448 379 4530 hinc
400 4448 450 4530 dc
471 4447 522 4528 iis
543 4448 585 4528 in
606 4448 742 4530 citatis
762 4448 893 4530 titulis
914 4449 1278 4557 pertractabimus
