3136 5138
416 387 522 440 creua
545 389 591 440 iv.
617 407 637 419 -
660 385 798 436 TlTULUs
821 385 865 434 ri.
1167 370 1231 433 175

80 515 112 594 in
138 514 213 595 alio
234 515 352 595 titulo
374 515 502 595 relata
520 527 581 598 est
601 513 973 596 excommunicatio
995 511 1225 594 Ordinariis

79 655 282 747 reservata,
315 674 438 756 quam
470 649 684 730 incurrunt
715 645 850 728 elerici
893 647 934 725 in
965 646 1095 726 sacris
1125 673 1225 727 con-

79 782 190 862 stituti
212 783 525 863 matrimonium
547 782 783 864 contrahere
805 789 1129 889 praesumentes,
1149 807 1224 861 nec

80 943 144 996 non
162 943 318 1018 omnes,
343 918 412 1024 qui
434 943 529 998 oum
551 918 652 1025 ipsis
674 916 780 1024 parit
782 943 826 997 ei
847 914 1084 996 contrahere
1105 943 1226 1023 prae·

81 1057 238 1148 sumant,
266 1050 454 1132 habe
439 1059 507 1132 ur
527 1079 568 1130 in
590 1051 747 1132 Cous
731 1049 902 1131 tutione:
927 1049 1136 1159 ‹Apostlo
1139 1052 1227 1128 lece

81 1181 213 1260 Sedis»
257 1183 330 1262 sub
370 1211 479 1264 num.
529 1187 545 1262 l
590 1183 1074 1264 Eoeeornmunicotionuun
1116 1183 1225 1261 lotoe

80 1317 275 1395 sentcntiae
299 1316 537 1397 Ordinoriis
559 1325 874 1398 reserccturram.
894 1361 914 1376 -
929 1316 1038 1396 Idem
1064 1317 1227 1398 dicatur

80 1445 117 1525 de
142 1447 434 1553 irregularitate
465 1449 646 1550 incursa,
681 1449 715 1530 si
749 1449 829 1530 tale
861 1456 1103 1530 attentatum
1134 1476 1226 1530 ma-

82 1579 297 1660 trimonium
320 1580 443 1662 fuerit
463 1591 811 1664 consummatum.
835 1581 898 1661 Ex
920 1583 1071 1690 quibus
1092 1585 1226 1664 omni·
1306 1667 1310 1674 ,

81 1711 145 1792 bus
169 1715 265 1796 satis
297 1724 435 1823 aperte
475 1717 602 1825 liquet
641 1717 888 1798 caelibatum
929 1717 1059 1798 sacris
1100 1717 1226 1797 mini·

81 1845 158 1926 stris
182 1849 420 1957 impositum
452 1877 534 1931 non
573 1850 699 1930 fuisse
740 1852 792 1931 ab
832 1850 1017 1930 Ecclesia
1056 1851 1224 1931 saeculo

80 1977 210 2062 decimo
241 1983 304 2062 vel
335 1984 567 2081 undecima
602 2009 683 2090 quo
721 1983 975 2063 monachalis
1015 1983 1221 2064 institutio

16 2223 17 2228 Ν
83 2109 137 2191 luit
162 2115 210 2195 ad
241 2115 396 2196 clerum
426 2125 610 2216 extensa,
645 2125 767 2223 prout
798 2117 987 2224 pluribus
1008 2115 1218 2196 Ecclesiae

82 2243 352 2330 detractoribus
381 2249 549 2357 placuit,
584 2251 657 2332 sed
680 2252 732 2331 ab
754 2251 962 2332 Ecclesiae
984 2250 1221 2356 primordiis

83 2377 270 2462 inductum
312 2382 455 2483 luisse,
498 2393 538 2466 et
578 2385 825 2491 Gregorium
865 2385 1097 2492 Septimum
1139 2409 1221 2462 non

85 2509 188 2594 luisse
207 2515 434 2597 caelibatus
456 2515 654 2600 clericalis
676 2519 967 2618 institutorem,
991 2519 1062 2599 sed
1085 2516 1225 2622 potius

83 2647 246 2756 autiquae
264 2649 367 2756 legis
383 2677 430 2730 eo
453 2659 636 2758 tempore
657 2679 739 2733 non
759 2654 1014 2751 observatae,
1039 2659 1079 2732 et
1099 2650 1225 2730 colla-

82 2777 189 2861 bentis
213 2781 454 2889 disciplinae
476 2784 792 2866 instauratorem
814 2784 1224 2892 vigilantissimum.-

82 2909 112 2988 Si
138 2914 437 2996 matrimonium
471 2918 523 2998 ab
555 2918 619 2998 his
650 2919 878 3025 majoribus
909 2919 1068 3000 clericis
1089 2927 1224 2999 atten-

82 3053 187 3128 tatum
208 3057 270 3130 est
291 3049 532 3152 invalidum,
557 3078 582 3132 a
603 3052 757 3134 fortiori
780 3054 960 3135 invalida
980 3061 1078 3134 sunt
1097 3079 1225 3160 spon·

82 3178 162 3261 salia
188 3183 236 3262 de
259 3181 399 3264 futuro
421 3184 473 3263 ab
496 3185 547 3264 iis
568 3195 789 3288 contracta,
810 3215 904 3268 cum
926 3187 1221 3294 promissiones

82 3323 332 3397 conteneant
361 3317 411 3397 de
441 3345 483 3398 re
514 3320 652 3420 vetita,
687 3329 808 3428 prout
838 3322 878 3401 in
910 3346 1010 3401 casu
1041 3327 1103 3401 est
1133 3345 1223 3398 ma-

81 3445 307 3530 trimonium

172 3584 228 3662 5.⁰
260 3583 343 3664 Vot
328 3591 416 3665 tum
448 3585 631 3668 solemne
662 3587 781 3670 castit
783 3589 862 3670 atis
894 3617 965 3698 per
1001 3587 1223 3738 professio-

80 3731 149 3790 nem
177 3713 216 3794 in
247 3715 446 3824 religione
478 3721 678 3828 approbat
680 3747 706 3800 a
726 3723 879 3812 editum
902 3722 1057 3804 dirimit
1041 3731 1163 3805 ttma
1165 3723 1222 3802 ri-

81 3845 236 3928 nonium
267 3849 610 3954 contrahendum,
644 3862 690 3936 ut
719 3853 921 3936 habemus
953 3883 1005 3936 ex
1037 3883 1113 3966 cup
1136 3860 1160 3936 3
1183 3865 1219 3936 et
1300 3918 1302 3923 .

82 3971 135 4054 ult.
165 3977 203 4060 b.
237 3989 286 4082 t,
322 3989 362 4062 et
393 3983 607 4066 definitum
638 3994 700 4068 est
730 3987 955 4069 aConeilio
977 3987 1218 4069 Tridentino

81 4103 308 4196 docueram.
344 4119 527 4198 matrim.
563 4144 652 4199 con.
689 4123 713 4198 9
745 4127 784 4200 et
805 4120 993 4202 dissolvit
1008 4120 1221 4202 matrimo-

80 4237 207 4322 nium
192 4271 277 4352 Jam
310 4256 565 4362 contractum
596 4250 742 4351 valide,
765 4252 801 4332 si
822 4253 876 4334 sit
895 4260 1058 4334 tantum
1080 4260 1214 4335 ratum

79 4381 106 4448 tt
129 4380 301 4462 nondum
324 4392 657 4466 consummatum
679 4394 789 4466 exte
759 4387 1019 4468 ttXXXII
1039 4389 1108 4467 lib.
1134 4387 1211 4466 III
