3136 5138
448 410 555 460 traua
577 410 622 460 1v.
648 427 668 442 ·
692 409 830 461 rrrunus
853 410 884 458 v.
1190 395 1254 457 143

105 534 210 614 ationi
241 534 382 642 prolis,
417 535 479 617 vel
510 537 599 643 ejus
629 535 940 634 conservationi,
964 545 1009 617 ut
1029 536 1078 617 de
1099 561 1246 644 proau-

105 667 240 749 ratione
270 669 454 770 abortus,
488 669 613 776 prolis
644 677 763 750 natae
784 669 1052 750 suffocatione
1073 677 1146 749 aut
1165 667 1246 748 alia

104 799 284 882 occisione
303 802 497 883 dieantur
512 829 602 882 essa
618 801 715 884 huie
730 803 838 884 bono
854 802 1096 884 eontrariae.
1116 801 1242 882 Aliud

105 935 236 1014 honum
266 943 327 1018 est
357 945 503 1016 mutua
531 936 718 1036 fidelitas,
741 935 807 1016 oui
829 937 1098 1016 adversantur
1118 960 1244 1042 quae-

106 1093 256 1175 cumque
287 1069 539 1150 eonditiones
560 1071 609 1151 de
630 1095 679 1150 ea
698 1069 777 1150 fide
799 1069 1035 1176 frangenda.
1056 1069 1240 1149 Tertium

106 1201 237 1282 bonnm
267 1202 416 1283 dieitur
445 1203 705 1304 sacramenti,
738 1203 844 1286 hane
874 1203 982 1284 enim
1022 1201 1242 1283 indissolu-

106 1334 279 1416 bilitatem
312 1338 619 1418 matrimonium
651 1337 968 1420 christianorum
1008 1335 1243 1417 omnimode

105 1475 348 1550 consecutum
390 1479 451 1551 est
491 1498 541 1551 ex
583 1471 807 1552 elevatione
848 1472 899 1552 ad
939 1477 1240 1550 sacramentum

104 1625 208 1706 quam
237 1602 463 1710 antiquitus
493 1604 669 1685 habebat
698 1605 769 1686 sed
793 1630 864 1712 per
883 1603 1066 1683 libellum
1083 1601 1239 1709 repudii

106 1731 311 1835 dimissam,
345 1743 391 1816 ut
420 1736 588 1844 proinde
619 1763 700 1818 non
731 1737 785 1817 sit
814 1763 951 1837 casua,
985 1761 1065 1842 quo
1101 1733 1241 1812 matri-

106 1867 266 1946 monium
298 1868 615 1950 ohristianorum
646 1878 976 1952 consummatum
1016 1867 1244 1948 resolvatur

104 1997 167 2076 nisi
196 2011 321 2082 morte
362 2003 666 2086 interveniente.
711 2005 785 2084 Cui
827 2004 934 2084 bono
975 2003 1246 2083 adversantur

104 2127 177 2210 illae
205 2159 346 2216 omnes
378 2136 643 2238 conditiones
678 2164 783 2246 quae
813 2137 862 2217 de
892 2137 970 2217 hae
1000 2134 1241 2215 resolvenda

102 2259 291 2348 individua
320 2269 428 2350 vitae
454 2272 748 2352 consuetudine
768 2271 974 2352 disserunt
993 2276 1153 2377 praeter
1173 2293 1242 2348 ea-

100 2421 177 2476 sum
192 2401 347 2482 mortis.
361 2404 544 2484 -Affinia
564 2405 845 2486 conditionum
866 2411 976 2484 sunt:
991 2403 1083 2509 ·(a)
1101 2401 1242 2482 enodes

99 2528 154 2632 qui
181 2541 239 2613 ast
268 2535 445 2642 qualitas
476 2536 634 2651 adjecta
663 2537 934 2645 dispositioni,
969 2535 1031 2615 vel
1068 2533 1241 2642 adjectio

98 2661 229 2764 oneris,
259 2666 311 2747 ad
332 2669 439 2774 quod
460 2679 553 2776 post
583 2677 837 2750 contractum
868 2667 1092 2777 perfeetum
1123 2666 1241 2747 volu-

98 2817 176 2874 mus
204 2797 385 2906 obligare
415 2801 736 2902 eontrahentem,
765 2811 811 2883 ut
835 2835 853 2878 v
874 2802 975 2882 clueo
999 2809 1048 2899 te,
1074 2807 1116 2878 ut
1137 2797 1241 2878 rnihi

94 2954 268 3032 procures
300 2936 537 3044 officium.»
573 2938 723 3018 Modus
756 2937 923 3045 proinde
955 2934 1150 3044 supponit
1179 2935 1240 3015 di-

97 3063 341 3164 spositionem
372 3069 608 3175 perfeotam.
641 3115 661 3130 -
692 3070 755 3177 (b)
791 3073 928 3150 Creusa
958 3078 1020 3150 est
1049 3067 1168 3167 rati0,
1187 3069 1241 3147 ob

96 3217 200 3297 quom
215 3207 449 3282 contractus
466 3201 605 3305 initur,
627 3213 684 3284 ut:
710 3203 842 3284 «draeo
859 3213 896 3282 te
912 3204 1010 3309 quin
1025 3201 1135 3282 dines
1152 3226 1234 3280 es.»

94 3325 489 3434 ·(e)Damonstratio
513 3335 678 3417 demum
696 3345 758 3416 est
789 3335 981 3444 qualitas,
1015 3359 1087 3442 per
1117 3358 1240 3441 quam

94 3453 370 3543 determinatur
398 3467 462 3546 vel
494 3469 800 3550 demonstratur
824 3492 1013 3575 persona,
1040 3492 1135 3546 eum
1156 3491 1238 3572 qua

95 3601 310 3678 contractus
332 3597 471 3702 initur,
498 3604 555 3685 nti
582 3602 722 3683 «duco
745 3609 796 3704 te,
820 3629 925 3710 quere
939 3601 1044 3708 filia
1065 3625 1104 3678 es
1117 3601 1240 3710 prin-

93 3749 231 3833 upra.»

192 3867 251 3944 3.⁰
282 3867 446 3960 Quibus
472 3870 713 3978 praemissis
739 3869 789 3951 de
816 3877 1015 3979 eonoeptu
1042 3869 1239 3952 conditio-

92 3991 142 4072 nis
168 4007 205 4079 et
233 4001 435 4106 affinium,
460 4005 710 4113 loquendum
731 4032 841 4087 nuno
862 4014 939 4108 est,
958 4033 1104 4115 nempe
1125 4005 1175 4086 de
1196 4005 1235 4082 vi

91 4131 326 4232 sponsalium
357 4145 396 4220 et
426 4139 675 4221 matrimonii
697 4139 776 4220 sub
797 4141 1028 4223 conditione
1049 4140 1153 4222 initi.
1182 4139 1235 4220 Et

91 4259 204 4360 primo
224 4266 433 4377 loquimur
452 4275 502 4355 de
522 4275 753 4356 conditione
774 4274 946 4359 honesta
966 4285 1006 4358 et
1026 4275 1227 4384 possibili.

92 4387 205 4482 Nemo
235 4431 432 4514 nmquam
463 4409 629 4516 negavit
659 4435 780 4519 posse
809 4411 1018 4518 sponsalia
1041 4409 1133 4490 iniri
1155 4410 1237 4489 sub
