3264 5146
445 421 552 474 arnan
574 425 620 478 ιν.
646 441 667 457 -
690 423 829 475 rimus
852 419 873 470 1.
1209 409 1247 474 71

99 549 290 660 pontificia
318 550 368 632 de
398 551 550 632 talibus
578 549 852 634 matrimoniis
882 549 1164 654 conciliandiS,
1203 561 1242 632 et

96 713 116 765 a
140 683 473 766 contrahentibus
503 685 776 794 praescriptae
807 685 859 765 ab
890 685 1075 766 Ecclesia
1102 687 1244 768 condi-

98 821 214 900 tiones
246 819 421 902 fuissent
450 819 671 919 admissae,
696 819 986 901 concederetur
1005 819 1246 902 adsistentis

100 953 265 1060 parochi,
298 953 372 1034 sed
402 979 513 1036 mere
542 955 708 1063 passiva
737 979 812 1034 seu
833 952 1072 1054 materialis,
1101 981 1246 1062 nempe

100 1095 137 1168 ut
161 1087 348 1188 adsistat,
381 1089 566 1170 sednon
606 1087 649 1168 in
690 1087 779 1168 loco
819 1113 951 1186 sacre,
994 1113 1069 1168 nec
1109 1087 1246 1195 aliqua

101 1229 194 1302 veste
222 1247 393 1304 sacrum
423 1221 548 1304 ritum
566 1220 876 1331 praeseferente
906 1220 1091 1322 indutuS,
1115 1247 1247 1329 neque

101 1354 224 1436 recitet
251 1381 381 1463 super
409 1355 695 1437 contrahentes
715 1379 856 1462 preces
877 1354 1037 1462 aliquas
1057 1356 1248 1438 ecclesia-

102 1487 222 1588 sticas,
256 1495 299 1570 et
328 1487 442 1568 nullo
471 1488 594 1568 modo
624 1487 725 1595 ipsis
755 1485 983 1587 benedicat,
1017 1493 1063 1568 ut
1092 1515 1144 1568 ex
1174 1489 1242 1569 cit.

103 1621 266 1728 Epistola
297 1621 363 1701 Pii
395 1622 464 1703 VI.
489 1623 625 1730 Atque
646 1622 704 1702 ita
723 1621 843 1703 hodie
864 1621 1137 1702 communiter
1162 1649 1249 1702 ser-

105 1767 220 1856 vatur,
250 1756 334 1838 nisi
366 1756 475 1864 quod
506 1755 548 1836 in
579 1755 800 1836 Germania
838 1754 975 1862 praxis
1016 1754 1098 1836 fere
1138 1781 1250 1835 com-

104 1889 222 1970 munis
251 1887 418 1987 videtur
447 1887 686 1988 invaluisse,
722 1896 768 1969 ut
797 1888 1133 1996 quotiescumque
1154 1915 1251 1968 con·
1404 1885 1407 1892 ‘

104 2019 259 2102 ditiones
290 2020 516 2122 Ecclesiae,
549 2022 791 2129 praesertim
822 2022 871 2101 de
900 2021 1013 2130 prole
1053 2020 1249 2102 catholice

106 2153 301 2236 educanda
331 2153 629 2262 suscipiuntur,
652 2153 879 2235 benedictio
900 2179 1061 2262 quoque
1087 2147 1269 2262 sponsis

106 2288 351 2386 concedatur,
385 2295 424 2368 et
455 2288 497 2367 in
527 2287 578 2367 iis
608 2287 697 2394 pari
730 2287 850 2368 modo
881 2287 1188 2395 procedaturac
1209 2287 1250 2366 in

106 2419 384 2502 catholicorum
414 2420 687 2504 matrimoniis
718 2420 888 2502 exclusa
916 2447 1079 2529 semper
1097 2420 1251 2502 Missae

106 2551 378 2654 celebratione3
412 2579 535 2659 quarn
566 2559 729 2662 praxim
759 2552 955 2635 tolerante
986 2555 1031 2635 S.
1061 2553 1167 2634 Sede
1188 2552 1252 2632 in-

107 2685 253 2767 ductam
284 2711 419 2768 exeo
450 2686 631 2794 plerique
663 2695 858 2793 arguunt,
892 2689 1000 2795 quod
1036 2687 1079 2766 in
1118 2686 1252 2767 citatis

108 2815 251 2900 Litteris
288 2817 519 2900 Cardinalis
554 2819 761 2900 Antonelli
801 2820 950 2900 modus
991 2819 1252 2901 adsistentiae

108 2952 322 3034 remittatur
342 2952 510 3034 arbitrio
530 2952 761 3034 rationabili
778 2952 1076 3062 Episcoporum
1092 2953 1133 3032 in
1160 2978 1255 3060 gra-

76 3069 79 3076 ’
108 3083 273 3166 rioribus
305 3085 490 3186 casibuS,
524 3094 563 3167 et
593 3086 809 3194 prudentia
848 3088 900 3167 ab
931 3087 1009 3167 hoe
1050 3086 1182 3193 rigore
1214 3085 1256 3162 in

110 3217 163 3296 tali
179 3245 276 3302 casu
295 3219 573 3302 recedendum
589 3219 782 3302 suaserit.
802 3220 1138 3328 Dispensationes
1154 3219 1256 3300 istae

109 3376 215 3458 super
232 3353 511 3435 matrimoniis
532 3353 674 3436 mixtis
695 3361 767 3434 aut
788 3354 1067 3434 conceduntur
1088 3353 1139 3433 ab
1160 3351 1259 3459 Epi·

109 3487 226 3594 scopis
255 3487 445 3568 locorum
475 3513 526 3568 ex
558 3488 750 3569 facultate
781 3512 807 3566 a
846 3487 1020 3567 Summo
1060 3485 1257 3568 Pontifice

44 3725 45 3729 .
110 3643 303 3722 concessa,
329 3621 393 3701 vel
415 3647 440 3700 a
460 3622 663 3729 Suprema
682 3621 1007 3730 Congregatione
1034 3621 1079 3702 S.
1105 3621 1253 3703 Officii.

111 3749 267 3843 Quando
299 3755 581 3836 conceduntur
610 3756 662 3836 ab
693 3755 923 3836 Ordinariis
953 3755 1153 3856 locorum,
1187 3755 1258 3836 ad-

112 3891 337 3972 vortendum
367 3897 431 3970 est
458 3887 601 3969 haberi
622 3891 831 3971 decretum
852 3889 1189 3998 Congregationis
1210 3889 1258 3970 de

113 4017 370 4132 propaganda
399 4023 499 4104 Fide
531 4023 610 4103 sub
643 4024 707 4104 die
740 4025 794 4104 30
825 4022 979 4131 Aprilis
1014 4023 1136 4122 1865,
1179 4049 1259 4132 quo

114 4177 154 4232 ex
174 4157 296 4262 jussu
328 4157 489 4238 Summi
519 4157 733 4240 Pontificis
763 4156 827 4236 Pii
857 4156 916 4236 IX
947 4165 1155 4264 nequeunt
1183 4155 1263 4238 hac

117 4285 363 4396 dispensandi
396 4289 589 4372 facultate
610 4290 670 4372 uti
691 4290 733 4372 in
752 4290 876 4371 Italos
901 4321 919 4366 ι
940 4291 1158 4399 dequibus
1178 4315 1262 4370 non
