1031 1440
797 78 816 82 '⁷
831 78 899 88 ἥγ’
911 78 934 112 ’ἢ

268 165 301 182 252
418 169 552 181 rmum-nonne
562 170 609 181 sums
620 169 699 181 cmomci

268 204 326 223 tutae
340 203 390 222 sunt
405 201 481 222 scilicet
500 202 529 221 l.⁰
544 201 731 221 excommunicatio
747 201 791 228 ipso
803 201 858 222 sacto

268 235 399 260 incurrenda,
416 235 447 255 2.⁰
462 237 562 262 perpetua
577 234 670 259 infamia,
688 235 718 255 3.⁰
734 235 857 262 proscriptio

268 269 369 289 bonorum
390 268 492 294 omnium,
509 270 540 289 4.⁰
555 270 643 296 possunt
660 268 730 294 etiam,
747 270 767 288 et
782 269 858 289 debent

267 302 335 330 puniri
352 302 423 329 poenis
439 304 510 322 contra
526 301 639 322 homicidas
655 301 709 327 latis,
728 302 759 322 5.⁰
769 302 857 329 privatio

267 336 386 363 sepulturae
406 335 573 361 Ecclesiastieae,
595 335 612 355 si
633 335 654 355 in
672 335 769 356 conflictu
786 335 859 356 deces-

267 369 339 390 serint.

310 404 338 423 At
353 409 401 423 cum
417 402 509 423 Ecclesia
524 409 613 430 semper,
633 405 653 422 et
673 403 762 422 maxime
783 402 858 423 adver-

266 439 319 462 sata,
337 439 357 457 et
367 437 467 457 detestata
478 436 517 456 fuit
527 436 603 461 duella,
616 438 687 463 utpote
697 436 801 456 contraria
811 438 857 456 tum

264 470 305 497 juri
323 469 420 495 naturali,
436 471 480 489 tum
496 469 578 494 Divino,
597 471 642 490 tum
653 469 805 494 Ecclesiastico,
818 476 857 490 eeu

266 503 340 530 probat
355 505 434 530 praeter
450 503 545 530 antiquos
566 509 658 523 canones
678 502 773 529 purgatio
794 509 858 523 cano-

266 537 313 557 nica
328 536 354 556 ab
370 536 463 557 Ecclesia
478 536 601 561 introducta,
615 538 638 556 ut
647 536 760 556 remedium
771 539 858 563 poneret

266 570 407 597 frequentibus
422 570 504 595 duellis,
522 570 569 590 hino
579 576 627 590 curn
638 572 733 596 optatum
747 569 807 589 finem
818 570 858 590 ad-

265 604 322 631 sequi
339 603 394 624 haud
410 606 488 630 posset,
505 610 582 631 poenas
598 603 682 628 addidit,
700 605 719 623 et
729 604 800 623 contra
810 609 855 628 eos,

264 637 299 664 qui
315 637 384 658 duella
399 637 443 657 fieri
459 637 613 664 permittebant,
632 639 652 657 et
673 639 744 657 contra
766 636 812 656 loca
836 637 856 656 in

265 671 341 697 quibus
356 670 476 697 hujusmodi
492 671 561 691 duella
576 670 761 695 consumabantur,
784 671 857 690 contra

264 704 374 725 consilium
389 704 470 729 dantes,
487 704 616 730 assistentes,
635 706 770 731 spectatores,
787 706 806 724 et
819 710 857 724 co-

265 738 361 758 mitantes
376 737 402 758 ad
418 737 518 762 duellum,
536 740 555 758 et
570 737 658 764 denique
668 739 739 758 contra
752 737 809 765 ipsos
819 744 856 765 pa-

264 771 405 791 trocinatores.

309 804 352 824 Hac
367 804 392 824 de
407 810 429 824 re
444 803 535 824 Concilio
547 804 668 825 Tridentino
678 804 767 825 accessit
778 805 855 825 consti-

264 837 316 858 tutio
331 837 425 865 Gregorii
445 837 491 858 Xlll
508 837 537 858 ad
556 837 667 858 tollendam
684 839 699 858 5
714 838 766 858 Dec.
784 838 853 861 1582,

263 871 297 898 qui
306 878 354 892 cum
366 871 443 892 videret
453 871 582 892 sanctionem
592 871 706 892 Tridentini
716 878 778 898 posse
789 872 853 897 eludi,

263 911 340 932 poenas
355 904 448 925 eiusdem
461 905 574 926 sanctionis
585 905 675 925 extendit
686 905 748 925 etiam
759 905 785 925 ad
796 905 856 925 duel-

262 938 306 959 lum
322 939 433 966 privatum,
451 941 471 959 et
485 939 555 959 minus
575 938 675 964 solemne,
700 939 753 959 idest
775 939 856 965 absque

262 972 356 998 patrinis,
373 972 452 999 absque
468 972 506 993 loci
522 972 640 997 securitate,
659 975 678 992 et
693 972 738 993 sine
753 972 800 992 aliis
815 979 854 993 so-

262 1005 404 1026 lemnitatibus
420 1005 503 1027 initum.
691 1022 695 1026 ,

306 1039 355 1059 Post
366 1038 417 1060 haec
427 1039 486 1066 quasi
498 1039 572 1060 citatae
583 1039 729 1066 dispositiones
740 1039 795 1059 haud
806 1039 853 1059 sul·-

261 1072 352 1098 flcerent,
369 1073 487 1099 supervenit
502 1072 627 1093 Constitutio
641 1072 752 1093 Clementis
763 1072 808 1093 vm
824 1072 855 1093 Il-

261 1106 301 1126 lius
316 1107 414 1127 vices-17
430 1106 519 1133 Auyastc'
534 1106 601 1129 1592,
613 1106 648 1133 qui
660 1106 764 1133 praefatas
773 1112 852 1133 poenas

261 1140 352 1160 extendit
367 1140 393 1160 ad
409 1140 475 1167 ipsam
496 1140 671 1167 provocationem,
688 1142 708 1160 et
722 1139 853 1167 moperatio-

261 1179 308 1193 nem
323 1173 349 1193 ad
364 1173 455 1194 duellum
472 1174 533 1194 etiam
549 1173 660 1194 certamine
676 1180 716 1194 non
732 1175 812 1198 secuto,
829 1174 851 1193 et
