3380 5132
1506 85 1646 273 ς,

380 421 425 490 40
678 435 949 485 rmnnucrrouus
971 433 1064 480 rurus
1087 433 1244 480 curvemur

382 579 443 653 ter
459 575 602 652 contra
619 590 868 674 quemquam
886 562 1069 644 nondum
1087 561 1345 643 diffamatum
1364 562 1555 670 perviam

383 691 573 813 specialis
605 698 882 808 inquisitionis
915 697 1156 805 procedere,
1190 695 1288 802 quia
1323 695 1557 776 necessaria

381 839 583 918 securitas
614 858 883 943 personarum
915 831 956 911 in
988 829 1181 912 societate
1217 827 1444 910 viventium
1481 828 1558 911 hoc

382 971 566 1078 requirit,
601 997 651 1050 ne
687 969 925 1048 innocentes
948 964 1284 1074 inquisitionibus
1315 976 1554 1070 graventur.

383 1107 496 1186 Haec
531 1111 670 1185 autem
701 1101 928 1183 diffamatio
950 1107 1049 1181 tunc
1070 1100 1213 1180 adesse
1235 1106 1441 1199 censetur,
1461 1125 1557 1179 cum

384 1239 575 1346 frequens
597 1261 676 1316 vox
699 1236 922 1344 proborum
955 1233 1168 1313 hominum
1196 1221 1375 1340 aliquem
1407 1232 1456 1312 de
1487 1233 1557 1312 de·

382 1372 598 1454 terminato
620 1370 791 1452 crimine
823 1367 1118 1448 rationabiliter
1139 1373 1379 1473 suspectum
1407 1366 1552 1446 reddit.

384 1508 493 1587 Sane
523 1530 609 1583 rem
643 1503 809 1584 omnino
841 1529 939 1610 prae
971 1501 1114 1610 primis
1145 1498 1295 1581 evincit
1324 1494 1483 1580 celebre
1514 1499 1555 1580 in

382 1637 459 1718 hac
479 1638 653 1718 materia
682 1636 816 1742 Caput
847 1635 1123 1745 inquisitionis
1153 1638 1213 1716 21
1242 1635 1305 1714 tit.
1344 1639 1386 1734 1,
1421 1633 1491 1715 tib.
1527 1639 1556 1715 5

383 1773 544 1853 Decret.
571 1769 612 1850 in
633 1795 715 1877 quo
736 1770 995 1850 Innocentius
1026 1769 1074 1848 Ill
1100 1794 1124 1848 a
1147 1767 1356 1848 nonnullis
1387 1768 1559 1876 Episco-

382 1905 446 2014 pis
477 1904 708 2012 propositas
740 1903 998 1984 difficultates
1029 1902 1161 2001 diluit,
1197 1911 1236 1983 et
1276 1905 1480 2009 quomodo
1516 1905 1556 1984 in
1665 1926 1674 2011 4

382 2039 440 2118 eis
463 2039 763 2146 procedendum
795 2038 850 2118 sit
879 2035 1072 2118 decernit.
1107 2037 1235 2117 Porro
1268 2062 1351 2116 una
1381 2063 1433 2116 ex
1464 2038 1557 2119 istis

382 2171 693 2252 difficultatibus
729 2171 902 2278 abipso
950 2170 1146 2252 Pontifice
1191 2169 1252 2250 sic
1292 2169 1551 2252 enunciatur:

386 2305 588 2388 «Tertiae
610 2305 878 2387 dubitationis
900 2305 1100 2386 articulus
1126 2303 1373 2406 continebat,
1393 2297 1552 2407 utrum,
1675 2291 1676 2304 ἰ

387 2463 518 2518 »cum
542 2438 640 2538 due,
665 2439 727 2518 vel
754 2439 894 2544 plures
921 2437 1044 2544 jurati
1069 2439 1275 2520 affirmant
1305 2439 1457 2519 crimen
1480 2441 1556 2520 ali-

386 2601 403 2644 »
425 2572 533 2678 quod
556 2572 709 2652 eisdem
731 2570 967 2650 videntibus
988 2572 1283 2672 commississe,
1304 2573 1451 2680 dequo
1474 2573 1555 2654 alia

385 2739 403 2782 >
424 2705 595 2787 infamia
611 2732 692 2786 non
710 2706 878 2804 laboret,
902 2687 1080 2814 aliquam
1099 2706 1155 2786 illi
1174 2733 1346 2814 poenam
1371 2709 1553 2816 infligere
1674 2739 1675 2760 ³

386 2840 635 2920 »debeatisl
658 2871 676 2915 >
702 2839 762 2920 De
793 2866 873 2948 quo
905 2867 1005 2921 casu
1036 2841 1297 2922 Innocentius
1328 2844 1376 2922 lll
1407 2843 1467 2925 sic
1482 2844 1553 2951 jus
1674 2889 1675 2892 κ

380 2973 615 3070 declaravit,
651 3000 699 3055 ac
730 2973 1041 3056 determinavit:
1073 2977 1178 3056 ‹Ad
1201 2975 1302 3056 haec
1332 2979 1554 3084 responde-

384 3135 533 3208 »muS,
567 3109 726 3189 nullum
749 3135 839 3190 esse
861 3135 933 3216 pro
961 3109 1142 3208 crimine,
1165 3137 1290 3218 super
1312 3139 1392 3218 quo
1414 3111 1553 3220 aliqua

383 3273 400 3314 s
423 3268 502 3321 non
534 3242 693 3323 laborat
714 3241 900 3343 infamia,
924 3270 998 3323 seu
1020 3244 1203 3324 clamosa
1226 3245 1448 3326 insinuatio
1471 3275 1553 3328 non

383 3406 401 3450 ›
421 3377 704 3483 praecesserit,
722 3383 884 3483 propter
900 3377 1007 3456 dicta
1023 3375 1259 3482 hujusmodi
1277 3379 1548 3486 puniendum:

310 3605 315 3618 ¹
381 3509 518 3614 »quin
552 3512 634 3590 imo
674 3539 799 3618 super
839 3511 915 3592 hoc
956 3510 1232 3618 depositiones
1273 3520 1414 3593 contra
1455 3541 1551 3594 eum
1673 3527 1674 3534 '

382 3641 543 3745 »recipi
573 3667 651 3720 non
674 3643 835 3742 debere,
860 3669 954 3723 cum
977 3643 1186 3750 inquisitio
1208 3646 1293 3726 fieri
1317 3647 1464 3728 debeat
1483 3673 1555 3727 so·

382 3771 637 3854 »lummodo
668 3801 793 3881 super
824 3775 918 3873 illis,
944 3776 1166 3884 dequibus
1193 3779 1393 3861 clamores
1425 3782 1553 3888 aliqui

381 3935 399 3980 »
420 3923 746 4012 praecesserunt.
773 3943 862 3983 »--
879 3911 934 3992 Ut
956 3911 1101 3992 videtis
1133 3912 1215 4013 hic,
1234 3915 1389 3997 scilicet
1411 3915 1553 4016 inlice
1672 3955 1673 4020 q

374 4047 488 4121 textu
521 4041 628 4123 clare
660 4043 796 4150 agitur
827 4045 876 4124 de
908 4045 1093 4144 crimine,
1128 4048 1237 4152 quod
1269 4075 1341 4155 per
1381 4049 1553 4130 idoneos

375 4181 498 4255 testes
544 4178 707 4285 probari
741 4179 964 4285 injudicio
1012 4187 1167 4286 potest:
1210 4192 1249 4262 ct
1281 4183 1553 4264 nihilominus

374 4307 470 4411 quia
502 4334 597 4388 reus
630 4311 812 4392 nondum
845 4320 907 4391 est
937 4313 1194 4414 diffamatuS,
1229 4317 1411 4397 decernit
1441 4317 1554 4396 Pon-

374 4438 472 4519 tifex
504 4469 598 4522 eum
633 4470 712 4524 non
736 4473 855 4551 posse
887 4447 1021 4553 puniri
1039 4477 1048 4546 3
1075 4448 1156 4528 imo
1179 4474 1253 4529 nee
1285 4477 1375 4530 esse
1407 4459 1553 4532 contra
