3264 5146
280 378 320 441 36
566 388 859 442 rnannaorronus
881 389 975 440 runis
998 387 1168 439 canonici

284 520 593 604 matrimonium
623 547 705 600 non
736 521 910 601 retinere
940 518 1138 616 validum,
1163 519 1273 624 quod
1303 545 1449 598 secun-

285 657 383 736 dum
426 655 578 736 dictata
612 654 819 735 Ecclesiae
851 653 1032 734 validum
1073 659 1149 752 est,
1184 659 1225 732 et
1253 658 1275 731 e
1307 661 1448 732 contra

285 789 385 870 illud
416 788 653 896 conjugium
682 789 834 870 habere
854 787 1051 885 validum,
1076 787 1184 893 quod
1210 785 1334 892 juxta·
1362 787 1448 894 pla-

283 923 364 1004 cita
393 948 494 1003 suae
525 921 732 1003 Ecclesiae
763 922 989 1002 invalidum
1021 929 1083 1000 est
1122 947 1217 1001 cum
1254 921 1447 1002 omnibus

283 1056 507 1139 corollariis
529 1055 734 1163 practicis
754 1082 859 1162 quae
881 1082 931 1135 ex
953 1054 1031 1135 hoo
1051 1062 1281 1161 sequuntur
1301 1082 1446 1162 nempe

282 1192 384 1273 lucri
407 1191 470 1270 vol
501 1217 583 1269 non
613 1190 834 1270 effectuum
859 1189 1057 1270 civilium.
1083 1187 1227 1296 Neque
1248 1189 1300 1268 ad
1320 1216 1447 1270 excu-

282 1327 455 1406 sandam
486 1325 609 1405 talem
650 1324 892 1432 injustitiam
924 1333 963 1406 et
1000 1324 1321 1432 usurpationem*
1344 1325 1446 1406 satis

281 1471 343 1540 est
364 1458 541 1564 allegare
567 1457 768 1538 rationem
789 1438 1091 1567 uniformitatis
1113 1459 1225 1566 lcqis.
1251 1457 1447 1551 Quando-

280 1592 446 1702 quidem
477 1591 512 1670 si
544 1617 687 1670 verum
718 1599 794 1690 est,
818 1591 926 1698 quod
957 1591 1068 1696 leges
1098 1571 1239 1672 civiles
1270 1591 1445 1698 alicujus

278 1725 421 1834 populi
443 1725 618 1804 debeant
638 1723 862 1804 modificari
880 1733 920 1806 at
936 1725 1085 1805 inflecti
1106 1725 1334 1805 secundum
1358 1725 1445 1832 pla-

278 1861 366 1942 cita·
389 1856 613 1965 religioniS,
647 1859 756 1964 quod
797 1859 848 1938 ab
880 1857 932 1938 iis
962 1856 1156 1938 omnibus
1197 1857 1441 1955 admittitur,

279 1993 348 2102 qui
379 2020 463 2073 non
492 1999 661 2074 tuentur
681 1991 960 2072 omnimodam
982 1991 1338 2100 independentiam
1359 2002 1445 2072 sta-

277 2138 345 2208 tus
375 2153 401 2208 a
425 2127 519 2234 jure
549 2150 711 2232 quoque
741 2134 929 2227 naturae3
964 2126 1146 2234 profecto
1176 2125 1340 2233 quando
1370 2153 1443 2234 po-

278 2261 400 2368 pulus
417 2269 480 2340 est
496 2258 650 2340 mixtae
671 2257 896 2366 religionis
915 2258 1056 2366 nequit
1078 2259 1120 2337 in
1140 2258 1335 2339 omnibus
1355 2286 1442 2340 ser-

278 2392 365 2474 vari
396 2391 665 2499 cntfsormitos
694 2393 925 2472 materialis
947 2393 988 2472 in
1010 2391 1186 2498 legibus,
1209 2393 1282 2472 sed
1304 2419 1441 2473 recur-

278 2527 451 2608 rendum
467 2532 530 2605 est
550 2525 601 2605 ad
618 2525 946 2634 uniformitatem
952 2525 1195 2634 formalem.
1214 2523 1285 2605 Isti
1302 2534 1439 2606 autem

276 2659 507 2742 conditores
538 2658 678 2765 legum
719 2659 903 2740 civilium
941 2659 1200 2740 considerant
1240 2658 1440 2767 populum

275 2793 429 2875 mixtae
468 2792 678 2899 religionis
713 2793 826 2874 velut
864 2792 1064 2902 populum
1104 2792 1286 2893 atheum,
1330 2795 1438 2901 quod

274 2954 417 3009 verum
447 2953 530 3008 non
561 2934 638 3007 est.
907 2925 909 2929 ’

392 3063 479 3142 13.0
509 3060 571 3142 Ex
601 3059 721 3142 dictis
751 3060 1030 3169 consequitur,
1059 3061 1157 3170 quid
1188 3063 1438 3144 censendum

272 3194 339 3294 sit,
359 3195 409 3276 de
426 3195 592 3277 invento
608 3202 648 3276 et
664 3194 869 3302 applicato
885 3197 1147 3276 matrimonio
1164 3197 1291 3295 cicili,
1312 3222 1435 3304 quam

272 3329 547 3410 calamitatem
569 3327 771 3410 catholica
787 3355 949 3438 quoque
963 3330 1081 3412 Italia
1096 3358 1206 3412 nunc
1223 3332 1432 3440 persentit.

272 3463 584 3544 Matrimonium
615 3489 736 3570 porro
757 3462 875 3544 civile
906 3462 1004 3544 illud
1035 3464 1198 3563 dicitur,
1225 3466 1332 3573 quod
1360 3464 1439 3546 ini-

274 3605 360 3673 tum
382 3620 522 3674 coram
543 3593 651 3674 civili
673 3595 918 3700 magistratu
940 3595 992 3676 ad
1014 3597 1311 3704 praescriptum
1333 3597 1436 3704 legis

272 3727 324 3807 ab
346 3725 398 3806 iis
419 3727 622 3834 personiS,
646 3755 822 3836 quarum
847 3727 1085 3834 legitimitas
1106 3757 1131 3812 a
1152 3733 1271 3814 Statu
1293 3732 1437 3813 exclu-

269 3859 357 3940 sive
378 3860 691 3962 determinatur,
715 3863 831 3942 unice
851 3862 1035 3944 validum
1056 3865 1364 3972 recognoscitur
1384 3867 1435 3946 ad

269 3993 559 4100 consequenda
574 3993 671 4100 jura
690 3993 924 4102 conjugalia
945 4004 985 4076 et
1005 3997 1176 4077 effectus
1196 3997 1352 4078 civiles.
1371 3997 1436 4077 ln-

269 4125 480 4234 cognitum
499 4127 574 4209 toti
596 4127 827 4237 antiquitati
845 4128 1092 4211 christianae
1110 4129 1274 4211 initium
1291 4129 1435 4212 habuit

268 4289 320 4343 ox
335 4261 506 4344 Lutheri
523 4271 565 4346 et
581 4263 903 4345 Protestantium
919 4263 1080 4346 haeresi
1102 4266 1330 4372 denegante
1346 4291 1435 4346 ma-

267 4394 458 4478 trimonio
489 4396 713 4481 christiano
743 4397 984 4506 dignitatem
1015 4399 1275 4498 sacramenti,
1308 4399 1434 4482 crevit
