3356 5118
304 397 370 466 362
610 413 882 462 raamucmonus
904 413 996 461 sume
1018 411 1174 460 aaronem

308 550 542 625 sanctorum
572 545 798 622 communio
829 541 870 619 in
901 539 1090 648 symbolo
1110 538 1206 621 fidei
1232 539 1491 648 appellatur.

307 677 422 758 Haec
453 701 549 782 ergo
581 676 690 756 bona
718 671 952 781 spiritualia
982 697 1078 754 cum
1111 673 1194 754 sint
1234 672 1275 752 in
1317 672 1495 781 dispen-

303 811 463 894 satione
494 809 718 910 Ecclesiae,
753 808 834 889 illis
864 806 1095 916 privantur,
1121 807 1191 916 qui
1213 833 1390 888 censura
1420 808 1494 888 al-

301 944 511 1044 ficiuntur,
547 969 620 1051 pro
643 941 877 1022 diversitate
898 948 1037 1022 tamen
1059 967 1345 1042 censurarum,
1383 940 1492 1048 quia

303 1106 384 1161 non
418 1079 527 1160 idem
558 1086 621 1158 est
651 1076 869 1186 cujuslibet
892 1101 1092 1158 censurae
1123 1075 1310 1176 effectus
1343 1084 1390 1156 ut
1419 1074 1492 1154 in-

307 1212 434 1293 ferius
481 1210 531 1292 de
562 1210 751 1292 censuris
782 1209 824 1288 in
855 1208 992 1318 specie
1022 1207 1225 1290 dicemus,
1260 1207 1356 1287 Alia
1386 1233 1489 1288 vero

303 1347 407 1427 dona
422 1345 668 1458 spiritualia
684 1351 782 1425 sunt
791 1339 981 1455 prioata,
1006 1351 1045 1424 et
1061 1343 1228 1450 propria
1245 1342 1489 1448 cujuscum-

303 1507 397 1588 que,
431 1487 479 1561 ut
508 1489 606 1561 sunt
636 1480 745 1560 dona
776 1479 949 1585 gratiae,
983 1477 1100 1577 fides,
1140 1501 1251 1584 epae,
1284 1475 1480 1576 charitas,

304 1613 493 1722 aliaeque
523 1613 713 1713 virtuteS,
738 1619 778 1693 et
808 1589 878 1720 pia
898 1636 1038 1720 opera,
1063 1618 1270 1718 quatenus
1299 1609 1484 1717 praecise

304 1749 437 1856 ipsam
457 1773 692 1855 personam,
717 1755 757 1828 et
779 1746 961 1828 animam
983 1744 1191 1854 operantis
1212 1753 1481 1846 concernunt,

305 1889 428 1988 atque
458 1879 523 1960 his
554 1880 741 1962 Ecclesia
771 1880 977 1960 neminem
1010 1879 1173 1986 privare
1200 1887 1347 1988 potest,
1384 1879 1482 1988 quin

307 2035 568 2124 quacumque
615 2041 792 2096 censura
838 2014 991 2122 ligatus
1031 2014 1268 2122 hujusmodi
1309 2015 1485 2096 virtutes

307 2175 445 2232 coram
488 2149 576 2230 Deo
607 2149 815 2231 meritorie
847 2150 898 2230 ad
931 2147 1230 2257 impetrandam
1274 2147 1485 2228 remissio·

308 2309 401 2364 nem
433 2291 697 2391 peccatorum
729 2309 902 2366 suorum
933 2281 1093 2392 operari
1114 2283 1260 2390 possit,
1294 2280 1484 2390 quamvis

309 2417 482 2498 tortasse
514 2419 566 2497 ob
598 2444 816 2499 censuram
840 2417 1133 2499 communibus
1155 2415 1366 2498 Ecclesiae
1396 2415 1484 2496 sul-

310 2551 453 2659 iragiis
483 2553 682 2659 privetur.

364 2685 526 2768 Dicitur
555 2685 719 2766 tandem
753 2683 877 2764 donec
908 2710 936 2762 a
968 2686 1226 2765 contumacia
1259 2681 1482 2781 recesserit,

306 2817 402 2926 quia
432 2844 529 2899 cum
560 2817 748 2898 Ecclesia
772 2843 971 2898 censuras
1003 2817 1220 2900 indicendo
1241 2815 1485 2926 pracsertim

305 2950 489 3030 intendat
519 2959 754 3058 peccatores
778 2953 828 3033 ad
853 2951 1063 3033 meliorem
1086 2933 1249 3058 frugem
1272 2952 1484 3050 reducere,

306 3083 398 3167 illos
429 3111 455 3165 a
484 3084 671 3166 censuris
711 3085 880 3186 relevat,
925 3086 1091 3194 quando
1132 3085 1332 3166 exhibent
1361 3085 1487 3166 sulfi-

306 3217 455 3300 cientia
484 3219 605 3326 signa
645 3219 960 3302 emendationis.
1005 3221 1098 3328 Ipso
1125 3219 1219 3327 jure
1259 3228 1415 3318 tamen,
1450 3227 1492 3300 et

306 3350 408 3433 citra
437 3349 740 3433 absolutionem
772 3351 1019 3460 regulariter
1049 3377 1227 3434 censura
1268 3379 1350 3433 uon
1381 3351 1491 3432 tolli·

304 3493 386 3586 tur,
419 3484 512 3566 licet
552 3491 798 3567 censuratus
829 3511 854 3566 a
884 3485 1148 3567 contumacia
1178 3485 1415 3584 recesserit,
1450 3494 1493 3564 ct

305 3619 538 3725 resipuerit,
563 3619 624 3699 uti
649 3595 760 3727 patet
780 3646 832 3700 ex
856 3621 960 3730 Cap.
987 3621 1091 3700 Cam
1107 3617 1309 3700 desideres
1326 3619 1381 3700 15
1398 3617 1438 3698 h.
1456 3626 1488 3699 t.

306 3759 345 3830 et
375 3750 548 3832 inferius
580 3753 731 3834 iterum
764 3779 911 3834 sermo
940 3753 1102 3835 redibit.

363 3883 549 3968 Censura
579 3887 776 3969 dividitur
806 3892 863 3971 1.ο
884 3888 925 3969 in
948 3888 1078 3970 latam
1101 3889 1254 3997 ajace,
1288 3897 1328 3971 et
1359 3887 1494 3968 latam

307 4022 358 4100 ab
389 4019 563 4104 herniae.
610 4022 754 4103 Prima
795 4022 1049 4132 exprimitur
1088 4051 1113 4106 a
1152 4050 1271 4107 sacro
1306 4049 1491 4124 canone3

307 4136 502 4236 secunda¹
520 4183 572 4237 ex
595 4157 764 4238 arbitrio
791 4158 946 4265 judicis
970 4157 1252 4240 Ecclesiaslioi
1275 4157 1491 4265 infligitur.

306 4289 369 4367 2:
399 4289 607 4372 Dividitur
639 4291 681 4372 in
704 4317 925 4374 censuram
950 4293 1064 4374 tatae
1098 4295 1331 4394 sentcntiae,
1361 4299 1401 4373 et
1422 4293 1500 4410 se·

307 4419 459 4502 madae
489 4431 727 4508 sententiae.
764 4425 906 4507 Prima
944 4426 1171 4509 incurritur
1199 4427 1289 4537 ipso
1330 4425 1439 4508 facto
1470 4452 1500 4506 a

1646 698 1660 719 dl
