3356 5118
538 452 639 498 monn
661 453 691 495 v.
717 469 762 479 --
784 453 924 498 nsanos
946 454 1060 498 xxm.
1317 433 1382 500 331

205 586 318 660 certa
348 587 389 659 et
418 577 651 658 indubitata
681 578 825 680 regule
861 587 937 676 est,
963 604 1045 657 non
1067 605 1188 684 posse
1210 579 1379 686 privile-

205 715 322 820 gium
365 715 596 792 renunciani
630 741 655 792 a
687 713 874 820 personis
916 713 1236 820 particularibus
1265 721 1380 796 textu

206 873 405 954 expresso
433 849 475 926 in
501 849 604 958 Cap.
629 849 679 927 Si
709 847 897 955 diiigycnti
930 852 989 930 12
1010 847 1059 926 dc
1080 849 1193 928 Foro
1225 875 1380 956 compe-
1430 836 1435 844 ⁶

205 989 285 1062 ten.
310 1019 367 1050 =
390 982 519 1060 ibi:
541 983 644 1062 Com
675 1009 754 1062 non
783 985 836 1062 sit
868 983 1108 1088 beneficiam
1139 981 1214 1062 hoc
1237 1007 1381 1092 perso-

205 1116 316 1214 nale,
341 1121 407 1198 cai
428 1117 667 1196 rennnciari
689 1117 844 1212 anteon
864 1116 933 1195 scd
947 1118 1082 1225 potins
1099 1119 1174 1196 toti
1199 1115 1378 1224 Colleyio

203 1250 498 1332 Ecclesiastico
527 1250 687 1362 publice
717 1253 770 1330 sit
794 1249 1010 1344 indultam,
1036 1252 1103 1330 coi
1116 1252 1379 1360 prioatorooa

195 1389 341 1495 pactio
362 1387 562 1494 deroynre
591 1413 671 1465 non
701 1391 844 1495 potest.
876 1385 994 1465 Unde
1026 1383 1170 1464 Clerici
1203 1410 1277 1464 nec
1308 1409 1379 1464 vo·

202 1519 334 1600 lentes
365 1523 606 1600 renunciare
628 1529 803 1626 possunt
825 1519 1039 1625 privilegio
1062 1519 1156 1598 Fosi
1181 1544 1253 1624 per
1273 1525 1373 1597 text.

203 1656 246 1734 in
278 1656 347 1732 cit.
388 1656 491 1763 Cap.
531 1654 580 1733 Si
609 1653 798 1761 diligenti
831 1657 890 1736 12
921 1652 970 1732 dc
1001 1651 1114 1732 Foro
1156 1663 1373 1759 competen.

198 1784 286 1866 Imo
310 1813 390 1866 non
414 1798 589 1894 possunt
610 1786 853 1866 renunciare
884 1813 935 1864 ne
968 1785 1180 1892 privilegio
1212 1784 1376 1892 quidem

199 1924 489 2001 canonistext.
515 1948 713 2029 expresso
750 1921 791 2000 in
827 1913 950 2030 Cap.¹
981 1922 1190 2029 Contingit
1231 1925 1291 2002 36
1328 1921 1378 2000 de
1491 1937 1496 1948 '

197 2055 361 2136 Sonten.
386 2083 585 2134 eoccomna.
614 2101 673 2117 —
703 2055 759 2133 ibi
790 2100 848 2118 —
883 2056 985 2132 Corn
1019 2055 1088 2132 ilie
1123 2055 1265 2132 Canon
1296 2083 1376 2134 non

198 2197 283 2268 tam
317 2193 358 2270 ia
385 2191 581 2297 sanorem
618 2189 772 2266 Clerici
803 2187 1002 2285 ordinati,
1028 2213 1151 2292 qaam
1184 2191 1225 2266 in
1246 2189 1376 2295 saco-

197 2349 282 2402 rem
319 2323 489 2402 Ordinis
525 2321 742 2403 Ciericalis
762 2322 903 2428 faerit
927 2321 1229 2429 promoigyatas.

287 2458 345 2538 3.⁰
366 2455 584 2534 Amittitur
610 2454 871 2560 privilegium
899 2455 1206 2535 renunciatione
1226 2455 1369 2548 tacita,

195 2608 300 2694 qu'ae
330 2589 437 2694 juris
479 2589 810 2693 interpretatione
846 2595 1037 2667 censetur
1068 2589 1156 2668 ficri
1189 2615 1261 2695 per
1291 2615 1373 2667 non

194 2747 311 2801 asom
344 2725 469 2830 ipsias
495 2723 723 2832 pricilcgii,
759 2731 831 2804 ant
862 2751 934 2828 per
965 2724 1368 2822 osomcontrariam,

193 2866 233 2936 et
264 2855 304 2934 in
337 2855 414 2936 hoo
435 2857 599 2963 quidem
622 2881 766 2935 omnes
788 2855 1049 2957 Canonistae,
1075 2867 1114 2938 et
1136 2857 1225 2939 DD.
1253 2857 1371 2937 facile

192 2990 470 3070 consentiunt.

266 3122 425 3202 Verum
439 3121 693 3221 difficillima,
714 3128 753 3201 et
769 3128 934 3228 propter
950 3121 1136 3202 diversos
1155 3121 1370 3228 utriusque

186 3255 294 3361 juris
325 3265 465 3336 textus
498 3256 721 3360 plurimum
754 3254 942 3334 intricata
978 3255 1257 3335 controversia
1289 3265 1367 3354 est,

191 3397 345 3496 quanto
377 3389 573 3496 temporis
602 3389 752 3496 spati0,
786 3396 956 3495 etquot
987 3389 1149 3468 actibus
1180 3388 1257 3468 iste
1288 3414 1367 3466 non

191 3549 286 3604 asos
320 3525 549 3635 pricilcyii,
585 3525 648 3603 vel
690 3549 784 3604 asos
825 3525 1058 3604 contrarios
1099 3521 1248 3601 debeat
1278 3547 1369 3601 esse

189 3657 471 3756 continuatus
506 3667 551 3738 ut
587 3655 665 3736 dici
688 3657 817 3764 possit
839 3656 1100 3763 privilegium
1124 3656 1177 3735 ob
1199 3655 1369 3736 tacitam

189 3795 538 3872 renunciationem
570 3793 799 3892 amissum;
833 3791 980 3872 etenim
1005 3791 1046 3868 in
1071 3791 1146 3898 icy.
1176 3795 1217 3883 1,
1245 3791 1298 3897 ff
1320 3789 1370 3868 de

190 3924 404 4006 Nandinis
426 3927 482 4006 ait
498 3927 842 4006 iurisconsultus.
873 3925 1066 4006 nondinis
1091 3925 1320 4034 impetratis
1341 3949 1369 4002 a

188 4061 405 4170 Principe,
430 4089 509 4140 non
531 4061 694 4152 scienda,
719 4064 790 4167 qni
806 4061 968 4159 meruit,
989 4059 1175 4139 decennii
1190 4065 1368 4166 tempore

187 4221 307 4274 osona
328 4196 501 4276 omittit.
531 4195 575 4273 ln
604 4197 709 4306 Cap.
740 4196 788 4276 Si
804 4194 853 4274 de
874 4203 987 4274 terra
1009 4200 1037 4274 6
1060 4193 1101 4274 h.
1128 4201 1156 4273 t.
1182 4191 1369 4270 Alex.lll

187 4329 332 4428 Aban,
369 4337 408 4409 ct
439 4329 655 4409 Monechis
687 4329 732 4410 S.
767 4329 959 4408 Andreae
991 4325 1368 4408 CistercicnsisOr-

192 4461 301 4543 dinis
342 4465 591 4546 decisionem
633 4464 743 4544 dedit
783 4463 824 4544 in
866 4463 967 4546 hacc
1003 4463 1129 4544 verba
1162 4513 1207 4524 -
1240 4461 1290 4542 Si
1318 4459 1368 4539 de
