3388 5136
551 397 652 443 mna
674 397 706 442 v.
733 414 773 426 -
797 395 940 444 mutus
962 397 985 443 1.
1312 378 1359 445 63

179 541 439 650 Quapropter
484 540 825 639 concludendum,
875 541 1079 641 subdunt,
1130 541 1358 649 praefatam

179 674 350 756 Concilii
383 673 693 782 dispositionem
725 674 849 755 etiam
892 701 965 781 pro
1006 673 1252 756 criminibus
1282 701 1362 783 pu-

180 808 301 889 blicis
331 835 421 889 esse
456 807 747 892 introductam.
792 808 882 888 Hoc
919 815 984 888 est
1022 808 1253 889 secundum
1295 833 1363 887 ar-

179 951 423 1050 gumentum
456 941 579 1022 etiam
612 967 694 1022 non
736 941 837 1040 leve,
884 967 964 1049 quo
1003 967 1053 1022 ex
1094 942 1268 1023 adverso
1310 942 1361 1021 ad

180 1075 329 1156 thesim
342 1075 552 1184 propriam
569 1075 882 1156 substinendam
901 1101 974 1182 pro
991 1073 1151 1156 viribus
1169 1081 1358 1156 utuntur.

268 1209 427 1290 Verum
473 1210 637 1290 duabus
682 1209 796 1290 hisce
836 1210 1147 1290 difficultatibus
1189 1208 1361 1290 inferius

181 1369 257 1424 nos
289 1342 654 1450 respondebimus:
700 1343 862 1424 interim
903 1350 1042 1423 tamen
1084 1341 1276 1440 dicimuS,
1322 1348 1362 1420 et

180 1503 253 1585 pro
284 1477 384 1576 aris,
418 1502 467 1558 ac
499 1476 601 1558 locis
631 1477 917 1558 contendimus
948 1476 1176 1583 Episcopos
1209 1474 1279 1554 illa
1301 1474 1318 1552 f
1341 1521 1361 1534 -

182 1609 332 1692 cultate
363 1636 388 1690 a
417 1609 657 1692 Tridentino
688 1635 885 1692 concessa
916 1609 975 1691 uti
1006 1635 1128 1718 posse
1169 1633 1243 1717 pro
1282 1609 1362 1690 cri·

182 1743 366 1822 minibus
400 1743 571 1826 occultis
599 1751 778 1825 tantum.
813 1744 933 1837 Quod
956 1744 1224 1848 absolvemus
1245 1745 1303 1825 l.⁰
1321 1742 1360 1824 id

182 1877 405 1984 probantes
437 1878 623 1986 positivis
655 1879 926 1986 argumentis.
963 1880 1026 1958 2⁰
1058 1877 1161 1958 Dein
1188 1901 1362 1983 respon-

181 2011 322 2091 dentes
354 2010 663 2092 difficultatibus
694 2012 889 2118 superius
924 2037 1021 2091 mox
1061 2009 1275 2118 expositis
1310 2009 1363 2090 Et

183 2144 386 2252 imprimis

268 2275 428 2358 Indubii
462 2275 558 2357 facti
590 2284 667 2376 est,
692 2281 785 2355 ante
815 2275 1046 2357 Concilium
1072 2275 1360 2356 Tridentinum

183 2411 363 2493 Clericus
392 2410 627 2492 saeculares
659 2410 711 2490 ob
742 2410 897 2491 crimen
938 2410 1147 2492 occultum
1178 2411 1230 2490 ab
1261 2409 1361 2518 Epi-

181 2545 318 2654 scopis
350 2544 505 2624 moneri
537 2543 703 2651 quidem
744 2543 946 2651 potuisse,
990 2569 1073 2624 non
1114 2549 1254 2624 autem
1295 2569 1361 2624 re-

182 2675 277 2783 pelli
309 2677 361 2754 ab
381 2677 595 2758 ordinibus
615 2676 905 2784 suscipiendis
929 2676 991 2758 vel
1014 2676 1213 2786 suspendi
1236 2701 1261 2756 a
1283 2677 1360 2756 mi-

181 2808 351 2890 nisterio
382 2808 536 2890 ordinis
562 2809 648 2916 jam
679 2811 876 2918 suscepti.
921 2811 1064 2890 Tradit
1099 2809 1139 2890 id
1185 2811 1289 2922 Cap.
1327 2813 1356 2889 4

181 2943 232 3023 de
266 2943 491 3054 Temporib.
531 2943 632 3026 Ord.
669 2951 705 3024 et
727 2945 874 3052 qualit.
899 2944 990 3024 ord.
1016 2943 1231 3024 -ibi-
1260 2975 1279 3020 «
1300 2945 1362 3024 Ex

188 3083 365 3156 »tenore
405 3083 573 3158 tuarum
614 3077 826 3158 literarum
868 3076 1118 3184 accepimus,
1161 3077 1270 3184 quod
1302 3075 1356 3156 N.

186 3207 410 3290 »Clericus
440 3211 542 3291 adeo
573 3209 758 3318 deliquit,
803 3211 979 3319 quodsi
1012 3217 1230 3317 peccatum
1271 3209 1361 3318 ejus

187 3351 335 3424 »esset
364 3343 593 3451 publicum,
628 3343 921 3451 degraderetur
961 3344 1013 3424 ab
1043 3343 1199 3440 ordine,
1237 3368 1360 3449 quem

186 3479 422 3588 »suscepit
457 3477 707 3588 etamplius
738 3504 821 3559 non
851 3485 991 3585 posset
1029 3477 1080 3558 ad
1121 3475 1361 3584 superiores

188 3612 390 3694 >ordines
421 3612 670 3722 promoveri.
705 3612 865 3694 Verum
906 3617 1101 3720 quoniam
1142 3617 1357 3719 peccatum

188 3745 362 3854 >ipsius
392 3747 478 3828 fore
508 3746 715 3828 occultum
746 3745 903 3845 dixisti,
940 3746 1189 3828 mandamus
1219 3751 1364 3851 quate-

188 3881 365 3961 »unsel
388 3880 633 3987 condignam
656 3878 947 3986 poeniteutiam
973 3879 1178 3986 imponas,
1205 3885 1244 3957 et
1264 3901 1363 3958 sua·

189 4015 343 4114 »deas
376 4021 422 4094 ut
451 4019 567 4122 parte
597 4011 870 4120 poenitentiae
901 4019 1084 4119 peracta,
1119 4009 1261 4090 ordine
1291 4037 1364 4088 su-

189 4153 367 4255 ›scepto
399 4155 561 4229 utatur:
594 4172 675 4254 quo
706 4152 924 4228 contentus
944 4143 1126 4226 existens
1157 4143 1208 4223 ad
1239 4168 1364 4250 supe-

189 4312 207 4356 >
227 4281 356 4363 riores
387 4281 567 4390 amplius
598 4307 681 4362 non
707 4279 919 4362 ascendat.
943 4277 1242 4359 Verumtamen
1265 4276 1362 4385 quia

189 4425 444 4525 »peccatum
475 4415 683 4498 occultum
715 4423 790 4516 est,
825 4414 859 4494 si
896 4411 1127 4523 promoveri
1170 4409 1360 4510 voluerit,
