3136 5138
726 1755 963 1837 TlTULUS
994 1755 1082 1836 Vll.

495 2027 560 2106 Dc
589 2051 633 2104 oo
664 2025 735 2132 qui
765 2025 891 2104 dumit
909 2026 960 2104 in
990 2022 1314 2120 matrimonium,

555 2201 679 2282 quam
701 2174 853 2284 polluit
879 2201 957 2284 por
986 2172 1249 2254 adulterium.

442 2577 499 2655 l.⁰
528 2573 714 2656 Robrica
744 2576 849 2657 tituli
880 2603 963 2658 non
993 2581 1132 2656 exacte
1173 2600 1247 2654 nec
1287 2571 1481 2680 complete

322 2706 517 2814 exprimit
546 2709 883 2817 impedimentum
914 2708 992 2789 sub
1023 2707 1100 2788 hoe
1139 2705 1257 2787 titulo
1299 2731 1326 2785 a
1365 2726 1480 2786 cano-

323 2839 446 2920 nibus
477 2841 705 2942 inductum,
739 2842 848 2923 unde
878 2868 1000 2922 verus
1016 2839 1225 2920 Rubricae
1246 2863 1398 2918 sensus
1418 2833 1480 2914 de-

321 2972 606 3054 terminandus
646 2981 709 3054 est
748 3001 799 3054 ex
838 2973 1035 3054 subiectis
1075 2971 1293 3080 capitibus,
1339 2967 1484 3074 Agitur
1549 2971 1550 3034 l

291 3131 293 3136 ·
323 3105 389 3186 hic
418 3107 467 3186 de
498 3105 789 3214 impedimento
810 3105 1025 3186 dirimente
1046 3104 1309 3212 proveniente
1332 3129 1387 3182 em
1406 3101 1480 3180 cri-

320 3242 443 3342 mine3
476 3241 517 3320 vi
537 3239 657 3348 cujus
677 3240 781 3321 inter
801 3238 1019 3346 complices
1041 3237 1175 3318 delicti
1196 3235 1381 3317 validum
1401 3259 1482 3314 ma-

321 3373 561 3455 trimonium
591 3373 714 3456 etiam
735 3374 870 3456 soluto
892 3373 1026 3482 priore
1048 3371 1142 3452 iniri
1163 3370 1318 3478 nequit,
1349 3377 1390 3450 et
1410 3366 1481 3445 ini-

320 3517 410 3588 tum
441 3508 660 3590 dirimitur.
696 3509 789 3590 Duo
830 3516 967 3589 autem
1009 3507 1184 3589 crimina
1224 3512 1338 3605 sunt,
1382 3524 1481 3610 quae

321 3639 387 3719 hic
421 3648 700 3742 recensentur,
749 3668 895 3749 nempe
940 3640 1203 3740 adulterium,
1237 3646 1276 3720 et
1308 3633 1482 3718 uxorici-

320 3772 450 3872 dium,
484 3799 534 3853 ex
564 3773 716 3880 quibus
746 3774 903 3857 delictis
933 3775 1155 3874 inducitur,
1180 3797 1226 3854 ut
1245 3771 1350 3852 inter
1370 3765 1483 3849 adul·

319 3915 428 3986 teros
449 3905 573 3988 etiam
595 3905 726 4014 primo
743 3907 1003 3989 matrimonio
1024 3905 1204 3988 resoluto
1221 3931 1291 4014 per
1313 3909 1481 3984 mortem

320 4064 403 4118 non
434 4039 568 4122 valeat
588 4038 826 4148 conjugium
847 4041 1084 4141 consistere,
1103 4039 1211 4122 sicut
1231 4061 1363 4145 neque
1384 4034 1484 4114 inter

321 4172 558 4254 uxoricidas
579 4171 702 4254 etiam
720 4200 746 4254 a
765 4171 888 4280 priori
905 4172 1069 4254 vinculo
1091 4170 1267 4253 maritali
1290 4169 1446 4251 solutos
1463 4207 1482 4222 -

317 4305 535 4388 Inductum
565 4315 704 4388 autem
725 4313 787 4387 est
807 4306 885 4388 hoc
906 4305 1245 4413 impedimentum
1266 4329 1292 4382 a
1307 4302 1400 4410 jure
1420 4323 1482 4377 ec·
1549 4303 1550 4306 ‘

316 4439 549 4523 clesiastioo
581 4443 631 4523 ad
662 4441 796 4547 magis
818 4441 1040 4522 fovendum
1062 4465 1245 4521 amorem
1266 4436 1370 4518 inter
1389 4457 1483 4515 con·
