3264 5146
485 393 592 445 nnan
615 395 661 447 iv.
685 417 706 432 -
728 397 867 452 uranus
890 401 911 450 1.
1245 389 1289 453 67

126 529 283 610 ductum
321 534 385 609 est
423 553 475 607 ex
505 527 802 624 consuetudine
842 527 1020 634 generali
1053 527 1137 609 vim
1177 529 1282 638 legis

126 660 289 742 habente
306 659 392 766 jam
415 660 468 740 ab
488 657 604 741 initio
624 659 777 741 saeculi
801 660 1031 742 duodecimi
1054 661 1278 764 Ecclesiae,

125 801 163 873 ut
200 793 349 902 probat
388 790 666 873 Bellarminus
705 795 770 874 Dc
809 795 1047 876 Sacramen.
1082 798 1274 878 Matrini.

125 927 183 1007 lib.
212 929 229 1006 l
255 954 346 1037 cap.
373 928 445 1026 23;
469 951 551 1033 quo
572 951 624 1006 ex
644 931 828 1034 tempore
857 951 995 1008 mores
1015 929 1155 1036 populi
1177 930 1280 1012 adeo

125 1059 414 1140 exhorruerunt
429 1057 732 1166 conjugiacum
753 1059 942 1168 paganis
965 1059 1305 1142 mahomedanis'

123 1203 156 1272 et
186 1191 350 1300 judaeis
380 1215 406 1272 a
435 1191 667 1274 christianis
707 1191 822 1293 inita,
857 1200 902 1274 ut
939 1217 989 1273 ea
1018 1192 1279 1276 dissocianda

125 1326 275 1432 penitus
306 1325 554 1432 judicarent.
579 1324 716 1417 Quam
746 1325 878 1432 legem
910 1325 1031 1406 hodie
1060 1325 1213 1433 vigere,
1238 1339 1279 1410 et

124 1459 295 1567 obligare
321 1483 484 1568 quoque
503 1459 746 1560 haereticos,
771 1483 820 1540 ac
841 1485 1123 1567 quoscumque
1145 1460 1278 1569 bapti·

125 1599 226 1673 zatos
243 1591 323 1674 etsi
340 1616 367 1671 a
382 1590 670 1672 communione
691 1592 886 1674 ecclesiae
903 1591 1067 1700 ejectos,
1087 1591 1278 1674 similiter

125 1725 310 1832 attingere
341 1751 624 1834 quaecumque
644 1726 749 1826 loca,
766 1705 867 1808 licet
897 1725 1131 1834 nuperrime
1151 1751 1277 1806 evan-

124 1858 206 1964 gelii
233 1861 370 1967 legem
399 1859 669 1966 susceperint,
703 1859 821 1940 docet
845 1859 1092 1940 Benedictus
1112 1858 1212 1938 XlV
1233 1859 1274 1938 in
1425 1867 1427 1872 “

124 1994 181 2073 ot.
202 1993 410 2105 Epistola.
436 1993 480 2074 ln
508 1991 587 2074 hac
616 1992 706 2100 lege
737 1994 919 2101 generali
950 2020 1031 2076 non
1063 1994 1274 2104 dispensat

123 2126 190 2206 nisi
209 2127 429 2209 Romanus
449 2127 657 2228 Pontifex,
681 2135 721 2210 et
749 2128 792 2206 in
823 2128 1011 2236 Epistola
1040 2127 1277 2210 referuntur

123 2260 308 2342 nonnulla
338 2261 656 2369 dispensationis
688 2261 891 2370 exempla,
916 2262 999 2344 imo
1030 2269 1070 2344 et
1100 2261 1277 2343 facultas

122 2396 387 2479 Missionariis
415 2379 612 2512 leponiae
644 2396 901 2505 aliarumque
920 2397 1189 2479 finitimarum
1209 2401 1275 2482 ln·

120 2531 297 2614 sularum
328 2555 539 2632 concessa,
562 2538 609 2612 ut
628 2557 757 2612 novos
787 2531 880 2612 illos
910 2531 1193 2612 christifideles
1223 2533 1277 2631 ab

122 2662 186 2746 hoc
212 2663 507 2773 impedimento
543 2664 762 2746 solverent.
798 2663 1061 2771 Dispensatio
1101 2663 1202 2746 haec
1233 2665 1275 2746 in

123 2795 207 2878 locis
233 2795 464 2878 infidelium
485 2823 580 2878 raro
601 2805 641 2878 et
661 2797 859 2904 gravibus
880 2795 1088 2878 decausis
1109 2797 1274 2878 concedi

122 2930 210 3012 solet
238 2957 316 3040 pro
347 2927 622 3011 matrimoniis
653 2929 737 3036 jam
770 2929 990 3011 contractis
1020 2929 1084 3010 vel
1115 2937 1276 3011 contra-

121 3061 266 3165 hendis3
305 3063 346 3144 in
377 3063 477 3145 locis
507 3087 604 3143 vero
636 3061 953 3144 christianorum
988 3065 1276 3145 tantummodo

30 3193 31 3196 ‘
121 3221 183 3302 pro
200 3196 476 3278 matrimoniis
490 3195 578 3302 jam
599 3195 833 3276 contractis
858 3196 902 3304 ln
924 3194 1110 3302 utrisque
1131 3203 1270 3276 autern

121 3340 371 3440 apponuntur
400 3337 617 3439 sequentes
638 3328 911 3448 conditiones*
933 3353 1093 3435 nempe:
1116 3373 1136 3390 -
1158 3338 1205 3427 (α)
1228 3339 1275 3410 ut

120 3465 356 3550 cohabitatio
388 3489 483 3547 cum
508 3463 661 3546 infideli
682 3489 757 3545 nec
779 3461 910 3546 ullum
930 3460 1160 3570 periculum
1181 3488 1277 3569 per--

122 3601 322 3700 versionis,
365 3625 440 3680 nec
480 3597 607 3679 ullam
648 3595 843 3678 creatoris
882 3595 1173 3678 contumeliam
1210 3597 1275 3677 in-

119 3727 254 3834 cludat,
287 3730 445 3814 scilicet
475 3731 583 3838 quod
613 3728 745 3812 fidelis
777 3729 828 3812 ad
858 3736 1073 3837 peccatum
1103 3729 1155 3809 ab
1178 3727 1276 3809 infi-

119 3863 182 3944 deli
210 3893 294 3948 non
327 3863 602 3973 pertrahatur;
623 3909 644 3924 -
675 3873 722 3964 (β)
754 3871 800 3944 ut
830 3862 964 3971 proles
994 3887 1046 3942 ex
1076 3859 1148 3942 tali
1179 3883 1274 3940 ma·

121 3997 296 4082 trimonio
311 4003 505 4106 suscepta
520 3996 563 4078 in
578 3996 802 4079 christiana
817 3995 1012 4103 religione
1027 3994 1273 4094 adnectun-

121 4143 159 4231 (γ)
176 4141 221 4216 ut
239 4161 337 4243 spes
367 4131 591 4242 probabilis
611 4131 814 4214 habeatur
834 4131 884 4212 de
905 4127 1080 4214 infidelis
1101 4152 1275 4210 conver-

120 4266 232 4350 sione.
251 4269 357 4350 Lato
373 4293 498 4349 sensu
521 4273 688 4375 accepta
707 4263 928 4374 disparitas
948 4263 1101 4363 cultus,
1124 4285 1274 4368 nempe

35 4487 37 4490 ,
122 4397 210 4484 inter
239 4402 491 4484 haereticum
512 4400 765 4512 baptizatum
796 4407 836 4482 et
856 4398 1097 4482 catholicam
1118 4393 1182 4477 vel
1205 4391 1271 4474 vi-
