3178 5134
317 373 420 439 .·262
639 387 929 440 emunacrrouns
951 388 1043 440 murs
1067 386 1235 438 cruorum

309 525 313 532 '
361 543 443 597 non
473 522 737 596 asseruerunt
766 523 933 623 excepto
970 515 1070 596 lorte
1100 522 1260 600 tantum
1299 541 1400 595 casu
1430 514 1511 595 dis·

316 743 318 750 Ι
362 649 577 732 solutionis
606 648 854 728 matrimonii
894 648 969 730 rati
1009 668 1091 728 non
1129 648 1404 730 consummati
1444 675 1513 755 per

362 783 656 892 professionem
685 781 907 862 solemnem
938 780 1186 888 religiosam,
1219 781 1287 888 qui
1311 808 1447 880 casuS,
1472 790 1514 861 ut

362 917 555 1016 vidimuS,
589 922 651 995 est
680 939 731 994 ex
757 913 849 1020 jure
881 913 1153 996 ecclesiastico
1174 939 1255 994 non
1277 913 1435 1020 dejure
1456 914 1514 994 di-

362 1051 473 1152 vino,
496 1075 589 1131 cum
611 1047 921 1128 solemnitas'sit
942 1075 992 1128 ex
1012 1045 1271 1128 concessione
1292 1045 1510 1128 Ecclesiae.

359 1183 415 1264 Et
445 1210 496 1262 ex
525 1181 602 1263 hac
637 1181 800 1261 raritate
840 1205 1011 1260 casuum
1051 1179 1294 1262 Canonistae
1333 1179 1514 1260 nonnulli

364 1316 649 1398 concluserunt
678 1313 888 1395 Romanos
918 1313 1135 1394 Pontifices
1166 1340 1246 1394 non
1276 1313 1426 1396 habere
1458 1314 1516 1392 f-

365 1450 557 1533 cultatem
587 1447 849 1556 dispensandi
879 1456 919 1528 et
943 1445 1190 1527 dissolvendi
1211 1447 1513 1555 matrimonium

366 1592 515 1664 ratum.
550 1582 631 1662 Sed
660 1606 880 1689 progressu
909 1581 1103 1691 temporis
1124 1579 1202 1660 ista
1223 1580 1328 1660 lacta
1348 1607 1429 1660 non
1451 1581 1518 1661 de·

367 1715 546 1814 fuerunt,
561 1719 682 1821 prout
698 1713 746 1793 de
757 1712 934 1792 Martino
950 1713 1003 1814 V,
1017 1712 1203 1819 Eugenio
1219 1713 1290 1812 IV,
1305 1711 1435 1792 Paulo
1450 1713 1513 1810 ΙΙΙ,
1533 1787 1536 1794 ,

367 1849 442 1929 Pio
462 1845 518 1927 IV
534 1844 713 1926 indubiis
733 1843 987 1924 documentis
1007 1845 1193 1944 traditur,
1213 1851 1334 1952 atque
1354 1845 1403 1924 de
1420 1845 1517 1923 Gre-

367 1981 481 2088 gorio
511 1979 602 2058 Xlll
631 1977 753 2058 refert
782 1977 965 2057 Sanchez
997 1978 1064 2058 bb.
1095 1978 1291 2088 adaptat.
1316 1981 1343 2057 4
1364 1977 1412 2057 dc
1431 2005 1519 2055 mu-

368 2115 530 2196 trimon.
565 2111 700 2218 ipsum
731 2135 813 2190 uno
843 2109 908 2190 die
934 2097 1239 2216 quatuordecim
1260 2109 1520 2190 matrimonia

368 2257 457 2327 rata
477 2244 749 2353 dispensando
766 2243 1001 2323 dissolvisse
1022 2244 1156 2352 quoad
1171 2243 1395 2324 vinculum.
1420 2245 1520 2325 Post

368 2405 491 2487 quam
520 2385 694 2458 aetatem
724 2404 805 2456 non
826 2377 1043 2458 defuerunt
1063 2377 1243 2486 quolibet
1262 2403 1361 2457 aevo
1382 2365 1522 2458 enem-

368 2513 450 2622 pla,
479 2510 701 2618 exquibus
732 2510 958 2616 explicatur
987 2511 1189 2616 quomodo
1216 2535 1410 2617 praesens
1432 2535 1523 2615 pra-

369 2647 435 2727 xis
465 2645 630 2725 inducta
659 2643 845 2724 videatur
874 2643 1122 2750 proponendi
1165 2645 1275 2758 apud
1314 2643 1523 2724 laudatam

370 2780 415 2860 S.
449 2776 813 2884 Congregationem
850 2777 1023 2856 alterum
1053 2778 1296 2857 recensitum
1335 2777 1521 2857 dubium.

371 2913 415 2993 ln
444 2909 521 2990 hoc
551 2915 689 2990 autem
719 2907 843 2988 dubio
864 2909 1099 3014 exponendo
1121 2934 1168 2988 ac
1188 2909 1431 2990 resolvendo
1445 2910 1525 2990 duo

371 3041 618 3152 praestanda
646 3047 744 3120 suut
774 3065 918 3154 nempe
947 3039 1078 3146 primo
1109 3041 1218 3147 quod
1238 3051 1346 3122 certo
1367 3047 1525 3122 constet

371 3176 525 3257 lactum
556 3175 618 3255 de·
634 3200 716 3254 non
746 3181 888 3254 secuta
907 3174 1257 3254 consummatione
1279 3173 1528 3254 matrimonii

372 3309 598 3420 praemisso
629 3307 806 3414 regulari
837 3333 1031 3413 processu
1063 3308 1115 3387 ad
1155 3307 1328 3387 formam
1368 3307 1528 3418 Consti·

371 3442 539 3524 tutionis
570 3441 870 3521 Benedictinae.
913 3440 957 3518 In
997 3465 1077 3547 quo
1117 3439 1221 3520 lacto
1262 3440 1526 3546 expendendo

372 3603 453 3657 non
484 3575 703 3655 attenditur
732 3573 774 3653 in
804 3600 903 3653 casu
934 3572 990 3653 cd
1024 3580 1206 3654 eatramu
1247 3573 1527 3680 impotentiae,

374 3733 519 3815 nempe
549 3707 657 3813 quod
688 3705 809 3786 luerit
848 3705 1089 3787 antecedens
1129 3707 1192 3786 vel
1232 3715 1441 3814 perpetua,
1487 3715 1532 3786 ut

374 3840 546 3923 debeant
575 3837 860 3918 concludenter
889 3838 1066 3946 probari.
1100 3839 1353 3944 Postquam
1383 3837 1533 3944 proba·

375 3973 525 4054 tionem
556 3998 636 4051 non
668 3973 1046 4073 consummationis,
1081 3973 1260 4052 secundo
1281 3973 1534 4052 inducuntur

377 4103 574 4185 nonnulla
604 4101 833 4183 extrinseca
858 4113 1114 4212 argumenta,
1138 4129 1243 4210 quae
1264 4103 1435 4184 reddant
1455 4103 1533 4182 im-

377 4237 628 4347 probabilem
660 4245 699 4318 et
728 4238 900 4317 arduam
931 4235 1164 4317 individuae
1183 4235 1290 4317 vitae
1311 4245 1534 4317 consuetu-

378 4370 484 4453 dinis
514 4370 849 4452 instaurationem
880 4369 983 4452 inter
1012 4371 1221 4479 conjuges
1251 4395 1434 4478 quaeque
1465 4399 1535 4450 so-
