3136 5138
343 365 407 429 170
630 373 921 426 emundationes
944 374 1036 424 aunis
1060 372 1229 424 canorum

352 505 626 587 »testimonia
654 505 718 584 vel
750 504 836 611 ipsc
866 503 1125 584 Justinianus
1157 503 1226 610 qui
1265 503 1391 609 longe
1421 511 1507 583 ante

352 639 592 720 »trullanos
622 665 801 719 canones
830 638 942 744 leges
972 637 1190 744 disposuit,
1214 637 1368 744 quique
1394 637 1508 744 proli-

352 781 512 874 »tetur‚
545 799 590 852 se
631 793 722 852 esse
763 770 946 879 priorum
977 769 1192 851 Canonum
1232 777 1507 868 executorem,

352 931 474 986 »non
504 906 632 985 semel
663 905 855 1004 inculcat,
882 911 935 984 ut
965 903 1157 1012 Episcopi
1188 904 1252 984 vel
1294 930 1345 984 ex
1374 903 1509 984 ordine

351 1039 594 1144 »eligantur
624 1036 936 1136 monachorum,
960 1035 1025 1116 vel
1046 1063 1098 1117 ex
1125 1037 1232 1116 clero
1254 1036 1422 1144 quidem
1442 1037 1506 1116 scd

352 1173 418 1251 »ii
441 1171 510 1278 qui
541 1197 672 1279 neque
702 1171 824 1271 filios,
858 1197 989 1279 neque
1020 1197 1193 1251 uxorem
1224 1170 1419 1268 habeant,
1442 1188 1507 1248 aut

353 1308 449 1387 »illi
471 1306 617 1388 saltem
647 1332 730 1387 non
750 1304 1008 1386 cohaereant.
1033 1305 1190 1385 Eadem
1216 1305 1390 1414 insuper
1408 1303 1508 1408 viget

352 1441 608 1550 »disciplina
636 1441 746 1549 apud
775 1447 910 1522 sectas
941 1440 1159 1521 orientales
1189 1467 1296 1548 quae
1328 1439 1393 1521 vel
1422 1447 1508 1518 ante

352 1574 612 1667 »Justiniani
643 1583 829 1682 tempora
848 1575 901 1654 ab
922 1574 1077 1655 unitate
1098 1574 1348 1674 defecerant,
1373 1597 1506 1653 omnes

350 1709 539 1818 »quippe
571 1708 612 1786 in
643 1733 691 1788 eo
722 1707 985 1806 conveniunt,
1011 1715 1057 1787 ut
1082 1707 1276 1814 Episcopi
1309 1706 1504 1812 eligantur

349 1871 367 1912 »
387 1839 578 1921 coelibes,
598 1840 774 1946 -Longe
790 1839 908 1920 aliter
923 1838 1070 1920 accidit
1086 1840 1222 1946 quoad
1243 1839 1505 1946 Presbyteros

351 2007 368 2046 »
390 1975 574 2084 aliosque
595 1973 781 2074 clericos;
805 1974 955 2054 etenim
975 2001 1080 2082 quae
1102 1981 1190 2054 erat
1210 1981 1397 2082 tempore
1416 1967 1504 2076 Epi·

349 2143 367 2180 »
388 2107 528 2216 phanii
559 2107 865 2189 inobservantia
893 2134 969 2188 seu
989 2109 1084 2188 laxa
1104 2107 1281 2214 alicujus
1304 2101 1503 2188 Ecclesiae

349 2241 649 2348 »particularis
680 2241 949 2343 consuetude,
983 2241 1040 2323 ita
1060 2248 1191 2322 tractu
1224 2239 1421 2350 temporis
1445 2263 1502 2316 ra-

349 2408 366 2448 »
388 2374 499 2454 dices
530 2400 652 2482 agere
673 2401 721 2456 ac
746 2375 964 2483 propagari
986 2375 1103 2483 cepit,
1131 2383 1177 2456 ut
1196 2376 1366 2457 tandem
1386 2378 1502 2454 totam
1554 2467 1555 2470 p

350 2534 491 2616 »pene
512 2507 750 2589 orientalem
772 2507 999 2590 Ecclesiam
1029 2507 1270 2616 pervaserit;
1295 2517 1336 2590 et
1361 2501 1502 2586 invale·
1554 2481 1555 2537 l

350 2675 367 2716 >
388 2649 525 2722 scente
541 2640 851 2741 consuetudine,
870 2641 979 2748 quod
994 2647 1155 2722 tantum
1172 2641 1420 2722 Cantoribus
1434 2636 1500 2714 Le·

350 2776 651 2884 »ctoribusque
682 2774 930 2884 permissum
961 2783 1062 2876 erat,
1101 2775 1223 2856 etiam
1254 2767 1502 2881 presbyteris
1553 2775 1554 2829 l

350 2910 590 2992 »tributum
621 2910 698 2991 fuit
728 2909 901 3017 aliisque
932 2909 1090 2990 clericis
1121 2909 1163 2988 in
1193 2909 1326 2990 saeris
1361 2900 1499 2988 consti-

350 3043 505 3144 »tutis
548 3049 594 3124 ut
634 3041 830 3123 nimirum
870 3069 966 3123 cum
1006 3042 1229 3143 uxoribus,
1273 3069 1379 3149 quas
1417 3043 1500 3115 ante¹
1552 3031 1553 3123 l

350 3201 551 3258 »sacram
588 3175 887 3257 ordinationem
926 3177 1144 3278 duxerant,
1178 3175 1494 3259 consuescerent.

351 3310 586 3404 >Quinimo
616 3337 665 3391 eo
696 3336 827 3418 usque
854 3308 893 3389 in
915 3310 1054 3418 aliqua
1074 3311 1293 3391 Provincia
1313 3295 1497 3392 Orientali
1551 3343 1552 3417 p

351 3477 368 3519 »
389 3471 434 3525 se
455 3444 623 3553 protulit
643 3444 814 3525 laxioris
830 3443 1068 3552 disciplinae
1084 3451 1240 3545 aestuS,
1261 3456 1307 3526 ut
1327 3429 1496 3526 nonnulli

352 3611 369 3655 >›
390 3577 514 3658 etiam
535 3587 629 3686 post
648 3606 862 3660 sacrorum
883 3577 1074 3660 ordinum
1099 3581 1400 3688 susceptionem
1420 3593 1497 3652 ma·
1550 3617 1551 3709 p

352 3743 370 3786 >
390 3709 630 3791 trimonium
646 3718 844 3793 attentare
864 3715 1229 3822 praesumpserint;
1248 3714 1356 3822 quod
1373 3721 1496 3792 tanen
1549 3765 1550 3780 r

352 3877 369 3918 »
390 3850 563 3951 utroque
586 3843 689 3941 iure,
713 3844 1000 3928 Ecclesiastico
1017 3845 1204 3928 videlicet
1224 3873 1273 3928 ac
1293 3847 1495 3928 Caesareo,
1549 3911 1550 3922 a

353 3985 431 4058 »et
451 3977 615 4086 quidem
639 3984 732 4059 ante
754 3978 954 4060 trullanos
984 3960 1177 4082 canones
1201 4007 1343 4062 severe
1363 4001 1408 4056 ac
1425 3964 1497 4049 sub

352 4111 649 4219 »gravissimis
679 4112 821 4220 poenis
861 4112 1139 4220 improbatum
1178 4112 1497 4222 prohibitumque

352 4245 488 4346 »luia
533 4255 578 4328 ut
616 4247 680 4328 vel
720 4248 833 4357 ipsae
874 4247 1096 4329 Justiniani
1137 4247 1248 4354 leges
1287 4240 1496 4328 luculenter

353 4381 625 4464 >ostendunt
650 4381 812 4464 Etenim
842 4381 1052 4491 praelatus
1082 4383 1306 4492 Imperator
1334 4369 1495 4488 graviter
