3136 5138
450 434 556 486 uranu
579 435 624 483 ιν.
649 453 670 467 -
692 435 831 488 rnucus
854 437 901 490 rr.
1199 421 1263 486 135

103 561 208 644 hunc
235 589 483 646 consensum
513 571 652 673 utpote
682 567 827 647 nonin
858 567 989 647 forma
1009 565 1251 666 Tridentini,

103 697 175 778 dici
198 696 493 798 defectuosum,
516 699 698 778 secunda
717 725 813 780 vero
843 706 930 780 erat
960 699 1069 806 quod
1090 699 1132 778 in
1153 725 1253 779 casu

103 831 138 909 in
168 856 216 910 eu
246 857 326 910 non
357 839 688 938 praesumeretur
717 858 942 914 consensus
973 832 1158 913 internus
1187 859 1261 914 vo·

104 963 265 1045 luntatis
295 991 346 1044 ex
379 965 512 1045 forma
540 971 723 1063 externa,
749 965 847 1073 quia
876 965 945 1046 illa
965 966 1091 1046 verba
1121 967 1259 1074 expri-

107 1097 262 1178 mebant
282 1099 534 1179 voluntatem
555 1097 736 1179 fidelium
757 1098 991 1207 praestandi
1012 1107 1173 1180 tantum
1194 1127 1261 1180 ce-

109 1231 323 1312 remoniam
354 1231 531 1330 civilem;
556 1257 603 1312 ac
624 1232 792 1338 proinde
813 1233 847 1312 si
874 1232 1073 1314 adfuisset
1099 1259 1260 1341 quoque

109 1365 144 1444 in
171 1365 308 1473 aliquo
339 1390 439 1445 casu
471 1363 660 1445 voluntas
681 1365 946 1446 contrahendi
967 1367 1016 1446 de
1037 1368 1256 1474 praesenti,

110 1501 175 1578 boc
214 1525 385 1606 prorsus
427 1497 571 1578 fuisset
600 1499 821 1599 occultum,
856 1508 977 1581 etex
1007 1500 1259 1582 clandestino

111 1631 359 1712 matrimonio
380 1631 538 1712 occulto
564 1631 685 1738 juxta
705 1657 776 1712 eos
796 1632 992 1714 Doctores
1019 1660 1099 1714 non
1122 1661 1262 1741 proce-

111 1765 218 1846 debat
235 1765 575 1873 impedimentum
597 1765 784 1872 publicae
800 1765 1043 1866 honestatis;
1062 1769 1168 1874 quod
1191 1795 1262 1876 pa-

113 1901 196 1982 riter
214 1929 267 1982 ex
290 1900 473 1982 anterius
495 1899 612 1981 dictis
634 1899 784 1980 falsum
800 1907 876 1982 est.
896 1900 989 1981 Non
1007 1927 1097 1982 esse
1119 1911 1256 1984 autem

111 2061 242 2116 casum
275 2034 587 2141 infrequentem,
611 2033 652 2114 in
683 2061 764 2142 quo
794 2061 847 2115 ex
877 2043 990 2143 parte
1020 2035 1264 2118 contrahen-

112 2167 200 2248 tium
233 2167 478 2248 exhibeatur
507 2167 549 2246 in
580 2167 730 2248 talibus
771 2168 1042 2248 matrimoniis
1072 2167 1263 2249 civilibus

110 2328 327 2384 consensus
367 2303 416 2382 de
457 2301 658 2408 praesenti
700 2301 807 2383 sicut
848 2301 933 2410 ipse
973 2310 1091 2383 actus
1131 2309 1265 2382 exter·-

114 2421 181 2516 uus
224 2435 402 2534 indicat,
445 2433 565 2514 nobis
609 2435 782 2543 probant
827 2433 946 2541 plura
989 2435 1123 2516 civilia
1167 2461 1265 2516 con-

112 2571 226 2650 nubia
271 2569 313 2648 in
359 2567 510 2676 quibus
555 2567 660 2648 inter
703 2565 988 2648 contrahentes
1032 2594 1113 2648 non
1159 2567 1264 2647 cele-

113 2703 215 2786 brato
232 2701 495 2784 matrimonio
517 2701 708 2808 religioso
725 2699 865 2782 statim
882 2707 973 2807 post
989 2699 1149 2781 civilem
1165 2726 1262 2781 con-

110 2845 273 2918 tractum
305 2833 538 2944 proceditur
567 2835 618 2914 ad
648 2860 753 2940 opus
784 2833 984 2932 maritale,
1009 2840 1048 2914 et
1068 2832 1139 2912 filii
1167 2859 1265 2942 pro-

111 2981 304 3068 creantur,
339 2968 595 3074 adquorum
627 2965 962 3072 legitimationem
993 2965 1100 3046 sicut
1126 2966 1176 3046 ad
1200 2965 1262 3066 in-

112 3105 370 3186 staurandum
407 3101 587 3180 validum
629 3098 896 3197 connubium,
942 3105 1136 3178 renuente
1178 3124 1263 3176 una

113 3247 210 3341 parte
251 3235 491 3320 contrahere
531 3259 671 3314 coram
701 3233 899 3332 Ecclesia,
934 3231 986 3312 ad
1027 3227 1262 3338 instantiam

112 3369 267 3454 alterius
299 3373 343 3453 S.
367 3367 687 3450 Paenitentiaria
716 3374 836 3448 sanat
866 3366 908 3445 in
939 3363 1074 3445 radice
1107 3388 1264 3442 connu-

115 3501 228 3606 bium,
249 3505 291 3585 id
313 3505 421 3612 quod
442 3502 636 3610 supponit
656 3509 696 3581 et
715 3498 857 3580 haberi
878 3499 1048 3608 speciem
1069 3493 1264 3576 connubii

113 3649 144 3720 et
162 3643 341 3722 adfuisse
363 3639 404 3719 in
425 3636 695 3720 celebratione
712 3641 945 3716 contractus
962 3630 1093 3714 civilis
1115 3628 1261 3711 saltem

114 3775 329 3856 naturalem
359 3797 622 3869 consensum,
656 3768 724 3876 qui
756 3773 989 3848 contractus
1029 3761 1264 3869 ceteroquin

114 3931 155 3984 ex
168 3907 454 4017 impedimento
470 3899 746 3986 ecclesiastico
763 3909 850 3982 erat
866 3899 1117 4006 illegitimus
1144 3895 1263 3988 Quod

113 4065 181 4121 uon
211 4041 443 4123 excluditur
472 4065 525 4119 ex
554 4064 603 4118 eo
633 4037 741 4144 quod
763 4041 930 4116 vocetur
955 4031 1140 4112 caitialis
1172 4055 1266 4110 con·

113 4173 325 4274 cubiculum
358 4157 462 4282 quae
494 4170 711 4279 appellatio
742 4169 794 4250 ab
825 4165 1009 4248 Ecclesia
1046 4165 1138 4272 jure
1168 4164 1265 4244 data

115 4315 166 4390 cst
207 4312 258 4391 ad
303 4305 641 4418 compescendam
688 4301 904 4384 audaciam
950 4297 1257 4408 guberniorum,

116 4463 208 4546 quae
238 4443 337 4525 illud
361 4441 493 4522 valere
524 4439 669 4520 saltem
699 4435 855 4516 ratione
885 4439 1119 4515 contractus
1144 4425 1264 4508 dicti·
