3388 5136
352 363 417 432 126
650 383 920 429 rasmmmonns
942 383 1035 428 sums
1057 381 1214 428 canoram

350 508 785 594 eaoommanicationis
818 512 1047 591 incurrant.
1073 513 1173 590 Item
1204 538 1257 591 ax
1278 511 1357 592 illis
1389 513 1528 596 verbis

347 691 407 708 -
433 653 516 726 tam
538 645 696 744 dantes,
721 671 843 753 qaam
865 645 1106 755 accipientes
1129 645 1525 728 excommunicatio-

351 782 415 861 nis
431 781 644 862 sententiis
670 779 926 886 subjaceant.
962 781 1022 859 Ita
1052 781 1291 890 Eatraoap.
1325 807 1424 860 sane
1454 784 1522 862 cit.

348 915 425 995 loo.

437 1048 588 1129 Utrum
620 1073 715 1128 vero
747 1055 890 1126 contra
912 1047 1132 1128 simoniam
1161 1049 1340 1127 mixtam
1372 1073 1527 1155 poenae

351 1188 530 1262 statutae
551 1181 645 1286 sint,
670 1208 750 1262 non
772 1181 874 1262 levis
896 1191 958 1262 est
979 1180 1258 1262 controversia
1278 1180 1389 1288 apud
1420 1181 1527 1262 Doo

350 1324 475 1396 tores.
511 1315 594 1396 Alii
625 1317 734 1396 enim
772 1316 1061 1397 affirmativam
1101 1315 1349 1396 sententiam
1388 1325 1526 1396 tenent

350 1451 447 1532 haic
468 1459 629 1558 praeter
649 1457 833 1530 caeteras
854 1450 979 1530 innixi
1002 1449 1166 1547 rationi,
1191 1449 1348 1530 scilicet
1367 1454 1464 1557 quia
1485 1449 1524 1528 in

352 1586 590 1692 Eatraoap.
644 1585 748 1664 Cam
791 1583 1025 1665 detestabile
1056 1584 1097 1665 h.
1133 1591 1162 1664 t.
1198 1610 1355 1692 poenae
1396 1583 1527 1690 impo-

351 1725 506 1798 nuntur
536 1716 615 1798 sub
646 1716 919 1823 disjunctione
950 1719 1046 1820 illis,
1081 1718 1149 1826 qui
1172 1717 1319 1820 dando,
1344 1717 1403 1798 oei
1425 1717 1527 1796 reci-

344 1850 497 1964 piendo
527 1851 747 1931 simoniam
777 1853 1065 1952 commiserint,
1091 1861 1131 1932 et
1152 1858 1446 1958 consequenter
1467 1849 1527 1927 vi-

352 1986 473 2065 detur
502 1985 691 2065 sufficere
721 2010 813 2065 eam
835 2011 886 2064 ox
910 2013 992 2064 una
1012 1993 1129 2094 parte
1150 2011 1240 2065 esse
1261 1983 1522 2090 completam,

354 2119 447 2201 licet
478 2120 660 2201 nondum
692 2147 742 2200 ex
775 2121 902 2202 altera
932 2147 1015 2202 eoo.
1050 2119 1134 2199 Alii
1167 2145 1260 2201 vero
1291 2117 1527 2225 negativam

354 2256 675 2362 amplectuntur,
709 2255 806 2362 quia
827 2254 971 2335 nullibi
996 2253 1148 2361 injure
1170 2253 1370 2361 reperitur
1391 2251 1529 2360 aliqua

351 2415 483 2496 poena
513 2389 620 2470 clare
656 2414 850 2497 expressa
895 2396 1038 2469 contra
1082 2388 1264 2495 aliquam
1310 2385 1528 2468 simoniam

351 2524 695 2604 concentioaaiom
740 2523 929 2620 mimam,
976 2549 1050 2603 seu
1102 2522 1294 2629 utrinque
1346 2521 1527 2600 nondum

350 2658 624 2766 completam:
657 2655 769 2762 atqui
802 2655 849 2736 in
875 2656 999 2736 dubio
1031 2683 1165 2764 poena
1194 2683 1277 2736 non
1308 2662 1370 2735 est
1416 2681 1528 2736 asse-

353 2795 480 2872 renda
518 2791 641 2896 juxta
690 2791 793 2902 Cap.
827 2791 877 2870 In
909 2793 1053 2902 poenis
1087 2793 1146 2872 49
1178 2792 1243 2872 De
1274 2789 1400 2899 repat.
1431 2790 1523 2896 jar.

356 2926 398 3004 in
429 2931 457 3003 6
488 2972 541 2982 -
572 2923 627 3003 ibi
659 2977 710 2986 —
742 2927 790 3005 Ia
813 2927 961 3037 poenis
992 2927 1203 3035 benignior
1233 2933 1289 3004 est
1333 2926 1528 3035 interpre-

353 3060 457 3141 tatio
492 3059 713 3168 facienda,
762 3068 801 3140 et
842 3061 963 3167 juxta
1009 3062 1084 3169 lep.
1121 3060 1262 3166 42ff.
1297 3061 1363 3141 Dc
1385 3059 1528 3170 poenis

351 3237 396 3248 -
431 3193 488 3275 ibi
522 3243 567 3254 -
596 3197 939 3305 interpretatione
960 3195 1091 3303 iopam
1105 3219 1264 3306 poenae
1284 3193 1529 3276 molliendae

350 3338 443 3411 sant
466 3330 733 3441 potiasqaam
763 3329 1084 3440 eaasperandae,
1123 3337 1162 3410 et
1192 3329 1367 3436 denique
1406 3328 1531 3434 juxta

354 3465 457 3575 Cap.
493 3469 553 3545 30
585 3465 650 3543 De
680 3464 810 3572 repai.
834 3465 929 3570 jar.
966 3465 1006 3542 in
1037 3469 1065 3544 6
1099 3513 1145 3523 —
1170 3463 1226 3542 ibi
1248 3507 1298 3522 -
1319 3464 1367 3541 In
1387 3460 1530 3542 obsca-

339 3597 409 3691 ris
439 3599 651 3676 minimam
682 3605 738 3676 esi
768 3597 1026 3704 soqaendam.
1063 3597 1173 3704 Ergo
1203 3606 1281 3680 eto.

437 3728 503 3808 Ex
534 3728 686 3836 quibus
727 3757 856 3837 prono
898 3732 989 3813 fluit
1019 3731 1151 3832 alveo,
1186 3732 1294 3838 quod
1334 3728 1529 3839 inspectis

352 3863 485 3945 sacris
515 3863 745 3944 canonibus
774 3864 952 3947 simonia
978 3865 1106 3946 realis
1137 3876 1297 3946 tantum
1339 3863 1531 3971 plectitur

358 3997 659 4080 Ecclesiastiois
699 3999 869 4106 poenis3
903 4009 942 4080 et
972 4000 1134 4080 merito:
1169 3999 1266 4108 quia
1296 3997 1398 4079 hacc
1428 4023 1528 4106 pro-

355 4133 440 4238 prie
470 4133 729 4215 considerata
759 4143 836 4233 est,
871 4159 947 4214 ceu
978 4133 1132 4214 crimen
1162 4131 1393 4240 publicum,
1418 4131 1529 4238 quod

353 4289 497 4345 revera
526 4266 774 4349 christianae
815 4267 1065 4375 reipublicae
1096 4277 1227 4369 nocet,
1271 4267 1372 4346 dum
1404 4263 1530 4346 binae

350 4395 455 4478 aliae
485 4398 643 4507 species
672 4399 884 4494 simoniae,
907 4399 1002 4482 licet
1032 4400 1190 4482 rationo
1223 4399 1426 4481 simoniae
1458 4423 1531 4480 oo-
