3178 5134
259 409 323 473 298
543 420 835 472 rnruuncrrcnus
858 421 951 471 runis
974 385 1143 471 canosum
1255 393 1258 410 ’

268 548 464 654 »ingrate
504 547 735 654 repudiant,
779 547 839 627 sic
878 545 1177 627 restitutionem
1212 545 1423 652 perlectio-

268 708 482 788 »nemque
513 679 762 761 matrimonii
800 687 872 761 aut
910 687 1123 787 spernunt,
1158 687 1231 760 aut
1257 679 1427 759 omnino

269 851 286 890 »
308 843 387 898 non
407 823 649 922 agnoscunt.
664 814 916 920 -Flagitium
934 813 1224 894 nonnullorum
1242 822 1425 900 veterum

268 957 383 1052 »est,
417 949 605 1029 inimicos
642 948 769 1028 luisse
809 947 964 1054 nuptiis
994 947 1036 1026 in
1066 947 1203 1055 aliqua
1242 947 1425 1054 ipsarum

268 1091 436 1190 »parte3
460 1082 532 1162 sed
553 1081 681 1162 multo
704 1087 833 1161 aetate
863 1087 1005 1161 nostra
1025 1088 1194 1186 peccant
1225 1079 1425 1186 pernicio-

269 1216 395 1296 »sius
416 1215 484 1322 qui
507 1239 649 1295 earum
670 1221 876 1312 naturam,
897 1212 1116 1320 perfectam
1139 1213 1423 1319 expletamque

152 1379 155 1384 ¹
269 1350 499 1430 »omnibus
529 1347 618 1428 suis
647 1347 831 1428 numeris
862 1355 901 1427 et
921 1347 1122 1454 partibus²
1147 1347 1306 1426 malunt
1334 1347 1426 1426 fun-

269 1483 417 1564 »ditus
446 1487 689 1588 pervertere.
714 1481 850 1588 Atque
880 1469 1015 1587 hujus¹
1035 1479 1093 1560 rei
1124 1472 1275 1560 caussa
1305 1478 1346 1558 in
1376 1499 1423 1558 eo

268 1616 524 1725 »praecipue
554 1615 634 1695 sita
663 1622 739 1716 est,
768 1615 876 1723 quod
907 1614 1054 1694 imbuti
1086 1613 1212 1694 falsae
1244 1613 1422 1721 philoso-

270 1783 287 1824 »
308 1747 428 1856 phiae
449 1748 712 1856 opinionibus
733 1755 1004 1855 corruptaque
1022 1747 1317 1827 consuetudine
1339 1745 1430 1823 ani-

270 1916 288 1956 »
309 1883 365 1961 mi
386 1881 674 1990 plurimorum,
700 1882 801 1962 nibil
831 1891 916 1962 tam
937 1881 1105 1960 moleste
1127 1881 1276 1978 ferunt,
1301 1905 1425 1986 quam

270 2015 480 2094 »subesse
501 2023 541 2094 et
561 2041 718 2122 parere;
752 2005 1027 2120 acerrimeque
1048 2014 1249 2112 laborant,
1273 2020 1319 2091 ut
1344 2038 1425 2090 non

270 2183 288 2224 >›
309 2151 430 2230 modo
451 2149 604 2255 singuli
635 2149 837 2249 homines
861 2150 933 2228 sed
954 2147 1076 2228 etiam
1108 2147 1286 2228 familiae
1307 2160 1428 2254 atque

271 2282 443 2362 »omnis
474 2281 657 2362 humana
685 2281 859 2364 societas
897 2279 1115 2386 imperium
1145 2279 1221 2358 Dei
1251 2281 1426 2387 superbe

270 2423 581 2496 »contemnant
615 2415 770 2495 -Cum
800 2441 896 2494 vero
928 2421 967 2493 et
1005 2413 1182 2492 familiae
1223 2423 1262 2494 et
1300 2414 1426 2495 totius

270 2583 288 2621 »
310 2547 514 2628 humanae
546 2549 753 2666 societatis
784 2550 826 2628 in
856 2547 1116 2630 matrimonio
1138 2547 1230 2628 fons
1251 2555 1291 2628 et
1311 2548 1428 2653 origo

271 2721 289 2756 »
310 2683 520 2783 consistat„
546 2683 645 2764 illud
672 2683 808 2790 ipsum
835 2682 1105 2790 jurisdictioni
1129 2682 1337 2763 Ecclesiae
1357 2711 1429 2762 su-

274 2849 291 2890 »
312 2817 429 2896 besse
451 2815 562 2896 nullo
579 2818 700 2897 modo
717 2815 1045 2924 patiuntur3‘im0
1063 2817 1233 2922 dejicere
1250 2816 1301 2895 ab
1318 2816 1428 2897 omni

270 2985 289 3024 >
308 2951 523 3031 sanctitate
554 2952 817 3052 contendunt,
851 2959 891 3032 et
921 2951 962 3030 in
993 2951 1157 3032 illarum
1183 2977 1322 3064 rerum
1343 2951 1429 3031 exi-

270 3119 288 3157 »
309 3111 438 3191 guum
469 3086 569 3164 sane
600 3112 747 3192 gyrum
778 3085 1035 3192 compellere,
1060 3111 1165 3192 quae
1191 3085 1431 3166 auctoribus
1531 3099 1536 3110 '

273 3217 548 3298 »hominibus
579 3217 789 3298 institutae
830 3226 940 3318 sunt,
973 3225 1013 3298 et
1037 3219 1130 3325 jure
1161 3219 1268 3299 civili
1300 3245 1430 3326 popu-

274 3351 444 3432 »lorum
476 3361 676 3458 reguntur
705 3359 827 3459 atque
848 3351 1199 3432 administrantur.
1224 3353 1343 3434 Unde
1364 3379 1430 3432 se-

272 3485 379 3592 »qui
408 3511 574 3564 necesse
605 3493 705 3586 erat,
730 3493 776 3565 ut
806 3485 1058 3593 principibus
1087 3485 1334 3594 reipublicae
1360 3485 1433 3592 jus

273 3617 352 3696 »in
383 3617 589 3698 connubia
618 3645 738 3698 omne
769 3619 1008 3720 tribuerent,
1032 3619 1191 3700 nullum
1224 3619 1431 3700 Ecclesiae

275 3787 290 3822 »
312 3777 402 3831 esse
424 3752 700 3853 decernerent;
721 3753 877 3859 quaesi
895 3753 1058 3860 quando
1080 3761 1319 3862 potestatem
1342 3752 1432 3859 ejus

274 3885 474 3990 »generis
505 3886 702 3986 exercuit,
728 3887 767 3966 id
789 3888 924 3994 ipsum
958 3914 1048 3968 esse
1079 3895 1151 3968 aut
1180 3885 1433 3993 indulgentia

275 4053 292 4090 »
313 4017 558 4128 principum,
583 4028 654 4102 aut
685 4020 837 4128 injuria
857 4021 1026 4103 lactum.
1051 4022 1133 4103 Sed
1159 4022 1245 4128 jam
1270 4031 1435 4129 tempus

277 4177 404 4232 »esse
426 4152 629 4261 inquiunt,
650 4163 695 4236 ut
716 4153 783 4262 qui
806 4155 1099 4262 rempublicam
1123 4163 1285 4262 gerunt,
1310 4156 1433 4236 iidem

276 4311 392 4364 »sua
416 4286 512 4392 jura
543 4289 696 4370 fortiter
716 4289 936 4392 vindicent,
962 4297 1082 4398 atque
1103 4316 1267 4371 omnem
1291 4291 1432 4397 corrju-

275 4421 477 4527 »giorum
509 4423 706 4504 rationem
738 4423 908 4505 arbitrio
939 4452 1016 4506 suo
1052 4425 1254 4506 moderari
1286 4451 1431 4532 aggre-
