3178 5134
483 437 592 490 usuc
613 437 660 488 lv.
685 455 704 470 ·
727 439 867 490 rrrunus
889 440 946 490 xu.
1242 425 1308 490 223

133 604 153 644 »
177 568 221 648 in
253 565 476 650 hereditate
507 568 628 650 etiam
661 571 899 652 succedant.
934 568 1038 651 Rev.
1072 569 1123 651 D.
1148 568 1302 677 loseph

134 701 441 782 »Reveramus
470 701 761 782 missionarius
767 765 851 784 .....
884 705 1053 786 Sacram
1075 702 1225 809 Congo.
1252 703 1302 784 de

134 835 453 944 »Propaganda
481 835 582 917 Fide
612 835 823 917 humiliter
851 835 1113 944 supplicavit,
1156 843 1202 916 ut
1232 836 1303 917 de-

134 1005 155 1044 >
176 970 337 1051 clarere
368 971 620 1077 dignaretur,
654 997 707 1050 an
737 970 831 1053 talis
851 970 1015 1078 adoptio
1036 969 1304 1077 impedimen-

134 1137 155 1178 »
176 1111 270 1182 tum
290 1109 450 1210 pareret
465 1104 716 1211 copulationis
733 1103 889 1211 tepolis.
910 1101 1063 1183 Eadem
1081 1103 1126 1183 S.
1146 1100 1298 1208 Congr.

136 1233 419 1315 >instantiam
448 1235 606 1316 remisit
637 1236 687 1316 ad
719 1237 764 1316 S.
798 1235 927 1342 Cong.
963 1236 1008 1317 S.
1043 1233 1303 1316 0111611116-

133 1403 156 1443 »
177 1369 273 1448 inde
294 1369 337 1448 in
358 1369 683 1476 Congregatione
704 1369 883 1476 generali
904 1367 1045 1449 habita
1064 1394 1201 1448 coram
1220 1367 1297 1448 SS.

133 1535 156 1578 2
177 1501 271 1582 DD.
306 1501 458 1583 Nostro
487 1505 617 1584 Faria
646 1504 765 1585 Vdie
790 1505 839 1583 16
862 1504 1023 1614 Aprilis
1058 1503 1161 1582 1761
1197 1502 1304 1582 San-

135 1667 157 1707 »
179 1633 393 1714 ctissimus
399 1699 483 1716 .....
519 1635 753 1736 declaravit,
787 1635 971 1743 praelato
1001 1635 1044 1715 in
1074 1661 1174 1715 casu
1209 1633 1302 1714 nul-

138 1801 158 1842 »
179 1767 268 1847 lum
298 1767 474 1849 existere
495 1767 848 1876 impedimentum.
873 1801 891 1845 >
916 1771 960 1849 ln
981 1768 1058 1849 hac
1079 1767 1188 1847 enim
1209 1793 1304 1874 spe-

131 1902 198 1982 eie
229 1900 344 1981 nulla
374 1907 435 1982 est
464 1903 533 1982 lex
569 1902 716 2004 civilis,
760 1929 864 2011 quae
904 1903 1165 2011 adoptionem
1205 1928 1304 1982 con·

131 2035 298 2135 stituat;
330 2035 404 2115 sed
434 2042 495 2116 est
524 2043 687 2118 tantum
716 2063 769 2117 ex
800 2063 912 2118 more
933 2035 1073 2145 populi
1096 2044 1136 2116 et
1156 2034 1301 2116 deinde

135 2166 253 2247 nulla
283 2174 345 2247 est
376 2167 418 2245 in
448 2167 666 2275 adoptione
697 2167 881 2251 lacienda
916 2168 1023 2276 juris
1063 2167 1301 2248 solemnitas

134 2300 404 2408 praescripta:
430 2301 634 2407 quomodo
656 2327 753 2408 ergo
778 2313 965 2382 constare
995 2307 1152 2409 poterat
1182 2309 1222 2380 61
1252 2300 1301 2380 de

135 2433 228 2540 lege
244 2432 473 2541 adoptionis
490 2434 651 2541 vigente
667 2435 777 2542 apud
793 2434 1013 2542 Bulgariae
1030 2433 1243 2542 populum,
1263 2441 1304 2514 et

131 2569 185 2648 de
208 2567 426 2676 adoptione
446 2567 627 2676 legitime
647 2569 764 2650 inita?
785 2568 883 2649 lure
914 2568 1082 2676 proinde
1109 2592 1304 2675 suprema

129 2702 410 2808 Congregatio
441 2703 485 2782 S.
522 2702 653 2784 Officii
685 2701 893 2811 respondit
922 2701 1104 2810 praefato
1135 2701 1177 2779 in
1199 2726 1300 2780 casu

131 2835 297 2917 nullum
313 2836 569 2942 cognationis
584 2836 728 2944 legalis
749 2837 923 2916 existere
945 2835 1297 2945 impedimentum.

128 2967 199 3046 Ex
232 2967 383 3075 quibus
404 2969 598 3050 omnibus
617 2969 711 3049 licet
731 2969 972 3050 concludere
993 2995 1044 3048 ex
1066 2967 1298 3075 adoptione,

130 3105 259 3207 prout
290 3128 400 3182 nunc
429 3102 539 3209 apud
570 3101 753 3182 diversas
784 3109 925 3208 gentes
950 3102 1216 3202 obtinet,etsi
1238 3127 1304 3181 re-

125 3233 305 3314 cesserit
335 3234 467 3314 lorma
491 3235 597 3342 juris
627 3234 800 3334 romani,
836 3236 972 3318 induci
1003 3244 1137 3316 tamen
1172 3237 1304 3343 impe·

127 3367 367 3448 dimentum
388 3369 643 3474 cognationis
663 3368 807 3476 legalis
824 3369 968 3449 eodem
984 3377 1144 3476 recepto
1160 3368 1296 3466 modo,

126 3512 172 3582 61
203 3501 312 3582 inter
341 3527 413 3582 eas
438 3527 581 3583 omues
602 3528 817 3611 personas,
841 3529 944 3610 quas
965 3527 1143 3584 canones
1164 3510 1203 3583 et
1222 3502 1302 3582 Ec-

124 3635 295 3718 clesiae·
306 3637 448 3744 praxis
469 3663 601 3745 usque
623 3637 757 3718 adhue
788 3646 1069 3744 respexerunt.
1095 3637 1302 3745 Receptus

128 3779 279 3852 autem
307 3771 457 3852 modus
487 3779 562 3869 est,
588 3771 697 3878 quod
727 3770 839 3878 leges
869 3769 1010 3852 civiles
1041 3771 1302 3878 adoptionem

124 3903 368 4004 admittant,
392 3903 502 4010 quod
532 3903 801 3986 simulacrum
832 3904 997 3985 imitans
1027 3913 1218 3985 naturam
1249 3904 1302 3982 ab

125 4037 193 4116 eis
225 4035 374 4143 pendet
404 4043 450 4116 ut
479 4036 777 4136 introducatur3
811 4044 851 4118 ct
881 4036 1026 4117 deinde
1066 4037 1174 4144 quod
1215 4063 1303 4118 ser-

125 4175 284 4250 ventur
297 4167 579 4251 solemnitates
596 4170 648 4250 ab
665 4169 820 4250 eisdem
836 4169 998 4276 legibus
1009 4170 1300 4278 praescriptae,

121 4303 278 4410 eisque
307 4302 673 4386 intervenientibus
703 4303 867 4412 adoptio
903 4303 1078 4385 ineatur.
1112 4349 1132 4364 -
1161 4303 1304 4384 Adno-
