3264 5146
537 467 644 518 mana
666 467 713 517 lv.
739 486 760 500 -
784 467 924 520 nrunua
946 467 967 517 1.
1152 458 1158 468 “
1298 454 1344 518 23

169 597 294 679 »duo
325 595 469 705 sponsi
507 597 711 678 carnalem
753 596 859 679 inter
888 623 932 678 se
973 596 1117 679 deinde
1156 597 1334 680 habeant

168 764 188 805 ι
209 729 420 838 copulam,
455 755 546 811 eam
576 737 714 811 tamen
751 756 833 811 non
873 757 924 810 ex
956 730 1105 812 affectu
1135 730 1329 833 maritali,

168 897 187 936 ›
209 863 284 944 sed
314 888 366 942 ex
398 862 548 944 affectu
577 861 717 944 illicito
748 869 788 943 et
809 861 1041 960 fornicarie,
1067 861 1168 944 haec
1188 889 1331 945 eorum

167 994 363 1104 »copula
391 993 560 1076 minime
596 995 770 1076 transire
813 993 909 1075 lacit
948 995 1236 1101 praecedentia
1264 1023 1334 1076 eo·

168 1163 187 1204 »
210 1127 400 1210 rumdem
417 1127 627 1235 sponsalia
643 1128 685 1208 in
702 1153 845 1208 verum
862 1127 1171 1208 matrimonium
1192 1152 1331 1215 eoram

168 1295 187 1336 ›
210 1261 317 1362 Dee,
335 1286 410 1341 seu
426 1259 468 1339 in
485 1259 573 1342 foro
589 1259 879 1361 conscientiae;
898 1261 970 1340 sed
985 1259 1102 1340 liberi
1118 1270 1326 1359 maneant,

168 1428 188 1468 ›
209 1401 335 1500 atque
363 1400 571 1500 poterunt,
595 1393 629 1474 si
651 1393 862 1500 praedicta
886 1418 1029 1473 eorum
1049 1393 1259 1501 sponsalia
1279 1421 1330 1475 ex

168 1528 352 1636 »aliqua
381 1526 565 1634 legitima
593 1553 722 1610 causa
750 1527 954 1609 dissoluta
976 1527 1140 1627 fuerint,
1165 1527 1330 1637 nuptias

167 1695 189 1736 ›
212 1661 316 1741 alias
345 1659 528 1767 legitime
557 1660 675 1744 inire.
709 1658 1002 1760 Nihilominus
1035 1659 1071 1738 si
1100 1685 1242 1740 eorum
1263 1687 1333 1741 co·

168 1827 190 1870 ι
212 1793 310 1901 pula
338 1793 381 1872 in
413 1792 499 1874 loro
529 1801 699 1874 externo
729 1800 769 1874 et
795 1791 980 1899 judiciali
1011 1792 1220 1900 probetur,
1259 1819 1333 1900 po-

172 1959 192 2000 »
216 1933 353 2007 terunt
383 1925 507 2007 iidem
538 1953 589 2007 ex
618 1926 952 2035 praesumptione
961 1926 1078 2032 juris
1098 1933 1135 2005 et
1155 1925 1328 2034 dejure,

167 2065 507 2166 »contraquam
539 2085 622 2140 non
652 2059 882 2140 admittitur
919 2057 1121 2167 probatio,
1165 2085 1237 2168 per
1266 2085 1334 2140 ec·

167 2191 487 2272 ›clesiasticam
517 2197 762 2298 potestatem
794 2191 904 2299 adigi
936 2192 987 2272 ad
1009 2217 1101 2292 sese
1121 2191 1333 2272 habendos

167 2361 188 2402 ι
208 2334 422 2434 tamquam
453 2352 573 2406 veros
603 2325 815 2434 conjugae,
850 2325 1015 2433 quibuS,
1052 2327 1212 2409 vivente
1234 2353 1334 2410 con·

166 2495 187 2535 ›
209 2467 338 2560 sorte,
357 2459 531 2568 quodvis
551 2461 791 2569 conjugium
808 2460 1070 2542 interdictum
1091 2461 1146 2542 sit
1167 2490 1218 2542 ex
1238 2490 1330 2574 cap.

167 2629 186 2668 »
213 2595 271 2674 30
302 2593 352 2674 otc
385 2593 562 2704 sponsat.
608 2601 645 2674 et
684 2596 866 2676 matrim.
911 2592 980 2676 Ad
1018 2595 1253 2676 secundum:
1285 2597 1330 2676 Si

167 2727 307 2835 »quis
337 2726 520 2808 fidelium
554 2735 648 2833 post
686 2727 896 2834 sponsalia
935 2735 975 2807 et
1015 2726 1205 2834 copulam
1236 2725 1330 2808 dein

168 2858 396 2939 »habitam
427 2885 523 2940 oum
554 2885 637 2940 una
666 2859 851 2960 muliere,
886 2886 981 2940 cum
1012 2858 1141 2940 altera
1160 2859 1332 2939 muliere

167 3026 188 3067 ι
209 2990 376 3100 publice
405 2991 715 3073 matrimonium
746 2992 975 3093 contrahat,
1020 2999 1142 3099 atque
1182 2992 1224 3072 in
1253 2991 1331 3072 hoc

169 3160 189 3202 »
211 3132 324 3206 statu
345 3124 397 3204 ad
418 3124 728 3205 missionarium
749 3125 927 3234 aliquem
955 3125 997 3205 in
1017 3125 1213 3210 tribunali
1235 3151 1333 3232 poe·

168 3257 406 3339 »nitentiae
437 3258 618 3358 accedat,
651 3259 814 3341 debebit
843 3285 939 3340 eum
979 3258 1245 3365 interrogare,
1279 3285 1332 3338 an

169 3427 188 3465 >
211 3391 405 3499 copulam
435 3391 557 3473 istam
588 3418 683 3473 cum
704 3393 774 3474 illa
794 3392 929 3500 prima
950 3391 1122 3473 muliere
1142 3391 1339 3474 habuerit

168 3559 188 3599 »
209 3551 263 3605 ex
296 3523 446 3607 affectu
476 3523 669 3628 maritali,
704 3552 756 3606 an
794 3551 891 3608 vero
910 3553 973 3607 ex
996 3525 1163 3607 'affectu
1189 3525 1333 3608 'illicito

168 3694 187 3732 ›
210 3665 254 3739 et
284 3657 517 3742 fornicario.
552 3659 596 3741 Si
629 3660 803 3742 alterum
833 3659 911 3742 hoc
941 3659 1214 3769 respondebit,
1241 3661 1334 3740 nul-

168 3825 188 3864 »
211 3791 301 3871 lum
331 3792 380 3874 de
408 3793 632 3882 validitate¹
648 3795 876 3901 praesentis
896 3793 962 3874 sui
985 3791 1235 3875 matrimonii
1256 3794 1341 3876 du·

170 3959 189 3996 »
212 3923 330 4024 bium
360 3926 397 4006 ei
428 3927 623 4009 movebit.
654 3927 728 4008 Sin
751 3935 889 4010 autem
911 3927 1090 4036 primum
1112 3927 1334 4035 responde-

169 4091 187 4128 »
211 4055 286 4157 bit,
319 4057 499 4165 graviter
528 4059 665 4168 ipsum
696 4059 986 4160 commonebit,
1020 4085 1115 4140 eum
1137 4058 1332 4140 maritum

168 4223 187 4262 >
211 4214 406 4272 essenon
427 4193 632 4274 secundae
653 4193 725 4274 sed
747 4192 905 4301 primae
926 4193 1127 4294 mulieriS,
1152 4193 1203 4273 ad
1220 4219 1334 4274 eam·

168 4355 189 4398 ›
205 4348 287 4429 qne
316 4324 484 4406 omnino
515 4325 646 4408 redire
676 4327 838 4408 debere.
872 4326 1052 4408 Additur
1071 4352 1168 4407 vero
1189 4327 1243 4406 ad
1263 4351 1333 4405 eo-

175 4489 195 4530 »
218 4459 402 4541 rumdam
434 4460 791 4543 missionariorum
818 4461 1144 4564 instructionem,
1168 4459 1332 4570 quodsi

668 4589 679 4616 .
