3380 5132
308 401 351 466 26
605 414 875 462 Pananncmoans
899 414 990 461 Juars
1013 413 1172 461 cnuomor

308 545 360 624 ad
378 544 534 624 bonum
552 540 800 649 reipublicae
816 539 1044 640 ordinatur,
1059 567 1110 620 ne
1127 539 1274 622 delicta
1291 555 1486 627 maneant

307 677 525 785 impunita,
550 701 681 782 neque
713 673 797 753 ullo
814 674 908 780 jure
939 681 1100 755 constat
1130 673 1346 756 infamiam
1367 705 1487 786 praa-

305 812 456 920 requiri
489 811 541 891 ad
572 811 879 891 accusationem
913 808 1141 909 criminosi,
1177 836 1275 917 ergo
1307 819 1385 894 etc.
1420 816 1487 896 In-

303 945 421 1026 terim
451 945 486 1024 si
503 943 663 1025 nullum
694 943 864 1024 timetur
895 942 1093 1023 damnum
1126 942 1393 1050 reipublicae,
1419 947 1482 1028 vel

303 1080 426 1180 tertii,
460 1079 524 1158 lex
556 1077 768 1158 charitatis
799 1075 938 1174 dictat,
964 1081 1010 1156 ut
1031 1076 1124 1183 quis
1155 1084 1374 1184 antequam
1412 1077 1483 1158 de·

305 1215 442 1295 veniat
474 1215 523 1294 ad
556 1212 879 1310 accusationem,
914 1217 1071 1291 secreto
1118 1209 1286 1291 fratrem
1318 1221 1482 1294 moneat

306 1349 355 1429 dc
387 1347 685 1428 emendatione.
717 1345 926 1425 Accusare
958 1370 1054 1424 vero
1086 1343 1330 1451 regulariter
1359 1372 1481 1428 nemo

305 1482 524 1587 obligatur,
577 1479 656 1560 uisi
702 1477 899 1559 delictum
947 1485 1102 1560 certum
1150 1477 1269 1585 plene
1315 1479 1478 1587 probari

305 1615 450 1723 possit,
474 1622 514 1694 et
544 1611 669 1692 simul
701 1610 818 1691 aliter
840 1611 1000 1691 consuli
1033 1619 1208 1718 nequeat
1239 1611 1348 1692 bono
1370 1638 1482 1694 com-

304 1749 436 1850 muni,
471 1747 549 1828 nisi
583 1771 657 1854 per
687 1745 1012 1826 accusationem.

388 1880 688 1960 Verumtamen
719 1877 753 1957 si
787 1877 998 1958 accusatio
1020 1878 1204 1984 legitima
1226 1904 1306 1958 non
1340 1879 1476 1978 fuerit,

301 2021 462 2094 tenetur
486 2013 617 2120 judex
639 2020 921 2094 accusatorem
954 2011 1170 2119 repellere,
1190 2039 1264 2093 nec
1285 2011 1354 2094 tali
1377 2037 1475 2092 casu

300 2154 466 2229 tenetur
495 2173 592 2228 reus
623 2147 775 2229 citatus
797 2172 1036 2254 comparere
1067 2147 1107 2226 in
1135 2146 1290 2254 judicio
1322 2148 1373 2227 ad
1395 2154 1480 2228 tra-

301 2283 442 2363 mitem
479 2285 582 2394 Cup.
622 2289 663 2384 1,
701 2282 741 2364 h.
767 2282 1126 2364 tit--ibi—St
1157 2283 1358 2391 (epitimiis
1399 2309 1478 2362 non

306 2406 432 2492 tirerit
464 2417 698 2504 uccrrsutor‚
735 2434 815 2486 non
836 2407 1296 2514 sutipcturuccusctus.
1333 2407 1478 2488 Conci-

301 2549 405 2618 nunt
430 2539 533 2649 Cap.
573 2544 646 2638 13,
684 2545 757 2638 19,
791 2543 870 2638 20,
895 2539 934 2620 h.
962 2547 990 2620 t.
1013 2567 1087 2621 nec
1116 2567 1198 2621 non
1229 2541 1473 2650 ieges8,ff.

301 2672 341 2752 h.
378 2681 407 2754 t.
443 2682 479 2753 ct
510 2680 555 2773 9,
593 2677 665 2770 13,
705 2679 778 2774 19,
818 2675 918 2754 Coct.
955 2675 1004 2754 cte
1039 2676 1104 2755 Itis
1144 2677 1216 2784 qui
1256 2703 1391 2757 accus.
1426 2676 1479 2758 Et

299 2807 453 2914 optimo
485 2833 584 2886 sane
611 2807 726 2913 jure;
758 2807 1005 2889 sicutenim
1037 2809 1287 2916 reipublicae
1310 2809 1478 2891 interest

299 2939 471 3020 crimina
500 2967 582 3020 non
615 2965 782 3021 manere
813 2943 1032 3050 impunita,
1068 2944 1125 3024 ita
1156 2943 1341 3050 ejusdem
1374 2944 1477 3025 iute-

297 3081 394 3173 rest‚
421 3100 471 3154 uc
500 3099 575 3182 per
596 3074 834 3180 illegitimas
855 3077 1140 3158 accusationes
1171 3075 1325 3158 subditi
1350 3103 1472 3185 saepe

297 3209 534 3288 innocentes
566 3207 789 3316 fatigentur
821 3235 871 3289 ex
904 3210 1013 3310 odio,
1033 3211 1095 3291 vel
1118 3210 1200 3291 alia
1230 3235 1359 3318 prava
1379 3236 1477 3318 pas-

296 3343 412 3424 sione
458 3343 707 3442 accusantis,
752 3353 873 3450 atque
915 3343 973 3423 ita
1018 3343 1324 3451 quodammodo
1369 3341 1431 3422 inf
1456 3387 1476 3410 -

296 3485 475 3557 mentor.

383 3607 490 3698 Quid
512 3609 583 3687 sed
606 3634 702 3687 vero
734 3609 968 3710 dicendum,
993 3610 1028 3690 si
1056 3610 1184 3717 judici
1207 3609 1370 3718 publice
1391 3637 1472 3692 non

295 3731 501 3822 constaret
531 3741 580 3820 de
617 3739 904 3846 illegitimitate
945 3745 1251 3826 accusationis?
1283 3745 1474 3854 Respon-

294 3877 455 3974 demus,
470 3875 504 3954 si
523 3873 650 3980 judici
684 3875 846 3981 publice
878 3903 959 3958 non
992 3886 1195 3960 constaret
1227 3879 1277 3960 de
1309 3879 1474 3987 illegiti-

293 4009 434 4092 mitate
466 4009 758 4111 accusationis
791 4009 869 4092 hoc
901 4012 940 4092 in
973 4037 1073 4094 casu
1102 4039 1197 4095 reus
1229 4013 1380 4095 citatus
1411 4024 1473 4095 te-

292 4153 412 4224 netur
442 4169 694 4251 comparere,
729 4153 768 4226 et
798 4172 1003 4255 opponere
1024 4148 1306 4255 exceptionem
1340 4146 1471 4255 illegi-

291 4277 492 4378 timitatis,
513 4287 552 4358 et
574 4279 653 4360 hoc
684 4281 806 4361 modo
828 4281 1088 4390 explicantur
1113 4283 1218 4395 Cup.
1250 4285 1296 4384 4,
1324 4287 1382 4362 10
1414 4281 1474 4364 ud

283 4413 367 4518 fin.
403 4419 439 4490 et
474 4413 547 4513 15,
582 4411 623 4493 h.
659 4413 795 4514 mee
825 4419 902 4518 32,
928 4417 985 4523 ff.
1020 4419 1058 4498 si
1088 4417 1178 4524 quis
1212 4417 1349 4524 injus
1382 4441 1495 4498 coos
