3178 5134
338 429 405 528 ι260
625 440 914 492 rnunnncnonns
936 439 1029 492 rurus
1053 437 1220 489 canorum

347 571 516 653 rebatur
535 569 694 652 nullum
710 576 750 651 et
764 569 939 651 irritum.
958 567 1015 649 At
1029 566 1065 647 si
1081 565 1288 680 discordes
1309 567 1498 668 fuissent,

347 717 445 788 tunc
474 703 702 785 affirmante
731 703 903 816 muliere
938 699 1246 782 matrimonium
1281 727 1373 783 esse
1407 705 1505 784 oon·

348 844 600 922 summatum
629 837 926 919 contravirum
955 842 1188 942 negantem,
1213 835 1414 916 sententia
1432 837 1506 917 da-

346 975 469 1057 batur
497 996 571 1079 pro
606 967 855 1052 matrimonii
885 967 1107 1068 validitate,
1139 965 1247 1048 sicut
1276 967 1506 1050 affirmante

347 1108 450 1207 viro,
483 1111 522 1185 et
552 1105 775 1210 denegante
806 1099 977 1181 muliere
1013 1099 1165 1206 pariter
1194 1125 1267 1208 pro
1297 1099 1506 1182 validitate

346 1231 562 1324 tenebatur
590 1235 804 1336 sententia,
837 1234 916 1315 nisi
946 1239 1228 1314 matronarum
1266 1233 1502 1316 testimonio

346 1383 386 1457 et
414 1378 524 1454 certa
547 1370 625 1451 fide
645 1365 892 1451 constitisset
922 1366 1136 1448 mulierem
1155 1392 1246 1447 esse
1268 1367 1401 1449 adhuc
1421 1369 1506 1448 vir-

347 1507 499 1616 ginem,
533 1531 625 1612 quo.
644 1501 744 1585 casu
773 1501 1116 1611 pronuntiabatur
1150 1525 1224 1608 pro
1254 1499 1507 1584 invaliditate

349 1636 611 1721 matrimonii.
1320 1617 1321 1620 Ὺ

464 1770 525 1852 5.⁰
554 1771 667 1850 Haeo
701 1776 839 1849 autem
878 1766 1079 1848 sententia
1119 1773 1204 1848 erat
1242 1767 1505 1870 declarativa,

241 1928 244 1934 ·
346 1906 454 1988 unde
483 1905 519 1986 si
552 1903 697 1984 fuisset
726 1901 842 1984 locus
862 1881 989 1982 errori
1010 1899 1120 2002 facti,
1144 1900 1201 1981 ita
1222 1909 1266 1981 ut
1286 1927 1390 2009 quae
1410 1928 1509 2009 pars

346 2040 493 2121 fuisset
521 2035 726 2120 declarata
756 2035 973 2143 impotens,
1013 2031 1157 2114 deinde
1197 2041 1342 2142 potens
1381 2059 1510 2143 appa-

346 2171 510 2272 ruisset,
543 2168 851 2251 matrimonium
882 2166 1143 2268 dissolutum,
1176 2167 1418 2276 generaliter
1446 2167 1509 2249 lo-

348 2303 522 2412 quend0,
556 2301 777 2383 restaurari
807 2299 995 2400 debebat,
1019 2307 1059 2381 et
1078 2300 1229 2409 conjux
1248 2299 1360 2382 reddi
1380 2300 1508 2408 priori

346 2435 508 2536 marito,
542 2435 617 2515 etsi
648 2433 750 2516 haec
769 2460 863 2516 cum
890 2433 1069 2516 secundo
1089 2460 1217 2515 novas
1237 2433 1403 2542 nuptias
1417 2433 1507 2542 jam

349 2567 621 2650 contraxisset
650 2592 702 2646 ex
733 2593 822 2678 cap.
859 2567 883 2644 6
916 2565 957 2646 b.
992 2573 1020 2646 t.
1065 2573 1105 2646 et
1138 2565 1225 2674 jam
1265 2566 1508 2648 decennium

349 2700 534 2806 elapsum
565 2696 755 2778 essetab
786 2695 960 2778 editione
989 2696 1138 2804 prioris
1167 2698 1404 2798 sententiae,
1435 2725 1512 2779 nec

348 2831 510 2914 interim
528 2831 672 2911 fuisset
688 2829 952 2938 appellatum.
972 2829 1066 2910 Dixi
1081 2831 1325 2939 pastoraliter
1346 2832 1511 2939 toquen-

348 2964 417 3066 do;
449 2949 546 3044 nam
577 2965 628 3044 ab
658 2964 911 3045 Auctoribus
945 2971 1165 3073 praeeunte
1200 2963 1294 3072 jure
1310 3045 1316 3052 ,
1333 2965 1512 3047 citantur

233 3165 237 3174 .
347 3100 529 3208 quinque
549 3125 672 3180 casus
693 3105 794 3180 teste
815 3097 1183 3206 Schmaizgrueber
1202 3097 1244 3180 b.
1269 3105 1298 3179 t.
1323 3127 1433 3180 nunt.
1454 3103 1511 3182 99

347 3241 384 3313 at
419 3235 514 3334 100,
551 3233 593 3312 in
624 3233 774 3341 quibus
803 3231 1113 3313 matrimonium
1143 3231 1196 3313 ob
1227 3231 1512 3340 impotentiam

346 3365 592 3448 dissolutum
619 3389 705 3452 ¹non
734 3362 1057 3466 restaurabatur,
1091 3363 1168 3446 etsi
1207 3370 1352 3472 postea
1389 3363 1426 3445 is
1454 3365 1510 3445 ob

346 3495 466 3602 cujus
496 3495 776 3603 impotentiam
807 3495 1022 3578 dissolutio
1058 3495 1165 3579 faeta
1203 3504 1279 3597 est,
1322 3505 1513 3606 repertus

349 3627 472 3708 fuerit
500 3634 660 3738 potens
695 3629 761 3711 Ad
791 3654 896 3738 quae
931 3629 1190 3712 incommoda
1229 3631 1515 3738 praecavenda

347 3786 398 3840 ox
430 3763 499 3842 cit.
534 3789 624 3873 cop.
660 3761 684 3840 6
718 3763 759 3844 b.
793 3770 822 3845 t.
853 3763 982 3871 judex
1012 3771 1104 3874 post
1142 3765 1293 3847 editam
1333 3766 1515 3848 dissolu-

346 3893 470 3975 tionis
500 3895 746 3977 sententiam
778 3897 994 3981 tenebatur
1030 3897 1236 3981 exhortari
1276 3899 1515 4009 conjugem,

345 4025 398 4106 ob
430 4027 549 4135 cujus
581 4017 861 4136 impotentiam
893 4030 1140 4113 dissolutum
1175 4039 1262 4114 erat
1302 4035 1521 4116 matrimo-

345 4157 461 4240 nium
494 4159 692 4270 illumque
722 4162 915 4245 inducere
947 4164 998 4247 ad
1019 4163 1327 4274 ingrediendam
1347 4167 1520 4275 religio·

345 4317 453 4392 nem,
490 4292 661 4403 ejusque
692 4294 891 4377 edendam
931 4297 1155 4381 solemnem
1195 4299 1514 4408 professionem,

345 4425 441 4532 quia
470 4434 568 4510 tunc
596 4429 846 4512 matrimonii
876 4431 1102 4535 vinculum,
1126 4432 1162 4514 si
1189 4432 1291 4516 sorte
1311 4444 1432 4536 esset,
1459 4463 1518 4520 eo
