3386 5126
557 399 656 446 Lmaa
678 401 709 445 v.
734 415 778 430 -
803 402 1009 448 r1runus1v.
1307 382 1372 450 153

198 529 296 612 tuali
320 554 485 610 annexa
505 526 678 626 ceditur,
702 553 777 607 seu
803 527 961 609 locatur
981 527 1111 636 pretio
1138 529 1368 637 temporali.

198 665 231 745 E
268 671 411 745 contra
441 660 626 743 nonnulli
664 659 731 742 alii
768 689 842 770 pro
883 659 1042 744 viribus
1083 662 1303 762 sustinent,
1333 663 1373 744 id

199 797 460 880 interdictum
492 822 696 877 essenon
729 823 780 876 ex
797 796 891 904 jura
913 796 1107 895 naturali,
1142 805 1182 878 et
1217 797 1371 895 divino,

196 933 268 1014 sed
304 959 356 1012 ex
382 931 475 1038 jure
505 930 791 1011 tantummodo
836 929 1142 1029 Ecclesiastico,
1182 956 1229 1011 eo
1266 932 1374 1038 quod

198 1091 263 1146 res
293 1090 428 1163 sacra,
472 1071 512 1144 at
551 1062 793 1172 spiritualis,
842 1091 917 1144 seu
963 1063 1166 1173 spirituali
1213 1091 1376 1145 annexa

197 1201 309 1282 haud
341 1199 522 1306 indigne,
557 1206 680 1306 atque
702 1198 928 1307 irreligiose
954 1205 1167 1299 tractatur,
1203 1198 1374 1306 ideoque

198 1334 417 1416 simoniam
448 1331 688 1440 hujusmodi
712 1360 803 1414 asse
830 1333 936 1442 juris
967 1331 1262 1414 Ecclesiastici.
1289 1331 1375 1413 No·

200 1469 260 1549 bis
281 1467 382 1549 haec
412 1467 596 1548 secunda
621 1468 823 1549 sententia
854 1467 1020 1566 arridet,
1040 1467 1137 1576 quia
1168 1491 1310 1546 revera
1332 1467 1373 1546 in

197 1629 297 1683 casu
329 1627 411 1682 non
436 1599 669 1681 verificatur
690 1601 760 1681 illa
780 1601 1034 1708 comparatio
1056 1600 1269 1681 interram
1292 1601 1374 1707 spi-

197 1734 400 1833 ritualem,
437 1741 477 1814 et
507 1723 790 1841 temporalem,
826 1734 866 1814 in
899 1760 980 1842 qua
1011 1734 1146 1814 omnis
1188 1732 1376 1815 consistit

197 1865 443 1976 perversitas
476 1867 661 1948 criminis
693 1867 906 1949 simoniae.
943 1869 1242 1948 Verumtamen
1282 1866 1376 1947 licet

197 2001 423 2083 secundam
465 2003 710 2082 sententiam
743 2003 930 2108 amplecti
963 2001 1178 2108 placuerit,
1221 2001 1376 2082 scilicet

203 2135 310 2244 quod
348 2133 525 2214 simonia
555 2134 656 2214 haec
687 2161 768 2212 non
790 2135 843 2213 sit
861 2135 967 2240 juris
999 2135 1215 2231 naturaliS,
1245 2143 1284 2214 et
1315 2135 1376 2214 di-

200 2265 301 2366 vini,
327 2265 596 2347 nihilominus
627 2265 867 2364 retinemus
896 2274 935 2345 et
965 2291 1277 2373 propugnamus
1308 2291 1376 2345 eo-

196 2402 287 2482 dem
312 2401 434 2482 modo
457 2399 595 2506 puniri
618 2398 741 2478 istius
762 2397 963 2478 simoniae
992 2407 1127 2496 actua
1148 2426 1228 2507 quo
1250 2399 1377 2480 simo-

198 2535 289 2617 niae
316 2535 422 2642 juris
465 2535 667 2615 naturalis
708 2560 755 2616 ac
786 2534 912 2614 divini
945 2542 1063 2614 actus
1094 2534 1342 2641 plectuntur.

289 2672 345 2748 At
377 2667 443 2748 hic
474 2669 767 2749 subsumantes
797 2675 1002 2775 quaerunt
1023 2667 1113 2748 DD.
1140 2675 1179 2748 et
1199 2667 1377 2750 Canoni-

197 2815 301 2900 stae,
340 2807 482 2881 utrum
520 2801 667 2881 saltem
705 2801 937 2908 jurisdictio
980 2801 1218 2910 temporalis
1260 2802 1377 2883 alteri

197 2934 300 3034 cedi,
326 2943 398 3016 aut
418 2934 543 3015 locari
568 2936 699 3042 possit
719 2936 770 3015 ab
793 2935 1029 3042 EpiscopiS,
1050 2943 1089 3016 et
1105 2937 1196 3016 aliis
1213 2937 1379 3018 Praela-

197 3070 273 3150 tisl
296 3069 406 3150 Huic
429 3068 555 3149 dubio
573 3070 857 3176 respondetur,
877 3067 1036 3174 quodsi
1050 3067 1281 3174 jurisdictio
1299 3069 1379 3148 ista

197 3205 249 3284 ab
271 3203 467 3285 Ecclesia
483 3202 673 3300 habetur,
694 3229 767 3283 cau
781 3203 851 3309 jus
868 3227 1077 3282 annexum
1099 3201 1234 3281 officio
1256 3201 1377 3309 spiri-

201 3337 317 3439 tuali,
352 3347 455 3420 tunc
483 3335 719 3443 jurisdictio
749 3335 987 3442 hujusmodi
1019 3335 1126 3415 licite
1148 3335 1273 3414 locari
1296 3362 1377 3416 non

198 3497 319 3576 posse
336 3479 499 3550 certum
522 3477 598 3570 est,
626 3471 725 3576 quia
745 3494 816 3576 per
837 3467 1137 3549 connexionem
1158 3467 1294 3547 evadit
1310 3466 1378 3574 ju·

198 3600 381 3682 risdictio
398 3599 654 3708 spiritualis3
669 3611 710 3683 at
726 3602 759 3682 si
780 3601 880 3682 haec
897 3601 1061 3684 aliunde
1074 3601 1263 3702 habetur,
1279 3610 1377 3682 tunc

197 3745 315 3818 extra
335 3733 546 3816 simoniae
562 3735 697 3816 labem
719 3736 842 3842 locari
866 3763 987 3844 posse
1004 3736 1179 3837 videtur,
1204 3762 1252 3817 ao
1269 3737 1377 3844 quod
1443 3806 1450 3816 .

197 3870 239 3949 in
261 3869 338 3950 hoc
361 3895 462 3952 casu
486 3870 710 3979 temporale
729 3899 809 3952 non
826 3873 947 3953 datur
965 3898 1038 3980 pro
1063 3871 1281 3978 spirituali,
1305 3870 1377 3951 sed

196 4005 419 4110 temporale
450 4006 572 4087 datur
593 3983 666 4114 pro
688 4007 917 4114 temporali.
944 4007 1113 4086 Locatio
1132 4015 1269 4086 tamen
1299 4005 1377 4084 ista

195 4136 436 4245 plerumque
468 4139 616 4245 turpis,
637 4139 791 4240 illicita,
825 4139 1115 4246 Ecclesiaeque
1147 4133 1274 4218 noxia
1296 4151 1371 4237 est,

196 4297 290 4350 cum
310 4271 383 4370 illi,
404 4271 473 4379 qui
492 4274 668 4380 pecunia
688 4301 766 4354 sua
787 4273 1095 4382 acquisiverunt
1110 4271 1260 4372 officia,
1282 4297 1377 4380 gra-

196 4413 291 4486 vant
322 4407 508 4490 homines
531 4410 690 4516 poeniS,
721 4425 840 4516 atque
863 4407 1149 4490 exactionibus
1176 4408 1374 4516 pecunia-
