3380 5132
620 442 720 488 nram
743 443 774 488 v.
799 459 842 474 -
866 442 1007 491 rimus
1029 443 1052 489 1.
1384 423 1424 488 ll

246 595 352 678 quae
383 568 535 649 directe
556 576 698 650 contra
718 569 974 675 religionem,
1000 568 1291 676 Ecclesiaeque
1314 568 1424 676 leges

246 709 547 811 perpetrantur,
570 710 610 783 et
624 701 954 784 Ecclesiastioam
972 702 1142 784 turbant
1163 701 1416 803 societatem,

244 863 352 944 quae
367 843 506 918 tamen
522 835 574 918 B.
590 835 839 944 Raymundo
855 835 1011 944 placuit
1026 834 1207 916 dividere
1223 837 1239 914 1
1253 839 1281 916 ‚⁰
1297 835 1338 915 in
1356 862 1419 937 ea,

242 969 406 1079 quaein
438 969 708 1079 vilipendium
739 995 876 1050 rerum
908 968 1204 1078 spiritualium,
1225 976 1264 1050 et
1284 967 1423 1049 ortho-

243 1105 376 1185 doxae
419 1103 514 1184 fidei
564 1103 879 1184 subversionem
928 1103 1115 1184 tendunt.
1150 1104 1214 1186 2.⁰
1248 1105 1291 1184 ln
1332 1102 1416 1204 illa,

244 1236 396 1344 quibus
426 1236 605 1344 proximi
627 1237 726 1337 vita,
752 1236 880 1338 ferna,
905 1243 945 1316 et
961 1236 1149 1317 fortunae
1178 1235 1413 1318 laeduntur.

244 1372 306 1451 3.⁰
335 1372 379 1450 In
410 1395 474 1472 ea,
509 1396 614 1478 quae
644 1370 864 1454 temeraria
895 1369 1278 1451 Ecclesiasticorum
1310 1369 1419 1449 ordie-

239 1529 341 1584 num
388 1504 665 1612 susceptione,
699 1513 740 1586 et
769 1503 970 1610 sacrilego
1014 1508 1304 1608 susceptorum
1335 1528 1416 1582 usu

238 1645 539 1746 perpetrantur,
588 1664 663 1719 nec
708 1663 790 1719 non
837 1663 1014 1718 excessu
1061 1634 1413 1743 privilegiatorum

237 1771 416 1880 injuriis,
448 1779 489 1855 et
520 1771 683 1854 damnis
713 1771 853 1854 illatis.

323 1905 429 1987 Sunt
459 1905 635 2014 denique
665 1906 818 2006 mloeta,
851 1929 958 2012 quae
988 1910 1074 1986 tam
1106 1901 1262 2003 civileS,
1287 1927 1411 2010 quam

234 2037 546 2121 Ecclesiasticus
586 2039 698 2146 leges
737 2038 921 2140 laedunt,
955 2045 995 2118 et
1025 2045 1245 2145 utramque
1285 2035 1411 2116 simul

235 2171 473 2255 societatem
518 2181 686 2255 vexant.
731 2171 892 2254 Delicta
935 2171 1088 2270 civilia,
1124 2170 1206 2252 nisi
1252 2175 1412 2276 patrata

234 2307 318 2388 sint
348 2333 373 2386 a
403 2306 578 2408 clericiS,
612 2304 786 2412 aliisque
818 2304 891 2385 fori
924 2304 1139 2412 privilegio
1176 2302 1410 2384 fruentibus

235 2441 576 2524 asaecularibus
621 2439 921 2520 Tribunalibus
966 2445 1065 2520 sunt
1095 2437 1406 2544 cognoscenda;

234 2575 618 2656 Ecclesiasticorum
641 2599 738 2654 vero
760 2573 954 2680 cogniti0,
979 2573 1068 2655 sive
1100 2596 1125 2651 a
1154 2571 1286 2670 laicis,
1323 2569 1410 2652 sive

234 2735 260 2790 a
289 2707 448 2788 clericis
477 2707 701 2789 commissa
729 2707 828 2807 sint,
853 2706 1055 2816 privative
1086 2713 1244 2813 spectat
1275 2705 1326 2786 ad
1344 2705 1413 2811 ju-

233 2843 344 2924 dices
374 2840 703 2942 Ecclesiastioos,
740 2841 845 2951 Cap.
873 2841 1004 2922 Tuum
1034 2839 1084 2920 de
1108 2838 1211 2920 Ord.
1246 2838 1406 2946 Cognit.

236 2980 339 3089 Cap.
373 2979 520 3058 Later.
554 2977 627 3084 qui
649 2975 722 3082 fil.
756 2976 852 3056 sint.
888 2975 1000 3084 legit.
1035 2973 1176 3054 Tertia
1216 2974 1405 3078 denique,

231 3112 386 3194 scilicet
416 3109 562 3210 mixta,
590 3108 638 3188 ‘in
670 3107 919 3216 quibusdam
948 3105 1189 3214 regionibus
1220 3103 1410 3185 deferun-

229 3256 298 3327 tur
330 3246 380 3326 ad
411 3242 635 3326 tribunalia
655 3243 802 3344 mixta,
822 3267 928 3351 quae
947 3267 1095 3348 nempe
1116 3266 1168 3320 ex
1195 3237 1406 3345 judicibus

230 3389 315 3461 tam
347 3376 663 3474 EcclesiasticiS,
700 3401 823 3484 quam
854 3373 972 3456 laicis
1002 3379 1211 3456 constant:
1249 3370 1400 3452 alicubi

230 3539 327 3594 vero
343 3539 435 3594 mos
451 3512 542 3614 fuit,
560 3518 607 3592 ut
624 3509 861 3617 hujusmodi
879 3534 1030 3591 causas
1047 3533 1157 3589 unus
1168 3505 1298 3613 judex
1315 3504 1402 3585 sive

229 3647 374 3748 laicuS,
405 3647 493 3728 sive
538 3643 855 3727 Ecclesiasticus
900 3640 1100 3743 definiret,
1135 3640 1204 3749 qui
1244 3638 1400 3720 scilicet

228 3781 341 3890 prior
371 3780 591 3888 negocium
621 3787 909 3886 occupaverat.
935 3779 995 3860 lta
1015 3773 1250 3858 ordinatum
1272 3773 1400 3854 fuisse

225 3915 389 3995 videtur
409 3939 616 3996 consensu
632 3911 777 3993 saltem
797 3911 918 3993 tacito
935 3909 1151 4017 utriusque
1168 3907 1398 4016 potestatis

224 4073 276 4127 ne
317 4047 520 4156 quaedam
570 4070 708 4127 rerum
754 4043 942 4126 confusio
988 4042 1182 4141 oriretur,
1226 4039 1261 4120 si
1306 4064 1403 4138 reus

225 4180 350 4262 unius
383 4180 568 4263 oriminis
599 4177 750 4286 duplex
778 4177 998 4286 judicium,
1018 4184 1058 4257 et
1078 4173 1282 4282 duplicem
1304 4197 1401 4280 poe·

223 4339 320 4394 nam
352 4313 533 4423 perterre
564 4318 796 4420 cogeretur.
830 4313 980 4395 Decoti
1019 4311 1089 4392 lib.
1124 4308 1202 4408 IV,
1238 4307 1301 4388 tit.
1337 4305 1405 4386 XI

224 4445 276 4526 cle
304 4447 494 4529 Deliciis.
