3264 5146
239 379 241 394 ’
316 381 360 446 84
606 389 900 448 raunnrcrrouus
924 393 1018 448 tuan
1041 393 1210 448 cauomcr
1316 409 1317 414 =

322 533 523 633 quantum
544 521 725 605 adhunc
744 549 889 606 casum
911 515 1011 604 nihil
1029 549 1200 632 prorsus
1220 525 1398 606 correxit
1417 533 1491 608 aut

322 656 559 740 immutavit
573 655 803 740 Concilium
819 657 1120 740 Tridentinum.
1137 691 1155 734 ›
1174 657 1232 739 At
1247 657 1358 739 illius
1378 658 1489 767 prin·

321 791 416 900 cipii
448 789 668 900 applicatio
699 789 823 872 habet
852 791 989 872 locum
1018 799 1179 873 tantum
1200 791 1242 872 in
1262 791 1341 873 hoc
1368 818 1485 894 casu,

321 949 405 1005 non
435 949 532 1005 vero
562 923 605 1006 in
635 923 728 1004 aliis
764 922 1037 1006 matrimoniis
1066 951 1092 1005 a
1121 923 1347 1033 puberibus
1376 924 1489 1006 clan-

323 1055 481 1138 destine
502 1055 737 1157 contractis,
761 1081 866 1164 quae
887 1063 933 1138 ut
953 1055 1070 1138 docet
1089 1056 1293 1138 Gonzalez
1315 1057 1391 1138 loc.
1416 1058 1484 1138 cit.

323 1215 420 1271 curn
450 1189 660 1270 communi
680 1189 907 1272 Doctorum
937 1217 1012 1273 neo
1042 1217 1115 1296 pro
1145 1191 1410 1300 sponsalibus
1438 1191 1489 1274 de

325 1323 464 1405 luturo
484 1323 703 1426 habentur,
726 1326 799 1408 sed
819 1351 990 1434 prorsus
1012 1324 1175 1407 inutilia
1193 1333 1306 1406 sunt.
1331 1325 1490 1406 Verum

160 1519 162 1522 -
324 1456 537 1565 sponsalia
564 1457 666 1540 haec
705 1485 788 1541 non
827 1467 1043 1541 transcunt
1080 1467 1176 1570 post
1204 1458 1489 1540 Tridentinum

325 1589 367 1670 in
396 1591 705 1674 matrimonium
735 1592 784 1674 de
814 1593 1036 1701 praesenti,
1060 1593 1096 1674 si
1128 1593 1294 1676 accedat
1323 1591 1486 1700 copula,

324 1734 371 1806 at
399 1725 639 1808 adveniente
669 1728 883 1835 pubertate
913 1728 1033 1810 debet
1062 1727 1212 1810 habere
1236 1727 1372 1809 locum
1393 1753 1491 1808 con·

325 1885 476 1942 sensus
504 1859 555 1940 de
585 1862 790 1969 praesenti
831 1861 1047 1944 observatb
1077 1861 1209 1944 formd
1238 1860 1491 1970 praescript&

327 2019 364 2074 a.
381 1991 635 2076 Tridentino.
669 1995 755 2076 lmo
790 1995 1011 2077 declaravit
1041 1996 1086 2077 S.
1120 1995 1391 2104 Congregatio
1422 1994 1491 2076 die

331 2128 382 2208 10
399 2126 554 2208 Martii
573 2128 682 2208 1583
698 2128 806 2235 apud
824 2127 1099 2209 Panimollum
1119 2129 1193 2210 loc.
1215 2130 1284 2208 cit.
1303 2156 1414 2210 num.
1437 2129 1490 2207 13

326 2258 362 2338 si
384 2259 532 2340 vellent
552 2259 790 2340 contrahere
810 2259 1118 2360 matrimonium
1141 2288 1212 2342 eos
1236 2261 1384 2342 debere
1405 2285 1493 2340 scr-

327 2417 425 2471 vare
447 2391 622 2474 formam
643 2392 888 2495 Tridentini,
911 2393 1074 2476 etiamsi
1103 2395 1210 2478 hano
1239 2395 1373 2505 prima
1402 2395 1492 2476 vice

326 2533 577 2607 servassent.
