3380 5132
559 373 659 419 ureae
681 373 711 417 v.
741 389 780 400 —
804 372 944 420 rrrucus
969 375 991 420 1.
1323 359 1366 424 27

184 503 255 582 lem
285 503 331 602 5,
357 502 416 608 ff.
452 498 502 579 de
540 499 700 612 public.
723 498 822 604 jud,
858 499 927 580 leo:
949 504 1025 601 33,
1049 501 1110 607 ff.
1145 502 1202 582 od
1242 505 1366 613 lepori
1450 596 1452 602 y

181 638 270 720 Jut.
307 636 357 718 de
388 635 520 717 adult.
552 619 663 728 Quiri
694 633 869 735 dicatur,
886 635 997 741 quod
1028 635 1086 718 uti
1119 636 1211 743 quis
1233 645 1366 746 potest

184 772 226 851 in
252 769 456 879 judicium
491 767 642 868 vocari,
663 775 702 850 et
723 769 988 850 condemnari
1011 769 1100 850 sine
1123 781 1366 854 accusatore

181 903 234 983 ad
266 901 417 983 tradita
447 927 520 1008 per
551 902 654 1010 lepos
676 904 722 999 3,
749 905 774 1003 ἓ
796 901 1029 984 Praetereo
1036 904 1096 1009 ff.
1121 903 1171 984 de
1191 913 1361 1014 suspect.

181 1043 307 1118 tutor.
344 1036 419 1142 leq.
461 1039 502 1134 1,
538 1040 562 1138 ἓ
596 1041 641 1134 6,
667 1035 726 1142 ff.
761 1034 819 1115 ud
859 1036 935 1144 lep.
979 1037 1087 1137 Jut,
1121 1036 1170 1117 da
1210 1037 1361 1137 adult,

181 1168 252 1268 ita,
287 1177 328 1250 et
358 1168 487 1248 multo
518 1168 653 1274 magis
694 1175 827 1276 potest
857 1169 951 1276 quis
982 1170 1022 1250 in
1050 1169 1254 1278 judicium
1293 1197 1365 1254 vo·

180 1304 393 1387 caricum
425 1311 664 1384 accusatore
696 1301 925 1410 illegitime.
962 1305 1075 1386 Haec
1116 1305 1224 1385 enim
1256 1306 1363 1388 dilli-

179 1438 314 1520 cultas
346 1437 388 1517 in
419 1444 563 1518 tenues
595 1463 721 1518 auras
752 1437 855 1538 abit,
875 1437 911 1518 si
934 1438 1145 1545 paulisper
1176 1439 1363 1520 animad-

181 1578 364 1651 vertatur
393 1573 503 1679 quod
534 1571 626 1678 quis
658 1579 792 1679 potest
815 1573 857 1652 iu
875 1571 1082 1678 judicium
1113 1571 1250 1652 vocari
1272 1573 1362 1654 siue

178 1712 420 1786 accusatore
451 1732 560 1803 vero,
598 1705 768 1788 minime
808 1715 951 1788 autem
993 1707 1082 1788 sine
1121 1717 1361 1790 accusatore

179 1838 291 1920 lictu.
326 1840 451 1946 Atqui
483 1839 632 1938 iubis,
670 1848 710 1921 et
741 1840 948 1921 similibus
994 1841 1164 1924 casibus
1211 1843 1247 1922 si
1280 1870 1359 1922 non

178 1973 296 2052 adest
327 1999 448 2053 verus
480 1981 711 2074 accusator,
745 1975 867 2056 fictus
898 1974 1080 2082 prolecto
1113 2002 1195 2057 uon
1227 1976 1357 2076 deest,

177 2106 276 2215 quia
306 2106 371 2186 lex
404 2107 509 2214 ipsa,
544 2115 583 2187 et
613 2107 797 2188 osticium
824 2108 976 2214 judicis
998 2109 1177 2216 supplet,
1197 2119 1236 2192 et
1258 2111 1361 2192 sub-

178 2241 303 2324 stinet
332 2242 445 2321 vices
478 2239 650 2346 legitimi
683 2240 951 2321 accusatoris.
986 2243 1046 2320 lta
1076 2242 1279 2323 Mascbat.
1318 2247 1359 2322 iu

178 2377 243 2456 tit.
293 2381 316 2455 1
351 2375 421 2454 lib.
457 2375 486 2454 5
527 2372 662 2453 decret
701 2400 743 2454 u.
789 2379 834 2454 9.
869 2373 932 2452 Ex
969 2373 1123 2480 quibus
1164 2375 1358 2456 omnibus

181 2536 312 2618 usque
345 2508 428 2590 huc
459 2507 659 2616 expositis
689 2533 867 2614 sequens
897 2505 987 2588 fluit

605 2905 929 2988 CONCLUSIO.

221 3155 223 3158 ⁵
280 3165 324 3246 Si
357 3164 603 3273 procedatur
642 3164 917 3245 accusationis
959 3166 1043 3262 cio,
1083 3170 1177 3244 ante
1218 3162 1357 3244 omnia

175 3296 297 3381 debet
338 3305 556 3380 aecusator
594 3297 780 3379 libellum
821 3296 1099 3379 accusationis
1140 3296 1182 3376 in
1224 3296 1357 3376 forma

177 3432 363 3540 legitima
378 3431 507 3539 judici
530 3430 763 3541 porrigere,
788 3431 909 3539 idque
931 3437 1064 3538 potest
1084 3455 1166 3510 uon
1192 3437 1355 3510 tantum

175 3565 341 3673 quaudo
383 3565 512 3672 judex
554 3592 629 3674 pro
664 3564 861 3647 tribunali
893 3565 1022 3665 sedet,
1056 3561 1355 3645 verumetiam

175 3697 390 3805 privatim,
417 3699 541 3780 modo
564 3698 805 3780 exhibeatur
826 3697 903 3805 ipsi
926 3705 1139 3806 tamquam
1152 3695 1297 3805 judici,
1317 3704 1356 3776 et

172 3833 226 3913 ad
243 3833 453 3941 publicam
486 3832 723 3916 vindictam.
743 3833 899 3913 Audito
925 3840 1065 3914 autem
1096 3841 1351 3932 accusatore,

171 3973 214 4046 et
243 3966 428 4076 inspecto
460 3966 592 4074 ipsius
624 3967 773 4064 libello,
803 3967 885 4048 duo
907 3967 1027 4048 debet
1052 3965 1182 4073 judex
1202 3993 1356 4074 expen-

171 4099 289 4185 dere:
326 4105 383 4182 l.⁰
415 4109 555 4183 utrum
596 4109 814 4184 aecusator
853 4101 907 4183 sit
938 4099 1169 4207 legitimus;
1209 4103 1270 4181 2.⁰
1302 4125 1355 4180 an

173 4233 336 4318 libellus
352 4237 407 4318 sit
428 4238 469 4318 in
492 4236 625 4319 forma
645 4237 830 4344 legitima
846 4236 1120 4345 conscriptus.
1148 4233 1354 4317 Omnibus

171 4375 311 4451 autem
343 4370 419 4452 rite
452 4369 569 4452 lactis
601 4370 907 4454 accusationem
939 4370 1120 4480 recipere
1150 4371 1281 4468 debet,
1315 4375 1353 4449 et
