3356 5118
326 443 395 508 330
632 457 908 505 rmnncomounc
931 460 1024 505 sums
1046 459 1204 505 cnuomct

330 589 457 669 Secus
490 592 642 684 autem,
674 585 713 664 si
742 611 867 692 usque
887 583 943 664 od
963 585 1225 695 Apostolicoe
1254 583 1373 664 Sedis
1399 583 1528 663 bene-

321 721 533 831 placitum
558 721 714 800 Gratia
737 718 982 800 concedatur
1005 719 1226 829 proedicto
1236 748 1251 816 ;
1275 725 1369 797 tunc
1388 721 1523 810 enim,

329 856 433 964 quio
462 852 585 936 Sedes
628 855 718 963 ipso
749 879 829 932 nou
869 855 1059 952 moritur,
1096 851 1268 934 durabit
1296 859 1520 962 perpetuo,

328 990 412 1069 nisi
445 1016 472 1068 a
503 987 740 1068 Successore
760 987 901 1092 suerit
931 993 1137 1067 reuocata.

388 1121 432 1200 Si
466 1147 563 1200 vero
604 1120 866 1228 privilegium
899 1119 1029 1200 luerit
1061 1119 1188 1217 reale,
1225 1125 1325 1199 tuno
1360 1123 1518 1216 cessat,

330 1262 370 1337 et
409 1255 667 1361 extinguitur
706 1281 779 1361 per
819 1253 1109 1334 extinctionem
1153 1251 1285 1360 ipsius
1326 1251 1402 1350 rei,
1444 1251 1520 1330 cui

329 1389 516 1470 inhaeret
550 1389 673 1496 juxta
713 1391 947 1468 texturam
979 1414 1071 1497 cup.
1106 1389 1391 1467 Accessorium
1431 1389 1514 1482 42,

326 1521 379 1603 de
401 1523 547 1630 Roget.
571 1521 689 1627 juris
719 1523 761 1600 in
782 1527 827 1613 6,
852 1519 982 1601 —ibi
1003 1565 1057 1578 -
1077 1519 1361 1599 Accessorium
1392 1527 1519 1600 natu·

332 1682 425 1737 rom
455 1657 570 1762 sequi
601 1657 787 1764 congruit
810 1655 1076 1764 principalia

389 1787 689 1868 Verumtamen
717 1787 794 1868 hoc
817 1787 1126 1892 intelligendum
1149 1793 1212 1867 est
1233 1812 1328 1866 cum
1351 1784 1431 1866 hac
1450 1785 1518 1865 di-

331 1921 562 2018 stinctione,
600 1947 744 2027 nempe
775 1921 886 2028 quod
918 1921 1181 2027 privilegium
1214 1920 1327 2000 reule
1362 1925 1513 2013 cesset,

327 2063 367 2138 et
399 2055 668 2162 extinguatur
699 2081 770 2162 per
802 2055 1030 2154 interitum,
1066 2069 1188 2162 atque
1219 2053 1515 2134 extinctionem

331 2190 463 2298 ipsius
495 2189 569 2289 rei,
603 2188 668 2270 cui
713 2187 913 2288 inhaeret,
947 2189 982 2268 si
1015 2215 1080 2268 res
1122 2189 1213 2293 ipsa
1254 2186 1515 2294 privilegiata

328 2325 598 2428 extinguatur
628 2322 717 2402 sine
749 2322 835 2402 ulla
865 2349 938 2429 spe
970 2321 1260 2420 restitutionis,
1290 2329 1363 2401 aut
1394 2348 1509 2426 repa⁴

326 2455 525 2555 rationis;
558 2454 593 2534 si
616 2455 725 2534 enim
748 2482 813 2533 res
836 2453 1099 2560 privilegiata
1124 2455 1393 2559 extinguatur
1413 2480 1510 2533 cum

327 2616 399 2696 spe
441 2589 726 2684 restitutioniS,
764 2597 837 2666 aut
878 2588 1169 2693 reparationiS,
1209 2598 1308 2668 tnnc
1346 2613 1516 2668 conser-

234 2731 236 2735 ’
326 2729 478 2802 vantur
506 2721 648 2800 omnia
678 2720 767 2826 ejus
799 2719 1030 2827 privilegia,
1054 2728 1096 2802 et
1111 2721 1224 2828 jura,
1259 2721 1394 2828 prouti
1426 2721 1512 2801 col-

328 2853 472 2958 ligitur
503 2879 557 2932 eoe
592 2853 696 2962 Cap.
731 2853 971 2934 Pastorolt's
1002 2856 1082 2954 24,
1117 2881 1229 2938 eous.
1265 2860 1310 2957 7,
1343 2884 1384 2962 q.
1409 2855 1452 2955 1,
1474 2863 1514 2935 et

333 2989 437 3096 Cep.
464 2987 578 3077 Quae
606 2987 729 3068 semel
760 2990 805 3088 4,
838 3014 951 3068 caus.
989 2992 1064 3087 19,
1098 3017 1137 3096 q.
1172 2993 1217 3070 3.

420 3123 799 3228 2.⁰Extinguitu1·‚
833 3136 873 3203 et
903 3133 1038 3204 cessat
1068 3122 1332 3230 privilegium
1365 3149 1515 3204 renun-

328 3253 507 3336 ciatione
537 3283 749 3367 expressa,
781 3259 817 3337 si
849 3284 1092 3339 conoessum
1127 3257 1250 3338 luerit
1271 3257 1395 3338 alicui
1417 3285 1513 3363 per-

328 3417 454 3472 sonao
487 3391 742 3499 particulari,
777 3400 817 3472 et
848 3391 887 3470 in
911 3393 1001 3499 ejus
1024 3392 1206 3472 favorem
1230 3400 1391 3472 tantum
1413 3419 1515 3472 con-

231 3599 233 3603 .
328 3549 498 3604 cessum
531 3524 654 3604 luerit
684 3524 946 3631 privilegium
977 3571 1036 3589 -
1071 3528 1176 3605 Cum
1216 3526 1388 3606 liberum
1417 3525 1514 3604 uni·-

310 3657 475 3762 cuique
495 3659 550 3737 sit
560 3658 659 3762 juri
688 3685 760 3738 suo
783 3661 1042 3760 renunciare,
1064 3660 1122 3739 ait
1141 3663 1246 3770 Cep.
1267 3661 1316 3740 Si
1332 3661 1381 3740 de
1396 3668 1514 3738 terra

328 3787 370 3868 h.
405 3796 435 3870 t.
472 3791 595 3872 Unde
627 3796 669 3872 in
700 3793 775 3900 lep.
811 3793 860 3874 Si
890 3797 981 3900 quis
1014 3797 1054 3875 ia
1088 3793 1373 3874 conscribendo
1401 3790 1508 3874 Cod.

329 3921 529 4035 depactis
551 3925 701 4006 dicitur
716 3971 774 3988 —
788 3927 949 4035 Regulo
970 3935 1026 4007 est
1036 3928 1156 4033 juris
1178 3929 1356 4034 antiqui,
1375 3953 1513 4007 omnes

332 4056 541 4140 licentiam
571 4059 808 4160 haberetis,
833 4088 950 4169 quoe,
963 4089 1039 4172 pro
1069 4087 1112 4140 se
1135 4061 1369 4143 introducto
1398 4067 1508 4158 sunt,

329 4194 588 4274 renunciare.
610 4191 767 4273 Verum
789 4194 822 4272 si
843 4194 1106 4301 privilegium
1123 4221 1367 4275 concessum
1387 4193 1513 4274 fuerit

329 4346 413 4402 non
455 4325 578 4405 alicui
620 4353 819 4433 personae
855 4329 1111 4435 particulari,
1145 4330 1219 4410 sed
1253 4329 1294 4408 in
1327 4329 1511 4408 favorem

331 4453 566 4561 publicum,
587 4459 650 4538 vel
667 4460 925 4542 determinati
943 4472 1086 4542 coetus
1106 4487 1394 4570 personarum,
1412 4467 1515 4542 tuno
