3386 5126
569 445 668 490 mne
690 445 722 492 v.
747 461 790 473 —
813 445 952 492 mamus
974 446 1044 490 vm.
1320 427 1386 493 205

213 574 460 654 Sanctorum
482 571 830 673 communionem,
855 572 1129 654 auricularem
1161 573 1386 654 confessio-

212 733 322 809 nem,
342 713 381 788 et
402 706 654 814 hujusmodi.
678 705 820 787 Hicin
843 705 912 786 tali
935 731 1036 786 casu
1057 713 1120 786 est
1150 705 1386 788 schismati-

213 868 287 922 cus
311 868 390 921 non
414 867 559 950 purus,
584 867 659 922 seu
691 840 863 940 mixtus
888 839 1078 948 quamvis
1110 839 1213 920 alios
1235 841 1387 922 articu-

212 975 275 1056 los
308 977 399 1057 fidei
431 975 583 1076 credat,
608 982 648 1056 et
678 975 889 1084 approbet.
923 975 994 1056 Sic
1026 975 1135 1055 inre
1165 975 1386 1055 eommunis

211 1113 451 1192 Doctorum.
482 1153 484 1158 ,

299 1244 400 1323 Post
415 1242 517 1326 haec
532 1245 615 1325 duo
631 1243 698 1326 hic
715 1244 963 1326 advertenda
979 1250 1216 1342 occurrunt,
1237 1247 1295 1326 l.⁰
1306 1245 1386 1325 sci-

212 1377 305 1459 licet
326 1379 436 1486 quod
475 1378 695 1482 ordinarie,
720 1386 760 1460 et
780 1379 957 1487 practice
978 1377 1182 1486 loquendo
1205 1377 1273 1458 vix
1296 1405 1388 1459 um·

212 1537 336 1619 quam
354 1511 506 1594 nostris
527 1515 768 1620 praesertim
791 1512 1047 1620 temporibus
1069 1511 1191 1592 datur
1206 1511 1385 1621 amplius

212 1644 393 1726 schisma
417 1672 586 1756 param,
620 1673 695 1727 seu
726 1646 815 1727 sine
849 1645 1024 1728 haeresi.
1055 1645 1246 1726 Schisma
1276 1645 1385 1727 enim

212 1777 305 1859 licet
335 1778 376 1857 in
408 1805 486 1860 suo
517 1779 717 1889 principio
750 1807 832 1860 non
867 1779 1018 1860 habeat
1052 1806 1293 1888 perversum
1318 1781 1387 1860 Fi-

214 1911 276 1991 dei
308 1912 474 2019 dogma,
508 1913 616 1994 sicut
637 1913 848 2016 Haeresis,
873 1913 915 1995 in
944 1914 1027 1996 fine
1057 1921 1195 1996 tamen
1225 1913 1386 1996 nullum

214 2043 396 2125 schisma
436 2047 617 2126 estsine
656 2046 831 2146 haeresi,
868 2075 943 2128 eeu
976 2048 1192 2129 manifeste
1229 2050 1387 2130 eruitur

213 2202 264 2256 ex
282 2177 420 2256 verhis
442 2177 487 2257 S.
508 2177 749 2285 Hieronymi
767 2179 810 2256 in
836 2181 937 2288 Cap.
957 2181 1070 2259 Inter
1086 2179 1289 2260 haeresim
1304 2186 1382 2274 26,

214 2336 326 2391 caus.
371 2313 450 2406 24,
484 2317 639 2418 quaest.
685 2313 729 2404 4,
763 2355 821 2372 -
843 2311 897 2391 ibi
917 2356 976 2373 -
1001 2311 1146 2393 ‹lnter
1181 2311 1386 2394 haeresim

218 2452 297 2526 »et
327 2443 510 2526 schisma
540 2443 617 2525 hoo
649 2443 845 2525 interesse
866 2444 1130 2544 arbitramur,
1157 2448 1265 2554 quod
1288 2447 1387 2528 hae-

217 2578 360 2658 ›resis
381 2604 624 2686 perversum
647 2578 797 2686 dogma
831 2579 996 2682 habeat,
1020 2579 1202 2662 schisma
1221 2590 1387 2690 propter

218 2711 543 2819 »Episcopalem
583 2711 878 2793 dissensionem
923 2715 974 2795 ab
1014 2714 1200 2796 Ecclesia
1235 2715 1387 2823 pariter

219 2853 436 2952 »separat
474 2845 592 2938 Quod
634 2846 801 2953 quidem
843 2847 885 2925 in
925 2848 1124 2956 principio
1165 2849 1304 2960 aliqua
1334 2877 1386 2931 ex

218 2987 374 3087 »parte
406 2979 577 3086 intelligi
609 2987 756 3087 potest.
783 2978 1000 3060 Caeterum
1023 2983 1184 3062 nullum
1206 2983 1388 3064 schisma

218 3144 235 3185 >
257 3138 338 3190 non
371 3111 550 3219 aliquam
583 3111 658 3193 sibi
677 3111 872 3218 confingit
892 3111 1113 3216 haeresim,
1137 3124 1183 3197 ut
1204 3123 1311 3196 recte
1334 3114 1386 3194 ab

218 3241 442 3323 »Ecclesia
482 3245 703 3324 recessisse
742 3243 931 3324 videatur
960 3275 997 3326 >.
1032 3247 1094 3326 2.⁰
1125 3247 1285 3326 Pariter
1319 3246 1387 3328 hic

214 3377 509 3459 advertendum
541 3385 617 3478 est,
652 3377 760 3485 quod
792 3404 874 3458 non
905 3377 1039 3458 omnis
1071 3405 1276 3479 recessus,
1310 3407 1386 3459 seu
1478 3377 1480 3381 ’

214 3511 420 3619 separatio
443 3537 467 3591 a
488 3511 603 3619 Papa
623 3519 685 3592 est
706 3510 902 3612 schisma,
926 3512 998 3593 sed
1021 3511 1157 3593 solum
1179 3538 1382 3614 recessuS,

213 3651 253 3726 et
283 3645 487 3753 separatio
519 3645 693 3754 abipso
725 3653 936 3754 tamquam
978 3646 1201 3728 aVicario
1235 3645 1385 3728 Christi

111 3779 117 3789 ’
213 3779 255 3860 in
296 3780 429 3880 terris,
464 3787 503 3862 et
534 3779 675 3888 Capite
718 3780 943 3862 formaliter
989 3780 1114 3862 totius
1158 3781 1381 3862 Ecclesiae.

215 3911 332 3993 Unde
372 3921 480 3994 recte
513 3913 767 4020 intelligitur,
803 3913 918 3995 illum
956 3913 1265 4020 schismaticum
1306 3939 1386 3992 non

217 4071 327 4148 esse,
360 4045 430 4154 qui
462 4044 698 4128 Romanum
729 4047 971 4128 Pontificem
1002 4056 1214 4156 tamquam
1236 4043 1387 4136 Christi

213 4181 427 4262 vicarium
460 4181 502 4262 in
533 4181 669 4284 terriS,
704 4189 743 4263 et
765 4181 902 4290 Caput
932 4183 1155 4264 formaliter
1180 4181 1387 4264 Ecclesiae

212 4317 484 4424 recognoscit,
499 4316 618 4424 eique
638 4343 721 4424 qua
738 4315 963 4397 formaliter
984 4315 1170 4398 Pontifici
1193 4316 1387 4398 obedien-

215 4446 313 4528 tiam
331 4459 532 4557 praestat,
550 4450 620 4532 sed
638 4476 721 4531 non
739 4449 826 4532 vult
842 4450 958 4531 illurn
974 4477 1265 4559 recognoscere
1281 4458 1388 4532 tam·
