3178 5134
304 388 371 454 208
592 397 884 452 rnunnucuorrus
907 397 1000 450 murs
1024 397 1194 450 cuuourcr

312 531 376 610 vel
406 527 644 610 confirmato
674 525 844 632 ejusque
873 524 1127 632 parentibuS,
1163 525 1271 606 unde
1297 526 1478 634 amplius

312 689 395 744 non
425 659 606 769 procedit
635 657 737 738 haee
765 655 956 762 cognatio
987 655 1215 764 spiritualis
1235 684 1307 766 per
1326 685 1478 766 gyrum

312 797 385 877 sed
415 803 573 876 tantum
596 792 763 890 directe,
788 816 863 872 nec
884 791 1007 872 etiam
1028 791 1211 900 procedit
1232 792 1283 873 ad
1304 793 1477 874 modum
1582 831 1583 860 r

313 927 685 1038 confraternitatis.
711 923 912 1006 Videatur
933 922 1010 1005 hac
1031 924 1138 1006 inre
1168 925 1293 1006 etiam
1312 925 1480 1008 Consti-

311 1060 415 1142 tutio
432 1060 495 1140 Pii
513 1059 566 1139 V:
596 1091 616 1134 ι
635 1059 738 1138 Cum
755 1057 899 1138 illius»
925 1057 1009 1138 dici
1024 1060 1078 1138 28
1099 1057 1342 1140 Nouembris
1367 1061 1478 1141 1566

310 1195 524 1275 declarans
541 1217 623 1274 non
639 1189 792 1272 incurri
808 1191 1094 1297 cognationem
1112 1191 1190 1272 nisi
1207 1217 1233 1272 a
1248 1193 1439 1300 personis
1456 1219 1483 1274 a

311 1327 551 1408 Tridentino
567 1325 803 1407 nominatio.
822 1370 844 1388 ·
860 1328 920 1407 3.⁰
937 1323 999 1406 Ne
1021 1333 1159 1406 autem
1180 1326 1318 1433 plures
1339 1352 1485 1434 perso·

312 1443 389 1542 naa
404 1459 583 1541 involvat
598 1459 698 1541 haec
713 1458 919 1567 cognatio,
938 1457 1167 1541 Concilium
1188 1457 1480 1541 Tridentinum

310 1591 470 1693 statuit,
495 1599 540 1673 ut
561 1619 672 1673 unus
692 1599 853 1674 tantum
874 1592 961 1672 sive
981 1591 1057 1690 vir,
1083 1591 1170 1673 sive
1190 1592 1338 1672 mulier
1359 1593 1485 1700 juxta

310 1751 526 1808 sacrorum
547 1751 752 1806 canonum
769 1725 971 1826 instituta,
991 1725 1055 1806 vel
1072 1727 1122 1808 ad
1138 1752 1351 1808 summum
1368 1755 1483 1810 unus

310 1867 351 1941 et
363 1885 448 1942 una
462 1859 717 1968 baptizatum
734 1860 784 1941 de
795 1859 1001 1967 baptismo
1017 1859 1245 1967 suscipiant
1255 1860 1484 1969 deputandi

310 2020 337 2074 a
366 1995 607 2101 parentibus
639 1991 849 2102 baptizati,
885 2001 925 2074 et
954 1991 1158 2100 parochus
1179 2000 1402 2102 antequam
1426 1996 1481 2076 ad

311 2128 562 2236 baptismum
593 2127 888 2210 conterendum
918 2129 1085 2210 accedat
1115 2127 1330 2235 diligenter
1349 2129 1403 2209 ab
1428 2130 1481 2210 iis

309 2261 361 2341 ad
392 2286 497 2368 quos
526 2269 683 2368 spectat
712 2261 943 2342 sciscitetur
973 2287 1096 2370 quem
1125 2261 1188 2341 vel
1219 2287 1324 2369 quos
1344 2261 1486 2370 elege-

311 2396 393 2475 rint
423 2404 468 2477 ut
499 2395 752 2502 baptizatum
783 2396 833 2478 de
863 2421 980 2476 sacro
1022 2395 1132 2477 fonte
1172 2395 1401 2503 suscipiant
1444 2406 1485 2481 et

310 2554 408 2609 eum
439 2529 503 2609 vel
532 2555 604 2610 eos
634 2536 792 2610 tuntum
821 2528 874 2609 ad
904 2528 1020 2609 illum
1055 2528 1367 2636 suscipiendum
1407 2531 1486 2611 ad·

310 2661 459 2763 mittat,
493 2670 533 2744 et
565 2663 606 2743 in
637 2663 740 2743 libro
771 2687 915 2742 eorum
945 2662 1113 2743 nomina
1152 2663 1372 2764 describat,
1406 2665 1486 2746 do-

308 2801 479 2902 ceatque
509 2821 580 2876 eos
611 2819 734 2903 quam
772 2793 1058 2900 cognationem
1098 2795 1390 2894 contraxerint,
1431 2825 1485 2878 ne

310 2925 543 3033 ignorantia
564 2927 647 3008 ulla
663 2927 854 3008 excusari
870 2926 1048 3026 valeant,
1067 2927 1156 3008 etsi
1174 2927 1341 3036 parochi
1358 2929 1487 3038 eulpa

309 3061 373 3142 vel
404 3062 654 3169 negligentia
682 3087 804 3142 secus
835 3059 989 3141 factum
1012 3059 1148 3160 fuerit,
1173 3060 1341 3143 arbitrio
1359 3061 1489 3144 Ordi-

310 3196 416 3276 narii
448 3196 656 3304 puniatur.
690 3195 742 3277 Et
772 3194 813 3276 id
844 3193 996 3302 pariter
1026 3220 1116 3276 esse
1151 3195 1402 3277 servandum
1443 3197 1486 3278 in

309 3330 525 3411 collatione
556 3327 878 3410 confirmationis
898 3327 1016 3408 docet
1036 3327 1351 3434 praelaudatum
1372 3327 1489 3412 Con·

309 3465 466 3546 cilium.
621 3447 625 3452 ¹

428 3600 486 3678 3.⁰
516 3597 582 3675 Ad
613 3595 691 3676 hoc
721 3603 860 3675 autem
902 3601 948 3674 ut
987 3593 1175 3701 patrinus
1206 3593 1269 3673 vel
1300 3593 1486 3674 matrina

310 3729 416 3810 hanc
445 3728 732 3836 cognationem
762 3727 1019 3835 spiritualem
1046 3727 1257 3809 incurrant
1278 3727 1486 3834 quaedem

308 3861 587 3970 requiruntur,
623 3887 783 3969 nempe:
806 3905 828 3922 -
849 3859 909 3967 (a)
933 3867 979 3941 ut
999 3860 1213 3969 baptizans
1244 3860 1308 3943 vel
1338 3861 1481 3944 susci-

309 3996 426 4104 piens
457 4022 507 4076 ex
539 3993 743 4102 baptismo
768 3991 823 4074 sit
843 3993 1092 4101 baptizatus3
1116 3992 1282 4074 undosi
1304 3992 1486 4074 infidelis

310 4129 502 4236 baptizet,
536 4128 612 4209 etsi
645 4135 788 4234 postea
821 4133 1083 4208 convertatur
1122 4127 1175 4208 ad
1214 4127 1353 4229 fidem,
1397 4153 1488 4209 non

308 4262 433 4342 habet
463 4261 802 4369 impedimentum
832 4258 1054 4368 quominus
1080 4259 1191 4340 illam
1212 4259 1393 4368 puellam
1417 4261 1488 4342 vel

307 4395 400 4502 cjus
431 4402 604 4476 matrem
635 4393 677 4473 in
717 4417 891 4474 uxorem
929 4392 1079 4473 ducere
1119 4391 1265 4501 possit;
1308 4392 1417 4474 sicut
1448 4393 1490 4474 si
