3244 5116
497 439 595 485 muna
617 441 649 484 v.
675 457 718 468 -
742 441 964 489 mrumst-11.
1250 425 1313 493 199

287 796 292 804 ι
417 701 482 780 De
507 699 784 810 prohibitione
816 703 1029 784 librorum.

223 967 388 1050 Nodum
429 968 615 1050 Ecclesia
655 971 846 1077 reprobat
885 970 1126 1071 haereticos
1173 975 1245 1055 sed
1276 985 1315 1059 ct

131 1129 279 1186 corum
310 1103 452 1203 libroS,
487 1103 585 1210 quia
615 1130 711 1184 cum
747 1112 936 1186 auctores
977 1105 1160 1188 damnati
1195 1118 1310 1210 sunt,

131 1239 259 1320 etiam
281 1235 434 1344 scripta
455 1263 598 1317 eorum
621 1237 777 1318 admitti
801 1264 882 1318 uon
903 1249 1095 1345 possunt.
1136 1242 1241 1354 Cup.
1264 1248 1307 1325 4.

132 1371 184 1452 cie
214 1371 370 1452 haeret.
405 1379 442 1453 et
475 1371 531 1452 ibi
565 1372 699 1452 Gioss

221 1505 325 1586 Tres
356 1511 494 1585 autem
526 1514 624 1586 sunt
654 1505 854 1622 librorum
878 1506 1179 1614 prohibitorum
1206 1511 1313 1592 clas-

132 1667 216 1721 ses,
235 1638 379 1718 Prima
394 1644 457 1718 est
473 1637 651 1738 illorum,
678 1638 747 1746 qui
771 1638 811 1718 in
832 1639 963 1720 Bulla
992 1641 1154 1721 Coenon
1176 1644 1314 1750 prohi-

133 1773 297 1874 bentur,
342 1772 448 1852 idest
487 1772 557 1878 qui
599 1780 766 1853 auctore
808 1773 1013 1855 haeretico
1053 1775 1306 1882 prodierunt.

133 1907 327 1990 Secunda
357 1907 505 1987 classis
545 1913 622 2007 est,
664 1931 771 2014 quae
801 1914 994 1988 auctores
1024 1907 1147 1990 habet
1177 1911 1310 1992 deter-

131 2041 313 2121 minatas
344 2065 544 2147 personas
575 2038 885 2142 catholicorum,
910 2041 980 2148 qui
1012 2049 1150 2122 tamen
1171 2051 1313 2124 contra

132 2176 272 2276 fidem,
297 2173 361 2254 veI
381 2201 518 2255 mores
535 2175 803 2282 scripserunt.
824 2175 964 2255 Tertia
979 2177 1144 2256 tandem
1162 2177 1307 2258 classis

132 2316 210 2407 est,
245 2333 350 2414 quae
382 2314 571 2387 auctores
601 2305 726 2388 habet
746 2332 991 2416 anonymoS,
1011 2309 1082 2389 sed
1104 2310 1312 2392 doctrinas

131 2441 415 2548 reprobandas
436 2440 615 2522 exhibet.

221 2573 452 2654 Discrimeu
494 2581 555 2654 est
596 2573 700 2654 inter
729 2573 856 2655 libros
897 2573 1053 2682 primae
1075 2576 1236 2676 classiS,
1271 2585 1311 2657 ct

131 2706 228 2786 illos
250 2707 467 2807 secundae,
506 2715 545 2788 ct
575 2706 733 2787 tertiae.
765 2706 872 2788 Nam
893 2705 987 2788 libri
1009 2706 1307 2791 haereticorum

131 2838 294 2947 primae
324 2838 485 2939 classis,
511 2840 545 2920 si
568 2841 620 2920 ob
642 2839 861 2940 haeresim,
895 2840 958 2922 vel
981 2840 1071 2920 falsi
1104 2843 1309 2948 dogmatis

129 2972 413 3080 suspicionem
434 2969 626 3054 ‘damnati
651 2981 765 3072 sunt,
789 2999 814 3052 a
834 2973 1049 3054 catholicis
1070 2976 1309 3082 cujuscum-

131 3131 211 3214 que
253 3108 423 3214 gradus‚
466 3115 506 3188 et
546 3107 792 3190 conditionis
828 3105 925 3206 sint,
959 3107 1001 3187 in
1032 3107 1116 3186 vim
1157 3109 1308 3190 Butloo

129 3241 398 3350 Apostotutus
433 3243 625 3350 Officium
646 3241 804 3322 Urbani
827 3241 917 3320 VIII
941 3240 1096 3347 absque
1119 3243 1164 3324 S.
1191 3242 1309 3324 Sedis

3 3487 4 3496 Ν
131 3371 296 3455 licentia
328 3375 524 3486 imprimi,
562 3375 656 3484 topi,
690 3377 874 3473 retineri,
907 3373 1077 3480 defendi
1107 3399 1189 3453 uon
1211 3403 1306 3480 pos-

133 3517 233 3590 sunt
263 3510 343 3590 sub
373 3535 506 3617 poena
536 3505 974 3590 excommunicationis
1005 3507 1152 3613 Papae·
1173 3531 1305 3586 reser-

131 3649 266 3722 vatae.
310 3643 372 3723 Ita
410 3643 509 3752 Rep.
549 3647 606 3722 10
647 3639 738 3722 Iud.
774 3649 811 3721 et
841 3639 956 3722 Ruti.
996 3637 1158 3718 Coenuo
1189 3645 1230 3742 ἕ.
1265 3641 1305 3722 1.

133 3776 247 3856 Libri
279 3801 377 3857 vero
408 3778 628 3877 secundae,
654 3785 694 3855 et
714 3774 856 3855 tertiae
877 3773 1038 3874 classis²
1062 3773 1097 3852 si
1121 3773 1304 3854 damnati

135 3909 219 3990 sint
249 3911 297 3990 ob
328 3911 524 4003 haeresia,
559 3910 622 3990 veI
643 3910 759 4018 fulsi
789 3908 991 4016 dopmutis
1020 3909 1304 4017 suspicionem,

135 4043 417 4124 secumierunt
447 4042 916 4124 excommunicationem
939 4065 1018 4120 nou
1041 4047 1305 4140 reservatam,

136 4177 240 4257 alias
269 4185 433 4278 tantum
464 4177 618 4286 peccati
649 4177 811 4258 lethalis
838 4183 1015 4255 reatum.

223 4311 522 4392 Verumtamen
553 4317 696 4391 notatu
737 4309 862 4414 digua
892 4318 955 4388 est
984 4307 1231 4406 Immutatio,
1267 4314 1307 4388 et

135 4445 333 4526 correctio
365 4445 472 4526 sacta
503 4469 528 4525 a
557 4443 856 4525 Constitutione
886 4441 1147 4552 Apostolicoc
1172 4439 1306 4524 Sociis.
