3386 5126
548 443 647 488 amna
669 443 702 488 v.
728 459 770 471 -
794 443 935 490 rrrunus
957 444 1015 488 vn.
1299 424 1366 490 189

119 671 122 676 Ι
184 567 388 647 Formalis
419 566 594 647 habetur
625 568 789 674 quando
821 567 943 646 homo
970 566 1103 647 valide
1126 568 1361 674 baptizatus

185 701 432 798 voluntarie,
466 701 657 802 scienter,
681 710 719 782 et
748 700 1008 808 pertinaciter
1029 709 1136 781 errat
1158 702 1265 782 circa
1287 701 1362 782 ali-

185 857 310 942 quam
342 833 435 913 fidei
466 834 677 913 veritatem
700 835 750 914 ab
772 833 959 914 Ecclesia
980 835 1248 942 propositam;
1275 861 1361 914 ma·

185 966 339 1048 terialis
371 975 511 1048 autem
542 966 733 1068 habetur,
759 969 922 1074 quaudo
943 966 1037 1075 quis
1059 967 1211 1076 aliquid
1235 967 1362 1048 credit

182 1099 276 1181 fidei
308 1099 560 1180 contrarium
592 1127 644 1180 ex
675 1123 781 1208 pura
812 1099 1060 1207 ignorantia,
1094 1128 1169 1183 seu
1207 1127 1359 1200 errore,

185 1231 248 1312 vel
279 1258 328 1312 ex
361 1231 635 1339 simplicitate,
670 1233 732 1313 vel
774 1233 884 1314 mala
924 1233 1208 1316 instructione.
1243 1233 1362 1316 ⁴Hinc

183 1362 374 1446 haeretici
409 1365 599 1448 formales
630 1366 769 1474 pauci,
803 1367 1036 1448 materiales
1067 1367 1202 1448 multi.
1247 1365 1361 1446 Divi·

184 1497 295 1580 ditur
325 1510 535 1606 praeterea
567 1502 750 1582 formalis
782 1501 963 1582 haeresis
994 1501 1033 1581 in
1069 1505 1286 1602 internam,
1322 1509 1360 1582 et

182 1619 410 1714 oeternum.
445 1634 587 1714 Prima
618 1643 679 1716 est
711 1661 774 1735 ea,
809 1660 914 1742 quae
950 1633 1047 1714 latet
1087 1633 1284 1736 inruente,
1319 1641 1359 1714 et

184 1767 298 1846 nullo
339 1767 460 1874 signo
493 1767 796 1869 manifestatur,
841 1794 889 1848 ac
920 1767 1091 1876 proinde
1122 1766 1253 1847 solius
1284 1765 1359 1847 Dei
1477 1791 1479 1796 ’

179 1899 335 2004 judicio
376 1903 534 1984 subest.
569 1903 760 1984 Secunda
791 1927 840 1982 ea
870 1911 947 2002 est,
982 1928 1088 2010 quae
1129 1899 1362 2008 prorumpit

184 2031 225 2111 in
258 2044 394 2115 actum
427 2022 690 2133 exteriorem,
724 2037 811 2115 sive
842 2037 982 2136 verbo,
1021 2035 1109 2115 sive
1151 2034 1256 2116 lacto
1298 2034 1360 2112 iu-

182 2162 342 2244 dicante
379 2165 580 2245 internam
624 2166 844 2263 baeresim,
889 2193 935 2246 ac
978 2165 1146 2272 proinde
1183 2163 1357 2270 judicie,

183 2303 223 2377 et
253 2295 397 2405 poenis
432 2297 643 2378 Ecclesiae
674 2298 877 2404 subjacet.
912 2299 1026 2376 Haec
1058 2322 1153 2377 vero
1184 2295 1360 2398 heresiS‚

183 2439 366 2530 externa,
401 2457 506 2537 quae
538 2457 632 2510 vere
663 2429 818 2512 crimen
850 2438 925 2530 est,
965 2429 1188 2537 poenisque
1220 2428 1361 2510 Eccle-

180 2563 360 2647 siasticis
395 2564 582 2672 punitur,
616 2565 894 2644 subdividitur
915 2565 956 2644 in
978 2565 1192 2664 occultum,
1219 2571 1258 2644 et
1275 2592 1363 2672 pu-

179 2697 342 2796 blicam,
378 2725 453 2778 seu
485 2699 767 2806 manifestum.
804 2698 945 2777 Prima
974 2697 1163 2800 habetur,
1194 2697 1361 2805 quando

179 2832 285 2940 ipsa,
309 2831 402 2913 licet
424 2831 561 2940 aliquo
585 2835 725 2932 verbe,
757 2831 820 2912 vel
852 2833 932 2913 alio
964 2833 1083 2940 siguo
1114 2840 1283 2914 externo
1314 2857 1359 2912 se

180 2967 338 3074 prodat,
372 2973 511 3048 tamen
543 2967 606 3046 vel
638 2965 788 3046 nomini
828 2966 891 3045 vel
934 2967 1076 3072 paucis
1122 2967 1354 3064 innotescit,

180 3099 352 3204 ideoque
394 3099 445 3178 ad
471 3098 675 3204 judicium
718 3097 896 3205 pertrahi
941 3097 1049 3178 haud
1093 3105 1239 3204 potest.
1285 3099 1359 3178 Se·

181 3232 316 3313 cunda
347 3237 485 3310 autem
517 3231 708 3330 habetur,
743 3232 908 3339 quando
931 3231 1021 3338 ipsa
1043 3230 1195 3338 palam,
1221 3239 1262 3312 et
1283 3259 1360 3338 pu·

179 3363 283 3445 blice
315 3363 516 3472 proditur,
557 3364 728 3471 ideoque
756 3364 945 3472 pluribus
980 3363 1198 3444 manifeste
1229 3370 1357 3468 patet,

179 3503 219 3579 et
249 3523 321 3604 per
351 3522 608 3604 consequens
650 3497 701 3578 ad
744 3497 879 3577 forum
920 3504 1137 3577 externum
1178 3493 1359 3592 traduci,

177 3638 216 3712 et
241 3629 417 3738 juridice
450 3630 613 3738 probari
648 3639 795 3738 potest.
839 3631 956 3712 Unde
997 3631 1031 3711 si
1072 3627 1192 3736 signa
1231 3627 1357 3736 hujus

178 3763 522 3846 manifestationis
552 3771 663 3845 certa
693 3763 862 3845 omnino
883 3765 982 3864 sint,
1006 3771 1045 3844 et
1073 3760 1255 3860 indubia,
1283 3759 1362 3842 ho-

180 3898 334 3980 minem
376 3898 626 3980 haereticum
670 3899 948 4000 demostraut3
992 3898 1026 3977 si
1063 3921 1160 3978 vero
1195 3903 1355 3977 tantum

180 4032 421 4141 probabilia,
449 4041 489 4114 et
509 4031 819 4140 praesumptiva
839 4041 937 4114 sunt
959 4029 1197 4138 hujusmodi
1219 4028 1354 4134 signa,

178 4173 277 4248 tuno
309 4167 517 4248 hominem
541 4169 590 4248 de
612 4167 770 4247 haeresi
803 4173 1045 4274 suspectum
1075 4163 1265 4245 reddunt.

269 4301 382 4384 Haec
413 4327 508 4382 vero
540 4301 723 4409 suspicio
744 4301 794 4380 de
816 4299 974 4380 haeresi
1006 4297 1151 4406 triplex
1172 4323 1263 4380 esse
1286 4323 1362 4403 po-

181 4439 274 4534 test,
310 4461 456 4544 nempe
489 4435 550 4517 vel
585 4436 697 4527 leuis,
724 4433 1030 4524 volveremus,
1065 4433 1129 4514 vel
1161 4431 1352 4514 uiolenta.
