3178 5134
404 444 513 496 oraru
534 444 581 492 rv.
606 462 625 476 -
649 445 786 495 rrruous
808 443 890 494 xvu.
1166 431 1231 496 275

92 569 240 678 legitimi
272 571 546 652 nascebantur
576 597 627 651 ex
653 571 778 680 justis
807 571 976 680 nuptiis,
1010 572 1128 665 Quod
1154 598 1227 680 pa-

90 707 170 786 riter
187 734 237 786 er
259 731 308 787 eo
329 705 553 804 eveniebat,
579 706 676 814 quia
695 706 972 813 legitimorum
988 705 1083 813 jura
1102 733 1226 815 quam

90 839 246 945 plurima
275 846 391 919 erant
420 837 462 917 in
491 839 684 919 societate
714 838 822 920 civili
854 865 950 946 prae
987 839 1223 946 illegitimis

91 971 227 1052 Verum
267 970 387 1052 hodie
428 997 493 1051 res
533 972 700 1052 omnino
739 973 956 1054 immutata
994 980 1056 1053 ost
1093 971 1226 1081 q'uoad

91 1105 285 1186 societates
315 1103 469 1185 civiles
502 1105 705 1213 Imprimis
735 1105 844 1185 enim
874 1105 975 1187 haec
999 1107 1094 1213 jura
1128 1107 1227 1213 legi-

92 1237 263 1317 timorum
295 1235 337 1315 in
367 1235 512 1316 iisdem
550 1236 815 1319 societatibus
854 1237 971 1318 valde
1011 1238 1228 1320 imminuta
1268 1289 1275 1302 ·

91 1381 183 1469 sunt,
215 1369 250 1449 si
274 1368 375 1451 sorte
396 1369 577 1478 excipias
596 1371 878 1451 successiones
899 1369 1125 1453 intestatas
1150 1372 1231 1453 De-

92 1502 166 1584 inde
194 1503 383 1584 Potestas
412 1504 542 1584 civilis
572 1503 679 1584 siout
709 1531 753 1584 se
783 1504 1036 1611 recognoscit
1074 1506 1230 1587 solum-

92 1637 193 1718 modo
223 1645 518 1746 competentem
549 1639 600 1718 ad
629 1637 741 1746 leges
771 1637 958 1720 ferendas
987 1665 1060 1746 pro
1091 1642 1231 1722 matri-

91 1772 234 1872 moniiS,
267 1771 437 1852 exclusa
466 1771 631 1852 omnino
661 1771 867 1852 Ecclesiae
893 1772 1146 1873 auctoritate,
1171 1775 1230 1855 sie

93 1903 221 2008 pariter
251 1903 341 2011 ipsa
371 1903 579 1984 exclusive
605 1903 789 2010 judicare
818 1905 1043 2011 praetendit
1073 1907 1122 1986 de
1143 1933 1231 1987 ma·

93 2035 357 2116 trimooiorum
387 2035 592 2117 validitate
622 2043 661 2117 et
692 2036 741 2116 de
761 2035 1014 2142 legitimitate
1034 2037 1226 2119 filiorum.

96 2165 194 2248 Unde
223 2167 333 2249 venit
370 2168 479 2275 quod
519 2169 560 2248 in
600 2167 788 2249 civilibus
827 2169 965 2277 plures
1004 2169 1232 2252 habeantur

94 2298 151 2377 lilii
177 2301 343 2408 legitimi
373 2301 443 2408 qui
472 2302 699 2383 secundum
739 2301 957 2382 canonicas
996 2301 1228 2384 sanctiones

98 2433 182 2514 tales
210 2461 292 2514 non
322 2444 435 2538 sunt3
458 2444 497 2516 et
518 2436 727 2517 vioeversa
752 2435 890 2543 plures
910 2435 1138 2518 habeantur
1158 2465 1230 2544 pro

99 2563 315 2673 legitimis,
339 2570 408 2676 qui
433 2569 555 2675 juxta
575 2567 782 2649 Ecclesiae
811 2568 1107 2674 legislationem
1136 2579 1232 2652 sunt

100 2701 167 2778 nati
183 2728 231 2780 ex
245 2701 371 2808 justis
392 2702 559 2808 nuptiis.
580 2701 642 2782 Ex
656 2700 733 2782 hoe
749 2701 911 2782 advenit
926 2703 1032 2810 quod
1049 2703 1233 2785 Ecclesia

100 2829 137 2908 de
154 2831 399 2941 legitimitate
420 2834 544 2941 prolis
560 2835 717 2942 judicat
737 2835 964 2915 secundum
984 2863 1083 2916 suas
1104 2837 1229 2942 leges

101 2961 196 3069 eique
224 2966 374 3048 insistit
398 2969 531 3075 quoad
557 2967 652 3074 jura
681 2965 887 3048 societatis
918 2967 1227 3067 ecclesiasticae,

103 3115 210 3200 oeque
238 3126 315 3179 suo
345 3099 505 3179 muneri
536 3099 682 3198 deficit,
708 3099 744 3179 si
774 3105 953 3206 potestas
983 3100 1114 3180 civilis
1145 3101 1233 3207 ejus

102 3222 231 3326 judicia
259 3232 373 3340 parvi
402 3233 584 3341 pendens
614 3233 656 3312 in
686 3232 763 3313 hae
791 3259 835 3312 re
860 3233 967 3314 sicut
986 3233 1027 3313 iu
1047 3234 1233 3341 pluribus

107 3357 179 3442 aliis
206 3365 410 3447 diversum
440 3367 523 3448 imo
554 3365 788 3476 oppositum
818 3364 895 3446 iter
923 3365 1111 3448 instituit.
