3178 5134
459 409 567 461 cisun
590 410 635 460 uu.
660 427 681 444 ·
703 410 842 463 unuuuus
864 410 936 464 unu.
1221 399 1283 462 195

135 563 247 645 neque
262 537 395 646 quoad
416 535 596 636 thorum,
617 536 733 644 cique
754 537 937 618 debitum
960 537 1174 645 conjugale
1195 565 1276 620 non

135 681 284 778 negaret
312 671 494 752 referens
529 671 764 778 <quoniam
793 670 947 752 nemini
978 671 1071 752 licet
1107 680 1280 781 excepta

22 861 23 864 κ
134 832 241 888 causa
270 805 551 888 fornicationis
583 832 754 887 uxorem
781 804 1041 886 dimittere.»
1078 805 1194 898 Quae
1215 815 1278 886 ta-

22 943 23 946 ‘
131 964 207 1020 man
226 939 363 1047 potius
383 939 573 1020 uidentur
593 964 684 1018 esse
706 937 1012 1019 adhortationes
1033 963 1158 1045 quam
1178 964 1278 1020 uera

130 1079 326 1179 praecepta
355 1069 610 1177 respiciendo
642 1071 694 1150 ad
725 1069 936 1178 probabile
961 1069 1191 1177 periculum
1212 1071 1275 1150 in-

134 1203 297 1285 iectionis
327 1203 391 1284 vel
428 1204 478 1284 ad
518 1203 730 1285 horrorem
770 1202 902 1310 ipsius
942 1203 1088 1283 morbi.
1125 1203 1278 1284 Conse-

132 1339 278 1444 quentia
308 1343 446 1418 autem
478 1339 624 1448 capitis
650 1341 667 1416 1
694 1337 734 1416 b.
771 1345 799 1416 t.
835 1336 874 1416 id
906 1337 1202 1438 demonstrant,
1236 1346 1277 1420 et

133 1470 236 1552 simul
266 1471 375 1579 quod
406 1470 448 1550 in
480 1495 580 1552 casu
612 1469 791 1552 districte
813 1469 1075 1578 praecipitur,
1099 1498 1277 1581 namque

133 1605 315 1686 subditur.
355 1605 439 1686 «Si
470 1630 567 1685 vero
598 1605 648 1685 ad
679 1604 757 1686 hoc
786 1603 923 1686 induci
955 1631 1037 1685 non
1067 1611 1274 1712 potarunt,

135 1737 181 1816 eis
193 1736 342 1820 arctius
363 1738 572 1846 injungas,
598 1747 644 1819 ut
664 1747 835 1846 uterque
857 1737 984 1820 altero
999 1737 1160 1820 vivente
1181 1765 1278 1819 eon·

138 1865 324 1952 tinentiam
347 1879 496 1970 servet,
520 1871 628 1978 quod
651 1871 685 1950 si
708 1873 951 1951 mandatum
971 1879 1090 1952 tuum
1111 1897 1276 1952 servare

135 2001 444 2110 contempserint,
464 2001 628 2082 vinculo
645 2002 1080 2084 excommunicationis
1101 2003 1278 2084 adstrin-
1298 2081 1300 2088 .

134 2158 245 2236 gas.»
279 2135 398 2217 Unde
428 2145 539 2242 patet
578 2161 743 2217 manere
774 2136 986 2216 vinculum
1025 2135 1275 2216 matrimonii

134 2268 385 2350 consummati
432 2269 556 2350 etiam
602 2270 911 2378 superueniente
959 2270 1072 2377 lepra
1117 2269 1277 2378 alioque

133 2403 256 2482 morbo
285 2403 514 2501 incurabili,
553 2410 673 2510 atque
704 2403 956 2510 contagioso.
1110 2403 1113 2450 9

231 2539 288 2616 3.⁰
326 2537 470 2628 Quoad
512 2536 820 2617 matrimonium
861 2545 997 2618 ratum
1033 2563 1154 2636 vero,
1198 2536 1273 2617 etsi

134 2669 345 2750 communis
367 2670 552 2751 doctrina
571 2670 796 2761 Doctorum
818 2671 920 2752 serat
940 2697 1011 2778 per
1030 2671 1186 2777 lepram
1207 2679 1279 2751 aut

133 2799 240 2882 alium
271 2803 462 2884 morbum
483 2829 565 2884 non
591 2803 775 2903 dissolvi,
799 2811 938 2885 tamen
961 2803 1036 2882 visi
1067 2811 1164 2884 sunt
1190 2803 1277 2910 jam

134 2933 366 3044 abantiquo
396 2937 559 3018 obstare
590 2939 671 3018 duo
698 2938 804 3044 juris
835 2945 988 3039 tentuS,
1021 2963 1167 3044 nempe
1198 2939 1280 3018 Ur-

133 3066 210 3148 bani
234 3071 283 3152 111
313 3078 353 3152 et
383 3071 568 3179 Gregorii
590 3073 636 3152 ΙΙ.
672 3071 839 3152 Primus
870 3079 1008 3152 tamen
1039 3070 1197 3152 Urbani
1227 3069 1298 3150 ΙΙΙ.

132 3199 266 3283 relatus
304 3202 347 3282 in
379 3229 468 3312 cop.
510 3204 583 3284 ult.
620 3205 659 3283 b.
696 3212 724 3284 t.
759 3203 867 3284 sicut
906 3202 1116 3310 expositus
1157 3209 1219 3282 est
1255 3230 1280 3282 a

132 3330 170 3413 B.
199 3335 445 3444 Raymundo
480 3315 658 3444 amplius
689 3363 771 3418 non
802 3337 952 3438 obstat,
986 3363 1081 3418 cum
1118 3339 1169 3418 ad
1200 3337 1277 3417 tol-

132 3463 275 3550 lendam
297 3470 578 3552 difficultatem
599 3471 770 3579 ejusque
792 3468 1070 3550 authenticam
1101 3469 1278 3552 dandam

132 3598 486 3712 interpretationem
518 3606 657 3686 addita
686 3605 769 3685 sint
799 3604 842 3684 in
866 3604 1002 3712 specie
1031 3604 1157 3684 verba
1191 3605 1282 3686 «dc

123 3725 294 3839 ,sutum
331 3747 376 3821 ut
406 3740 529 3822 refert
569 3739 771 3821 Gonzalez
803 3739 845 3819 in
887 3738 1141 3846 expositione
1182 3739 1277 3822 dicti

131 3870 258 3976 capitis
278 3874 321 3953 in
343 3881 440 3954 noto
462 3873 551 3978 (b),
582 3873 683 3954 alter
714 3880 851 3952 autem
883 3879 1019 3952 textus
1040 3870 1225 3980 Gregorii
1247 3871 1280 3948 ΙΙ

22 4069 23 4072 .
129 4000 285 4086 refertur
307 4031 332 4086 a
353 4006 549 4088 Gratiano
580 4005 621 4084 in
652 4005 825 4085 Decreta
848 4030 974 4084 caasa
997 4005 1050 4083 32
1072 4010 1225 4111 quaest.
1252 4002 1277 4080 7

129 4161 204 4217 curn.
241 4142 308 4240 18,
343 4146 384 4220 et
414 4147 476 4220 est
506 4136 711 4245 genuinus
742 4136 927 4244 Gregorii
959 4137 993 4247 Ii
1022 4137 1064 4218 in
1094 4135 1281 4244 Epistola

22 4253 23 4272 ³
128 4267 170 4348 ad
198 4269 469 4372 Bonisaoium,
503 4278 625 4378 prout
654 4277 792 4351 censet
823 4269 993 4351 Berardi
1016 4271 1057 4350 in
1081 4269 1280 4353 Gratiani

22 4461 24 4514 3
131 4399 301 4486 Conones
341 4408 506 4515 genuini
535 4405 585 4484 ob
617 4404 865 4514 apocryphis
901 4405 1066 4486 disereti
1100 4409 1216 4514 port.
1251 4403 1278 4479 2
