3386 5126
308 334 376 402 174
606 349 875 398 scemurense
898 347 989 396 ruam
1012 347 1170 394 canonia

309 479 449 589 quitur
479 484 617 560 autern
648 479 697 558 de
737 473 907 556 ludaeis
947 479 1125 574 tanturn,
1165 477 1205 552 et
1244 467 1485 572 SaraceniS,

309 615 407 722 quia
428 597 609 720 tenrpore
630 607 907 692 Decretalium
930 608 982 687 ab
1002 606 1093 688 istis
1115 606 1335 688 dumtaxat
1356 629 1486 713 prae-

309 745 436 829 videri
458 753 644 853 poterant
674 743 785 824 mala
823 741 864 821 in
895 740 1097 822 Ecclesia.

393 879 553 960 Verum
591 887 638 960 ut
678 903 744 975 ea,
791 899 896 983 quae
936 899 1032 955 mox
1067 871 1215 981 raptim
1247 870 1484 969 innuimus

307 1013 443 1118 magis
483 1011 607 1111 clare,
641 1019 680 1093 et
721 1011 801 1092 late
841 1015 1021 1117 pateant,
1055 1031 1227 1106 vanum,
1260 1012 1300 1086 et
1328 1030 1488 1112 super-

306 1131 440 1228 fluum
470 1145 582 1227 haud
613 1144 855 1254 putavimus
890 1141 1094 1224 distinctis
1135 1137 1406 1248 paragraphis
1435 1137 1488 1218 de

307 1279 492 1382 Judaeis,
526 1286 566 1361 et
595 1277 813 1361 Saracenis
855 1273 1161 1384 aliquantulum
1182 1271 1398 1356 disserere.
1423 1269 1490 1394 Sit

308 1414 446 1523 itaque

838 1817 961 1918 §1st

754 2083 819 2164 De
847 2080 1037 2165 Judaeis.

395 2353 571 2461 Expulsi
601 2352 747 2433 Judaei
780 2353 832 2432 ab
863 2349 1059 2432 omnibus
1081 2348 1165 2430 fere
1186 2346 1324 2454 regnis
1345 2344 1486 2428 catho-

307 2484 413 2586 licis,
447 2483 603 2566 scilicet
631 2483 851 2591 Hispania,
885 2482 1045 2589 Belgio,
1080 2489 1119 2562 et
1149 2479 1283 2561 Gallia
1323 2481 1376 2562 ob
1407 2480 1485 2560 irn-

307 2619 519 2728 pietatem,
534 2616 762 2726 perfidiam,
778 2623 900 2724 atque
911 2590 1151 2715 horrendae,
1166 2613 1479 2716 abominandas,

307 2761 347 2833 et
377 2753 595 2834 continuas
627 2747 932 2856 blasphaemias
962 2750 1149 2858 ipsorum
1181 2749 1224 2828 in
1251 2747 1480 2846 Christum,

305 2883 477 2990 eiusque
509 2881 763 2988 religionem,
789 2908 865 2964 nec
900 2910 980 2963 non
1001 2884 1054 2963 ob
1076 2881 1289 2974 invidiam,
1317 2880 1480 2989 injusti·

305 3015 400 3117 tiae,
436 3023 476 3097 et
517 3041 667 3097 usuras
706 3041 851 3098 eorum
882 3016 924 3095 in
955 3015 1210 3097 Christianos
1240 3041 1313 3123 per
1342 3022 1475 3096 toturn

306 3151 390 3231 fere
406 3150 548 3231 orbern
565 3149 654 3230 sine
670 3149 759 3257 lege
776 3151 1049 3257 vagabantur.
1070 3150 1161 3230 Hoc
1182 3150 1223 3229 in
1245 3148 1483 3231 discrimine

305 3281 521 3366 Romanae
538 3283 657 3365 Sedis
674 3283 997 3365 misericordiam
1014 3285 1273 3384 invocarunt,
1293 3289 1333 3363 et
1352 3283 1485 3389 pietas

174 3491 176 3498 .
305 3415 515 3499 Ecclesiae
537 3445 608 3499 eos
628 3417 797 3526 recepit,
822 3425 862 3498 et
883 3417 1060 3524 benigne
1081 3416 1284 3518 tractavit,
1309 3419 1364 3496 l.⁰
1382 3413 1486 3522 quia

304 3549 411 3628 ritus
452 3550 606 3654 judaici
653 3551 933 3658 evangelicam
979 3551 1192 3633 veritatem
1234 3550 1488 3631 adumbrant

303 3682 367 3762 2.⁰
397 3681 494 3788 quia
534 3709 635 3789 gens
670 3683 853 3790 judaica,
898 3711 1003 3792 quae
1041 3685 1319 3766 inconstanter
1359 3707 1481 3764 suam

303 3813 558 3922 progeniem,
591 3823 631 3897 et
660 3815 900 3898 traditiones
931 3843 1031 3898 suas
1062 3844 1088 3897 a
1117 3817 1280 3925 Moyse,
1314 3823 1355 3897 et
1389 3816 1478 3896 Pa-

300 3945 491 4029 triarchis
524 3939 703 4048 'derivat
737 3949 1019 4031 testimonium
1062 3950 1280 4033 assiduum
1313 3947 1486 4056 praebet

302 4107 444 4166 sacrae
476 4084 729 4192 Scripturae,
764 4109 815 4164 ne
846 4085 898 4164 ab
929 4083 1075 4166 Atheis
1102 4084 1346 4190 hominibus
1376 4091 1484 4165 lam·

302 4240 428 4322 quam
457 4215 700 4321 figmentum
733 4217 894 4298 noviter
915 4217 1194 4325 excogitatum
1216 4219 1479 4326 explodatur,

302 4372 432 4453 eaque
472 4347 522 4426 de
563 4374 690 4430 causa
732 4350 853 4457 plane
888 4351 1083 4432 credibile
1113 4360 1192 4452 est,
1225 4353 1335 4461 quod
1367 4350 1482 4432 Deus
