3136 5138
1544 101 1545 172 l

1544 173 1545 220 l

325 421 332 434 ·
365 400 427 465 168
650 407 943 466 ranunucnonns
966 415 1060 466 runis
1083 412 1253 466 canorum

374 577 392 619 »
413 549 453 625 et
474 541 552 651 ipsi
568 567 651 622 non
672 540 775 620 alios
795 540 874 620 sibi
896 567 1158 623 successores
1179 543 1384 622 adscivere
1403 569 1509 650 quem

373 677 481 785 iqui
502 673 779 782 virginitatem
809 675 1034 757 coluissent
1064 684 1137 757 aut
1167 676 1401 758 inviolatam
1428 705 1510 759 con·
1544 751 1545 796 ᾗ

372 809 624 892 »tinentiam
655 808 956 917 profiterentur.
991 809 1069 891 Hic
1106 835 1188 890 non
1229 811 1508 892 immorandum

372 945 506 1053 »quid
536 943 831 1052 Apostolorum
862 943 1051 1052 exemplo
1082 970 1130 1025 ac
1159 943 1357 1026 institutis
1386 945 1510 1026 edocta

370 1077 538 1186 »egerit
568 1103 616 1156 ac
650 1074 834 1156 docuerit
863 1074 1053 1157 Romana
1084 1077 1267 1158 Ecclesia
1304 1085 1509 1159 ceterarum

370 1213 543 1290 »Mater
563 1236 611 1289 ac
631 1208 847 1314 Magistra,
871 1209 1021 1317 quippe
1052 1235 1157 1316 quae
1184 1237 1395 1317 nunquam
1414 1209 1508 1288 illam

369 1344 632 1426 »servandae
662 1343 862 1425 castitatis
882 1342 1174 1450 obligationem
1201 1345 1430 1446 intermisit,
1452 1369 1510 1452 per

369 1486 535 1560 »totam
561 1476 855 1559 occidentalem
881 1475 1109 1557 Ecclesiam
1139 1477 1361 1561 salubriter
1381 1503 1508 1586 propa·

367 1613 530 1719 »gavit
565 1638 613 1692 ac
642 1611 808 1691 tandem
839 1609 1064 1692 inviolabili
1095 1611 1184 1718 lege
1219 1612 1408 1694 sancivit.
1441 1611 1507 1692 Sed
1544 1673 1545 1764 Ν

367 1782 384 1824 »
406 1757 447 1829 et
467 1746 575 1855 apud
597 1744 815 1827 orientales
842 1745 1067 1827 coelibatus
1088 1755 1160 1827 aut
1181 1747 1429 1828 continentia
1447 1744 1511 1825 cle·

367 1881 599 1980 micorum,
623 1880 1041 1987 praeterquamquod
1063 1879 1244 1960 maximo
1267 1880 1348 1963 luit
1367 1905 1511 1986 semper
1544 1901 1545 1964 l

366 2013 446 2095 »in
477 2013 645 2113 honore,
677 2011 967 2120 antiquissimo
998 2012 1050 2092 ab
1081 2040 1213 2122 usque
1253 2021 1448 2124 tempore,
1478 2012 1510 2090 in

366 2147 599 2228 »Ecclesiis
630 2144 870 2254 praesertim
899 2145 969 2226 nbi
991 2145 1208 2255 disciplina
1228 2147 1510 2256 Episcoporum

366 2315 383 2355 »
405 2281 622 2362 sedulitate
643 2281 828 2380 florebat,
852 2279 1041 2387 religiose
1067 2281 1326 2364 servabatur.
1351 2279 1513 2390 Epipha-

365 2451 383 2492 »
404 2417 500 2497 nius
516 2415 733 2524 siquidem,
755 2413 818 2494 vir
837 2415 1052 2496 sanctitate
1069 2443 1116 2497 ac
1132 2415 1320 2497 doctrina
1336 2413 1511 2522 insignis

364 2551 553 2660 »quique
584 2549 805 2632 Orientalis
834 2549 1043 2630 Ecclesiae
1084 2549 1343 2659 disciplinam
1376 2550 1512 2658 optime

362 2717 380 2760 »
402 2693 535 2786 norat,
561 2683 602 2763 in
623 2681 873 2791 expositione
893 2681 1117 2763 catholicae
1138 2682 1232 2763 fidei
1254 2683 1314 2789 (a.
1332 2686 1406 2792 21)
1428 2709 1512 2764 con·

365 2851 383 2894 >
404 2817 533 2926 ceptis
550 2815 684 2897 verbis
701 2816 878 2896 affirmat
903 2847 921 2890 <
942 2815 1227 2897 Sacerdotium
1249 2843 1300 2896 ex
1318 2816 1514 2924 virginum

362 2949 541 3033 »ordine
571 2949 791 3058 praecipue
821 2956 1022 3048 constare,
1058 2957 1131 3030 aut
1159 2949 1195 3030 si
1226 2951 1440 3032 minus...
1471 2973 1514 3028 ex

361 3119 379 3161 »
400 3083 464 3166 his
485 3083 554 3192 qui
577 3111 602 3164 a
621 3083 711 3163 suis
732 3081 935 3162 uxoribus
956 3081 1178 3182 continent,
1203 3091 1274 3164 aut
1294 3084 1515 3164 secundum

360 3251 379 3292 »
400 3243 506 3299 unas
533 3215 700 3325 nuptias
721 3214 764 3294 in
785 3213 983 3296 viduitate
1004 3223 1235 3296 versantur.
1261 3247 1279 3292 »
1315 3212 1514 3322 Principio

360 3385 377 3425 »
398 3349 564 3451 etenim,
589 3357 711 3459 prout
735 3347 917 3455 loquitur
937 3347 1217 3456 Hieronymus
1251 3379 1269 3422 ‹
1291 3349 1393 3456 quia
1412 3347 1517 3429 rudis

359 3509 451 3564 »ex
476 3483 669 3588 gentibus
699 3480 1026 3564 constituebatur
1045 3481 1270 3562 Ecclesia»
1305 3484 1360 3564 ad
1382 3483 1517 3564 Sacer-

360 3615 557 3696 »dotium
587 3615 713 3722 aliqui
743 3615 868 3696 etiam
899 3614 1219 3696 assumebantur
1240 3615 1309 3723 qui
1326 3615 1418 3723 jam
1439 3642 1519 3696 ma-

358 3782 376 3822 »
397 3747 589 3832 trimonio
610 3747 743 3856 juncti
766 3748 941 3851 lucrant,
965 3749 1037 3830 sed
1058 3749 1123 3830 vel
1144 3749 1186 3828 in
1207 3748 1408 3832 viduitate
1429 3776 1519 3832 con-

360 3883 572 3964 »tinentes
592 3881 656 3964 vel
678 3883 805 3964 vitam
826 3883 883 3964 ita
903 3883 1107 3991 degebant
1127 3883 1244 3991 quasi
1267 3910 1423 3965 uxores
1444 3907 1518 3964 non

358 4017 608 4100 »haberent
643 4018 762 4101 Unde
792 4017 900 4099 idem
930 4017 1188 4126 Epiphanius
1220 4019 1414 4126 (haeresi
1446 4017 1517 4120 59)

359 4151 547 4234 »diserte
565 4152 715 4234 latetur
730 4151 1078 4261 quemadmodum
1105 4153 1291 4234 «Sancta
1306 4151 1385 4233 Dei
1407 4177 1520 4262 prae·

605 4247 612 4261 1

357 4281 545 4365 »dicatio
576 4283 619 4365 in
649 4284 898 4386 Diaconum,
926 4283 1241 4393 Presbyterum,
1265 4283 1518 4394 Episcopum

354 4449 375 4492 a
396 4425 436 4498 et
475 4418 817 4529 Hypodiaconum
861 4445 944 4501 non
989 4419 1163 4528 suscipit
1209 4418 1331 4501 unius
1380 4416 1520 4500 uxoris
