3388 5136
565 416 665 462 meua
687 416 717 462 v.
744 435 786 448 -
809 419 948 466 urrunsa
971 421 993 464 1.
1322 399 1365 466 91

189 543 334 628 subiit.
358 543 466 622 Hinc
488 548 599 648 patet
613 543 909 650 suspensiones
925 542 1163 650 hujusmodi
1180 568 1262 622 non
1279 568 1368 623 ces·
1438 634 1441 644 Ι

143 709 146 714 ·
190 705 283 760 sere
314 683 446 758 morte
470 674 679 782 Episcopi,
704 677 774 783 qui
806 703 877 757 eas
899 677 1006 776 tulit,
1030 677 1153 758 modo
1175 703 1256 757 non
1279 675 1368 757 iue-

192 813 275 892 rint
303 811 412 891 Ietae
442 809 493 889 ad
520 808 736 890 arbitrium
758 819 963 911 nostrum,
987 817 1086 891 tunc
1106 809 1215 890 enim
1236 818 1368 892 morte

104 1005 107 1010 ·
191 944 383 1055 Episcopi
407 968 569 1024 cessare
601 942 821 1024 indubium
852 952 928 1044 est,
965 945 1062 1052 quia
1082 951 1213 1025 morte
1234 953 1369 1058 cessat

191 1079 425 1179 arbitrium,
459 1076 519 1156 uti
551 1077 746 1158 vidImus

278 1212 404 1292 Hisce
434 1209 608 1317 expletis
629 1210 752 1290 finem
776 1211 1027 1319 imponimus
1048 1219 1210 1292 utentes
1231 1210 1369 1292 verbis

191 1345 348 1426 Giraldi
379 1345 581 1455 eoepesitio
592 1345 709 1450 juris
730 1345 953 1451 Pontificii
975 1371 1095 1455 pars.
1134 1349 1180 1445 2,
1221 1370 1365 1426 summ.

195 1481 367 1560 Constet.
402 1479 628 1590 Apostolie.
665 1479 710 1558 in
739 1481 844 1559 notis
866 1479 1062 1572 ‚suenonis
1096 1483 1154 1559 13
1188 1479 1229 1558 ἰη
1259 1479 1364 1584 fine.

189 1613 318 1692 -ibr‘
332 1644 427 1685 -«
451 1612 570 1692 Circa
585 1639 710 1692 usum
734 1611 859 1718 hujus
883 1611 1088 1693 facultatis
1109 1611 1371 1691 meminerint

199 1779 217 1822 »
239 1747 449 1854 Episcopi,
484 1745 633 1852 aliique
654 1745 831 1827 Praelati
855 1747 1051 1827 salutaris
1072 1746 1184 1828 illins
1207 1745 1367 1844 moniti,

199 1911 217 1954 >
241 1877 344 1986 ipsis
374 1884 544 1986 paterno
574 1877 785 1960 charitatis
816 1881 964 1961 affectu
996 1878 1371 1961 aTridentinIPa-

197 2012 370 2093 »tribus
404 2039 476 2118 pro
507 2038 681 2092 suorum
712 2013 973 2094 subditorum
1011 2013 1308 2112 aedificatione,
1333 2019 1372 2092 et

197 2145 370 2226 »salute
412 2144 702 2242 commendati,
738 2147 848 2251 qued
890 2154 1111 2253 antequam
1148 2147 1372 2253 procedant

198 2280 288 2359 »ad
310 2277 552 2358 eorumdem
574 2277 836 2356 subditorum
857 2280 1151 2359 correctionem
1177 2304 1227 2358 ex
1247 2277 1373 2358 infor·
1407 2343 1412 2350 .

198 2443 217 2485 »
238 2419 350 2491 mate
369 2409 635 2509 conscientia,
660 2410 828 2489 omnino
846 2411 981 2516 legere
1003 2413 1152 2492 debent
1173 2407 1373 2519 disposita

198 2543 279 2626 »in
311 2543 413 2652 Cep.
453 2547 491 2644 I,
525 2569 630 2623 sess
665 2542 772 2642 XIII,
806 2543 855 2624 de
887 2542 1053 2624 reform.
1075 2575 1112 2624 ›.

282 2677 364 2757 Sed
394 2677 611 2758 redeamus
644 2674 752 2755 unde
783 2673 1066 2756 discessimus

619 3075 858 3158 TITULUS
889 3074 938 3156 II.

532 3335 598 3414 De
633 3332 1033 3414 Calumniator-ibus.

252 3589 349 3694 Egit
363 3589 412 3669 B.
429 3587 705 3695 Raymundus
722 3588 978 3696 praecedenti
995 3586 1115 3669 titulo
1131 3589 1182 3692 de
1203 3611 1376 3668 accusa-

194 3723 353 3804 toribus
368 3731 408 3803 et
424 3721 702 3803 Delateribns.
723 3723 780 3804 At
796 3748 891 3803 cum
909 3721 976 3802 isti
1000 3729 1089 3803 tum
1121 3721 1355 3804 accusando
1361 3785 1372 3823 ,
1440 3831 1442 3836 Ι

197 3866 288 3940 turn
325 3857 612 3939 denunciando
644 3857 890 3964 quandoque
921 3855 1166 3938 calumniari
1197 3855 1373 3964 possint,

196 3989 291 4070 hinc
321 3989 469 4071 meriIo
501 3987 612 4070 hunc
642 3988 810 4070 titulum
840 3987 1071 4095 subjungit.
1107 3988 1168 4067 De
1198 3987 1288 4095 ipso
1315 3997 1376 4068 ta-

195 4143 290 4201 men
321 4120 519 4203 historico
540 4123 758 4204 dumtaxat
778 4120 899 4201 modo
920 4119 1041 4201 hodie
1069 4120 1304 4228 loquemur,
1328 4146 1376 4202 eo

194 4255 305 4360 quod
335 4262 426 4338 tum
457 4255 681 4358 accusatie,
706 4261 795 4336 turn
826 4251 1087 4336 denunciatio
1119 4253 1171 4335 ab
1203 4281 1283 4337 usu
1311 4281 1378 4336 re-

192 4387 369 4470 cessisse
400 4389 605 4472 videntur.
