3360 5126
329 375 332 380 ·
493 431 494 436 ἵ
534 379 637 426 nmnn
658 380 691 426 v.
717 397 758 407 —-
784 379 924 428 nunnus
946 380 1038 427 xxva
1324 357 1390 422 303

211 502 426 612 dignitatis
447 503 585 610 Papae
602 505 827 610 protulerat
842 531 980 585 coram
999 503 1092 584 aliis
1109 501 1284 584 clericis,
1305 501 1393 582 Ro-

208 663 364 720 manus
385 635 578 716 Pontifex
600 635 788 718 Clemens
809 639 858 717 lll
878 638 1108 738 mandavit,
1141 644 1188 718 ut
1217 636 1392 718 clericus

212 772 281 852 ille
312 797 500 853 severam
531 771 771 852 temeritatis
808 797 909 852 suae
946 796 1122 878 poenam
1149 777 1391 876 reportaret,

215 905 337 1013 idque
360 913 405 986 ut
434 932 568 1013 poena
598 903 709 986 illius
740 904 833 986 aliis
863 913 1062 986 terrorem
1095 903 1310 1000 incuteret,
1342 929 1394 982 ne

218 1039 489 1148 imposterum
521 1047 663 1119 contra
702 1036 937 1119 Romanam
969 1037 1199 1118 Ecclesiam
1242 1035 1395 1115 similia

218 1173 344 1253 verba
384 1173 606 1282 proferrct3
635 1173 746 1254 haud
773 1182 910 1254 tamen
942 1181 1098 1255 certam
1127 1171 1256 1281 ullam
1288 1197 1390 1279 poe-

214 1333 314 1389 nam
359 1308 605 1414 designavit.
655 1307 719 1388 Ex
766 1335 847 1416 quo
898 1315 1080 1417 arguunt
1124 1307 1215 1385 DD.
1266 1331 1390 1405 eum,
1437 1325 1439 1332 ’

204 1442 281 1548 qui
313 1449 456 1523 contra
487 1443 710 1524 Summum
741 1443 1000 1544 Pontificem,
1039 1441 1310 1549 Episcopum,
1344 1466 1392 1520 ac

213 1575 452 1658 Praelatum
484 1578 733 1684 regularem,
767 1605 842 1660 nec
877 1604 958 1658 non
989 1575 1224 1684 Principem
1256 1573 1390 1654 male-

211 1711 320 1792 dicta
340 1711 557 1819 proferret,
582 1713 841 1820 dignitatem,
861 1740 944 1821 qua
960 1737 1138 1821 persona
1157 1710 1302 1816 fulget,
1322 1707 1390 1788 of-

211 1845 395 1948 fendenS,
430 1847 650 1928 arbitraria
680 1874 816 1955 poena
840 1849 961 1956 juxta
990 1848 1230 1957 qualitatem
1256 1843 1391 1925 delicti

202 2006 301 2061 esse
332 1981 607 2088 plectendum.
633 1982 792 2064 Verum
822 1983 858 2063 si
881 1984 1033 2091 injuria
1063 1981 1295 2064 afficeretur
1324 2004 1393 2058 sc-

210 2113 423 2194 lummodo
471 2143 672 2221 persona,
719 2117 798 2198 hoc
842 2118 885 2196 in
930 2141 1032 2197 casu
1077 2115 1213 2219 magis
1258 2139 1389 2218 expe-

212 2247 330 2345 diret,
371 2255 418 2328 ut
457 2246 697 2354 hujusmodi
740 2249 892 2356 injuria
928 2249 1203 2329 remitteretur
1239 2244 1391 2333 Christi

212 2381 575 2462 mansuetudinem
607 2381 805 2463 imitando
842 2383 893 2463 ad
924 2381 1132 2463 tramitem
1169 2381 1273 2462 Can.
1307 2383 1387 2471 27,

209 2541 245 2595 c.
266 2519 311 2608 3,
332 2545 371 2624 q.
393 2519 437 2596 4.
786 2513 789 2518 ’

265 2649 449 2757 Antiquo
466 2649 560 2756 jure
581 2648 805 2748 Canoni00‚
829 2650 865 2730 si
887 2649 1062 2732 clericus
1083 2648 1267 2758 privatae
1298 2673 1391 2755 pcr-

215 2807 341 2862 sonae
380 2783 689 2884 maledixisset,
730 2784 905 2865 debebat
947 2785 1109 2865 veniam
1150 2782 1388 2891 postulare,

209 2943 331 2996 secus
363 2917 566 3024 usquead
588 2915 912 2997 satisfactionem
944 2917 1292 3024 suspendebatur,
1316 2942 1392 2996 ceu

209 3050 336 3130 tradit
371 3051 478 3130 Con.
509 3053 554 3150 5,
587 3049 685 3132 dist.
720 3055 765 3130 6.
803 3049 961 3129 Verum
991 3049 1229 3155 hujusmodi
1262 3074 1394 3155 poena

209 3181 253 3261 in
285 3183 600 3264 desuetudinem
631 3182 803 3283 sensim,
837 3191 877 3263 et
907 3183 997 3263 sine
1030 3209 1156 3264 sensu
1194 3181 1295 3263 abiit
1324 3208 1392 3261 ve-

208 3314 418 3396 nientibus
450 3315 585 3413 anniS,
620 3323 660 3396 et
690 3315 782 3422 ejus
802 3315 891 3396 loco
914 3315 1117 3397 successit
1147 3315 1252 3395 actio
1283 3315 1392 3420 inju·

209 3437 383 3542 riarum,
423 3457 463 3530 et
501 3448 750 3556 palinodiae,
793 3477 870 3530 seu
911 3449 1229 3549 retractationis,
1268 3447 1391 3554 juxta

210 3584 288 3692 leq.
324 3585 380 3662 15
412 3587 437 3686 ἓ
468 3587 546 3675 27,
580 3581 630 3664 de
649 3583 835 3690 jurejur.

265 3718 332 3798 Ad
353 3716 465 3798 hunc
487 3717 623 3800 locum
646 3719 821 3826 pertinet
844 3719 1065 3827 prohibitio
1087 3718 1216 3800 libelli
1226 3719 1393 3828 famosi

202 3852 330 3957 cujus
360 3878 493 3958 poena
514 3852 745 3961 antiquitus
775 3862 881 3948 erat,
915 3862 962 3936 ut
992 3860 1181 3935 auctores
1217 3878 1390 3933 excom-

209 3983 539 4094 municarentur,
571 3997 611 4068 et
641 3987 884 4068 verberibus
917 3988 1187 4068 caederentur
1218 3988 1269 4066 ad
1303 3985 1391 4064 for-

210 4143 323 4200 mam
359 4121 464 4200 Con.
486 4121 526 4214 1,
546 4128 584 4201 et
600 4148 691 4202 can.
711 4125 758 4218 2,
780 4149 896 4203 caus.
917 4124 963 4214 5,
984 4151 1022 4228 q.
1048 4122 1090 4203 1.
1115 4120 1192 4200 His
1209 4118 1302 4200 dein
1324 4145 1393 4199 ac·

202 4261 423 4334 cesserunt
453 4253 780 4335 Constitutiones
813 4257 858 4336 S.
885 4253 948 4334 Pii
972 4253 1026 4336 V.
1053 4256 1178 4366 incip.
1211 4254 1395 4337 Romani

205 4387 433 4496 Pontificis
470 4389 520 4468 17
552 4389 678 4469 Mart.
710 4387 826 4471 1572
859 4395 900 4470 et
929 4389 1116 4496 Gregorii
1137 4385 1229 4468 ΧΙΙΙ
1261 4389 1387 4499 incip.
