3136 5138
440 379 546 430 elene
569 379 616 426 ru.
640 395 660 410 -
684 377 893 448 ruunuslu.
1191 363 1253 426 loe

101 507 347 616 »exempti0,
371 534 455 616 qua
474 507 560 615 ipse
592 507 755 607 fruitur,
789 507 902 588 alteri
934 507 1041 614 parti
1062 529 1247 586 eommu-

99 639 262 722 »nicata
291 649 475 722 remanet
504 649 668 750 propter
697 641 1064 722 individualitatem
1085 649 1246 722 contra·

101 782 236 876 »ctus
269 775 308 854 vi
339 774 459 882 cujus
490 774 710 883 exempti0,
743 802 847 884 quae
880 774 949 854 uni
980 799 1028 854 ex
1058 775 1246 882 partibus

100 908 334 1016 »competit
370 909 421 988 ad
451 909 620 991 alteram
651 909 880 990 secundum
910 907 1035 988 etiam
1057 908 1169 1014 leges
1189 908 1247 987 ci-

97 1043 226 1123 »viles
247 1043 488 1141 extenditur,
510 1043 722 1153 eidemque
739 1044 1080 1124 communicetur.
1101 1074 1119 1116 ›
1140 1041 1247 1120 Hine

95 1185 242 1260 asserta
270 1187 311 1258 et
340 1177 545 1258 declarata
575 1203 646 1284 per
676 1177 884 1258 decretum
905 1176 1132 1256 haereticae
1153 1201 1248 1282 par·

96 1306 139 1386 tis
168 1308 443 1415 exemptione,
471 1309 651 1416 debebat
679 1309 780 1389 haec
811 1309 1015 1417 exemptio
1046 1307 1244 1389 verificari

93 1467 244 1549 quoque
264 1441 306 1521 in
330 1442 603 1524 matrimoniis
625 1443 781 1543 mixtis,
806 1469 879 1524 seu
902 1443 1066 1524 extendi
1089 1443 1129 1522 in
1146 1468 1245 1522 casu

92 1575 135 1654 nd
163 1587 321 1683 partem
353 1577 609 1658 catholicam.
645 1578 764 1670 Quod
795 1577 1041 1684 principium
1074 1575 1150 1657 fuit
1175 1577 1248 1656 ad-

92 1709 271 1810 missum,
305 1719 351 1791 ut
380 1709 503 1792 hahet
532 1711 779 1792 Benedictus
810 1711 908 1790 XIV
949 1711 1024 1790 loc.
1070 1711 1155 1807 eit,
1193 1710 1245 1788 ab

93 1843 287 1942 omnibus
324 1844 393 1951 qui
435 1843 475 1924 in
517 1844 840 1952 Congregatione
881 1851 1170 1942 convenerant3
1207 1863 1246 1924 ct

96 2001 167 2056 non
199 1975 274 2058 fuit
305 2003 330 2056 a
360 1977 581 2059 Benedicto
611 1978 709 2058 XIV
739 1977 935 2058 haustum
956 2004 982 2058 a
1001 1977 1245 2085 Van-Espe-

95 2109 167 2209 nio,
210 2137 459 2218 quamquam
500 2113 609 2219 apud
650 2111 760 2192 hunc
798 2137 960 2218 quoque
1000 2108 1242 2218 reperiatur,
1396 2105 1398 2108 ’

94 2243 155 2323 sed
177 2246 285 2352 apud
307 2245 504 2327 Doctores
526 2245 747 2327 catholicos
764 2246 923 2353 jamdiu
945 2246 1123 2352 vigebat,
1143 2243 1247 2324 inter

91 2403 184 2484 quos
213 2377 362 2460 citatur
390 2380 519 2486 Eugel
552 2380 593 2460 h.
629 2388 657 2460 t.
692 2409 802 2461 num.
837 2383 892 2460 20
925 2405 1025 2462 cers.
1061 2378 1151 2459 dico
1182 2381 1238 2458 II.

93 2509 194 2602 Quin
224 2512 307 2592 imo
338 2512 474 2620 praxis
504 2513 702 2594 canonica
731 2513 868 2614 habet,
912 2513 1035 2594 etiarn
1076 2513 1118 2593 in
1154 2511 1245 2592 aliis

92 2641 245 2724 casibus
277 2644 503 2726 libertatern
536 2645 661 2726 unius
692 2647 819 2754 partis
850 2655 922 2727 aut
942 2644 1243 2753 exemptionem

92 2776 294 2860 adecreto
324 2779 551 2860 Tridentini
583 2781 776 2889 prodesse
816 2779 931 2860 alteri
972 2779 1093 2888 parti;
1136 2778 1244 2858 sicut

91 2907 326 3013 verificatur,
371 2911 406 2992 si
448 2939 531 2993 una
569 2939 664 3020 pars
704 2939 811 3020 vage
850 2913 917 3013 sit,
961 2912 1068 3019 quod
1109 2911 1243 2992 valeat

92 3041 387 3140 matrimonium
417 3047 469 3126 ab
500 3072 549 3127 ea
579 3047 829 3128 celebratum
860 3046 901 3126 in
933 3047 1021 3128 loeo
1051 3053 1242 3150 exempto

92 3173 233 3283 absque
264 3178 515 3261 adhibitione
547 3180 700 3262 formae
730 3181 958 3262 Tridentini
990 3206 1072 3261 non
1102 3179 1243 3285 acqui-

91 3306 163 3388 sito
190 3337 350 3420 quoque
380 3314 725 3421 quasi-domicilio
746 3315 821 3396 etsi
848 3313 977 3396 altera
997 3339 1092 3422 pars
1109 3311 1247 3393 veniat

92 3465 136 3518 ex
165 3441 263 3545 loco,
284 3444 355 3526 ubi
372 3445 599 3528 Tridentini
616 3449 823 3530 decretum
841 3453 902 3528 est
919 3443 1240 3554 promulgatum.

95 3569 163 3650 Cui
192 3575 381 3658 addimus
412 3579 522 3661 aliud
554 3581 789 3688 exemplum
820 3581 861 3660 in
882 3605 981 3660 casu
1004 3604 1184 3684 expenso
1205 3591 1245 3657 et

92 3703 214 3788 deciso
245 3735 270 3788 a
300 3711 503 3819 Suprema
532 3712 856 3820 Congregatione
887 3715 931 3795 S.
967 3711 1114 3812 Officii,
1139 3738 1245 3819 quae

92 3839 245 3924 subdio
265 3847 291 3924 8
313 3846 538 3927 Februarii
562 3850 671 3928 1860
693 3848 744 3929 ad
766 3848 1018 3957 postulatum
1046 3845 1243 3928 Officialis

92 3966 385 4058 Mechliniensis
415 3978 559 4062 decisit
588 3980 834 4062 Hollandam
866 3981 1079 4062 mulierem
1110 3977 1244 4058 valide

93 4107 316 4190 contrahere
347 4111 389 4192 in
419 4113 573 4220 Anglia
603 4123 720 4196 extra
751 4091 925 4196 formam
962 4116 1241 4199 Tridentinam

93 4261 175 4320 curu
203 4243 290 4324 viro
320 4245 519 4328 catholieo
549 4247 628 4354 legi
661 4247 829 4329 Concilii
872 4249 1100 4331 Tridentini
1142 4250 1244 4330 alias

95 4368 275 4458 obstricto
305 4375 394 4459 sine
424 4379 508 4460 ullo
548 4379 754 4462 domicilio
796 4381 857 4462 vel
900 4381 1245 4490 quasi-domicilio
