<?xml version="1.0" encoding="UTF-8"?>
<!DOCTYPE html PUBLIC "-//W3C//DTD XHTML 1.0 Transitional//EN"
    "http://www.w3.org/TR/xhtml1/DTD/xhtml1-transitional.dtd">
<html xmlns="http://www.w3.org/1999/xhtml" xml:lang="en" lang="en">
 <head>
  <title>
</title>
<meta http-equiv="Content-Type" content="text/html;charset=utf-8" />
  <meta name='ocr-system' content='tesseract 3.04.00' />
  <meta name='ocr-capabilities' content='ocr_page ocr_carea ocr_par ocr_line ocrx_word'/>
</head>
<body>
  <div class='ocr_page' id='page_1' title='image "./praelectionesju00angegoog/praelectionesju00angegoog_0503.png"; bbox 0 0 3388 5136; ppageno 0'>
   <div class='ocr_carea' id='block_1_1' title="bbox 298 439 1162 520">
    <p class='ocr_par' dir='ltr' id='par_1_1' title="bbox 298 439 1162 520">
     <span class='ocr_line' id='line_1_1' title="bbox 298 439 1162 520; baseline -0.001 -1"><span class='ocrx_word' id='word_1_1' title='bbox 298 453 364 520; x_wconf 74' lang='lat'><strong><em>140</em></strong></span> <span class='ocrx_word' id='word_1_2' title='bbox 598 439 866 520; x_wconf 72' lang='lat' dir='ltr'><strong><em>Pnauuuc‘ssouus</em></strong></span> <span class='ocrx_word' id='word_1_3' title='bbox 889 471 982 520; x_wconf 78' lang='lat' dir='ltr'><strong><em>Jums</em></strong></span> <span class='ocrx_word' id='word_1_4' title='bbox 1004 472 1162 519; x_wconf 74' lang='lat' dir='ltr'><strong><em>oauouch</em></strong></span> 
     </span>
    </p>
   </div>
   <div class='ocr_carea' id='block_1_2' title="bbox 296 597 1568 4446">
    <p class='ocr_par' dir='ltr' id='par_1_2' title="bbox 296 597 1568 2577">
     <span class='ocr_line' id='line_1_2' title="bbox 298 597 1476 708; baseline 0.003 -30"><span class='ocrx_word' id='word_1_5' title='bbox 298 599 404 680; x_wconf 85' lang='lat' dir='ltr'><strong><em>inter</em></strong></span> <span class='ocrx_word' id='word_1_6' title='bbox 434 598 608 679; x_wconf 81' lang='lat' dir='ltr'><strong><em>crimina</em></strong></span> <span class='ocrx_word' id='word_1_7' title='bbox 639 605 808 706; x_wconf 86' lang='lat' dir='ltr'><strong><em>excepta</em></strong></span> <span class='ocrx_word' id='word_1_8' title='bbox 839 597 1116 678; x_wconf 90' lang='lat' dir='ltr'><strong><em>annumerari.</em></strong></span> <span class='ocrx_word' id='word_1_9' title='bbox 1157 598 1265 678; x_wconf 90' lang='lat' dir='ltr'><strong><em>Hinc</em></strong></span> <span class='ocrx_word' id='word_1_10' title='bbox 1285 597 1362 680; x_wconf 87' lang='lat' dir='ltr'><strong><em>hoc</em></strong></span> <span class='ocrx_word' id='word_1_11' title='bbox 1383 627 1476 708; x_wconf 89' lang='lat' dir='ltr'><strong><em>spe·</em></strong></span> 
     </span>
     <span class='ocr_line' id='line_1_3' title="bbox 301 731 1475 846; baseline 0.001 -32"><span class='ocrx_word' id='word_1_12' title='bbox 301 731 563 846; x_wconf 78' lang='lat' dir='ltr'><strong><em>cialehabet,</em></strong></span> <span class='ocrx_word' id='word_1_13' title='bbox 588 731 829 840; x_wconf 87' lang='lat' dir='ltr'><strong><em>utquisque</em></strong></span> <span class='ocrx_word' id='word_1_14' title='bbox 851 731 1091 832; x_wconf 76' lang='lat' dir='ltr'><strong><em>catholicus,</em></strong></span> <span class='ocrx_word' id='word_1_15' title='bbox 1116 733 1191 812; x_wconf 86' lang='lat' dir='ltr'><strong><em>etsi</em></strong></span> <span class='ocrx_word' id='word_1_16' title='bbox 1210 732 1475 836; x_wconf 87' lang='lat' dir='ltr'><strong><em>criminosus,</em></strong></span> 
     </span>
     <span class='ocr_line' id='line_1_4' title="bbox 303 864 1477 972; baseline 0.003 -26"><span class='ocrx_word' id='word_1_17' title='bbox 303 872 343 946; x_wconf 90' lang='lat' dir='ltr'><strong><em>et</em></strong></span> <span class='ocrx_word' id='word_1_18' title='bbox 373 866 422 946; x_wconf 90' lang='lat' dir='ltr'><strong><em>de</em></strong></span> <span class='ocrx_word' id='word_1_19' title='bbox 453 864 656 947; x_wconf 86' lang='lat' dir='ltr'>simoniae</span> <span class='ocrx_word' id='word_1_20' title='bbox 677 865 770 945; x_wconf 93' lang='lat' dir='ltr'><strong><em>labe</em></strong></span> <span class='ocrx_word' id='word_1_21' title='bbox 790 864 966 947; x_wconf 80' lang='lat' dir='ltr'><strong><em>iniectus</em></strong></span> <span class='ocrx_word' id='word_1_22' title='bbox 987 866 1117 972; x_wconf 86' lang='lat' dir='ltr'><strong><em>possit</em></strong></span> <span class='ocrx_word' id='word_1_23' title='bbox 1138 891 1229 946; x_wconf 88' lang='lat' dir='ltr'><strong><em>esse</em></strong></span> <span class='ocrx_word' id='word_1_24' title='bbox 1251 891 1332 946; x_wconf 92' lang='lat' dir='ltr'><strong><em>non</em></strong></span> <span class='ocrx_word' id='word_1_25' title='bbox 1355 867 1477 950; x_wconf 92' lang='lat' dir='ltr'><strong><em>modo</em></strong></span> 
     </span>
     <span class='ocr_line' id='line_1_5' title="bbox 302 999 1473 1107; baseline 0.001 -28"><span class='ocrx_word' id='word_1_26' title='bbox 302 1005 533 1100; x_wconf 88' lang='lat' dir='ltr'><strong><em>aecusator,</em></strong></span> <span class='ocrx_word' id='word_1_27' title='bbox 567 1000 639 1081; x_wconf 87' lang='lat' dir='ltr'><strong><em>scd</em></strong></span> <span class='ocrx_word' id='word_1_28' title='bbox 680 1009 718 1080; x_wconf 89' lang='lat' dir='ltr'><strong><em>et</em></strong></span> <span class='ocrx_word' id='word_1_29' title='bbox 755 999 885 1080; x_wconf 76' lang='lat' dir='ltr'><strong><em>testis</em></strong></span> <span class='ocrx_word' id='word_1_30' title='bbox 921 1001 980 1079; x_wconf 88' lang='lat' dir='ltr'><strong><em>Ita</em></strong></span> <span class='ocrx_word' id='word_1_31' title='bbox 1010 1006 1149 1081; x_wconf 84' lang='lat' dir='ltr'><strong><em>textus</em></strong></span> <span class='ocrx_word' id='word_1_32' title='bbox 1180 1026 1403 1107; x_wconf 83' lang='lat' dir='ltr'><strong><em>expressus</em></strong></span> <span class='ocrx_word' id='word_1_33' title='bbox 1434 1001 1473 1080; x_wconf 92' lang='lat' dir='ltr'><strong><em>in</em></strong></span> 
     </span>
     <span class='ocr_line' id='line_1_6' title="bbox 308 1131 1568 1242; baseline -0.004 -31"><span class='ocrx_word' id='word_1_34' title='bbox 308 1133 410 1242; x_wconf 87' lang='lat' dir='ltr'><strong><em>Cap.</em></strong></span> <span class='ocrx_word' id='word_1_35' title='bbox 448 1137 491 1225; x_wconf 89' lang='lat'><strong><em>7,</em></strong></span> <span class='ocrx_word' id='word_1_36' title='bbox 527 1131 569 1215; x_wconf 80' lang='lat' dir='ltr'><strong><em>h.</em></strong></span> <span class='ocrx_word' id='word_1_37' title='bbox 606 1140 634 1213; x_wconf 93' lang='lat' dir='ltr'><strong><em>t.</em></strong></span> <span class='ocrx_word' id='word_1_38' title='bbox 655 1181 708 1192; x_wconf 92' lang='lat'>-</span> <span class='ocrx_word' id='word_1_39' title='bbox 730 1133 783 1213; x_wconf 92' lang='lat' dir='ltr'><strong><em>ibi</em></strong></span> <span class='ocrx_word' id='word_1_40' title='bbox 805 1177 859 1190; x_wconf 93' lang='lat'><strong><em>-—</em></strong></span> <span class='ocrx_word' id='word_1_41' title='bbox 885 1135 1017 1216; x_wconf 89' lang='lat' dir='ltr'><strong><em>Tanta</em></strong></span> <span class='ocrx_word' id='word_1_42' title='bbox 1045 1140 1100 1212; x_wconf 84' lang='lat' dir='ltr'><strong><em>est</em></strong></span> <span class='ocrx_word' id='word_1_43' title='bbox 1118 1133 1227 1213; x_wconf 85' lang='lat' dir='ltr'><strong><em>labes</em></strong></span> <span class='ocrx_word' id='word_1_44' title='bbox 1249 1133 1368 1239; x_wconf 83' lang='lat' dir='ltr'><strong><em>hujus</em></strong></span> <span class='ocrx_word' id='word_1_45' title='bbox 1395 1139 1476 1216; x_wconf 87' lang='lat' dir='ltr'><strong><em>cri·</em></strong></span> <span class='ocrx_word' id='word_1_46' title='bbox 1564 1199 1568 1206; x_wconf 84' lang='lat'><em>.</em></span> 
     </span>
     <span class='ocr_line' id='line_1_7' title="bbox 299 1265 1476 1378; baseline 0.003 -33"><span class='ocrx_word' id='word_1_47' title='bbox 299 1268 435 1359; x_wconf 89' lang='lat' dir='ltr'><strong><em>minis,</em></strong></span> <span class='ocrx_word' id='word_1_48' title='bbox 459 1275 504 1348; x_wconf 92' lang='lat' dir='ltr'><strong><em>ut</em></strong></span> <span class='ocrx_word' id='word_1_49' title='bbox 525 1269 650 1349; x_wconf 87' lang='lat' dir='ltr'><strong><em>etiam</em></strong></span> <span class='ocrx_word' id='word_1_50' title='bbox 672 1270 781 1349; x_wconf 83' lang='lat' dir='ltr'><strong><em>sarci</em></strong></span> <span class='ocrx_word' id='word_1_51' title='bbox 802 1294 901 1378; x_wconf 70' lang='lat' dir='ltr'><strong><em>erpa</em></strong></span> <span class='ocrx_word' id='word_1_52' title='bbox 923 1265 1121 1359; x_wconf 86' lang='lat' dir='ltr'><strong><em>dominos,</em></strong></span> <span class='ocrx_word' id='word_1_53' title='bbox 1146 1275 1182 1346; x_wconf 88' lang='lat' dir='ltr'><strong><em>ct</em></strong></span> <span class='ocrx_word' id='word_1_54' title='bbox 1204 1267 1371 1375; x_wconf 80' lang='lat' dir='ltr'><strong><em>quilibet</em></strong></span> <span class='ocrx_word' id='word_1_55' title='bbox 1393 1269 1476 1349; x_wconf 87' lang='lat' dir='ltr'><strong><em>cri-</em></strong></span> 
     </span>
     <span class='ocr_line' id='line_1_8' title="bbox 296 1401 1473 1509; baseline 0.003 -29"><span class='ocrx_word' id='word_1_56' title='bbox 296 1401 445 1482; x_wconf 86' lang='lat' dir='ltr'><strong><em>minosi</em></strong></span> <span class='ocrx_word' id='word_1_57' title='bbox 489 1402 764 1484; x_wconf 72' lang='lat' dir='ltr'><strong><em>admittantur</em></strong></span> <span class='ocrx_word' id='word_1_58' title='bbox 793 1403 849 1483; x_wconf 83' lang='lat' dir='ltr'><strong><em>act</em></strong></span> <span class='ocrx_word' id='word_1_59' title='bbox 879 1403 1192 1483; x_wconf 76' lang='lat' dir='ltr'><strong><em>accusationem.</em></strong></span> <span class='ocrx_word' id='word_1_60' title='bbox 1227 1401 1279 1482; x_wconf 92' lang='lat' dir='ltr'><strong><em>Et</em></strong></span> <span class='ocrx_word' id='word_1_61' title='bbox 1309 1402 1473 1509; x_wconf 87' lang='lat' dir='ltr'><strong><em>quidem</em></strong></span> 
     </span>
     <span class='ocr_line' id='line_1_9' title="bbox 299 1535 1475 1637; baseline -0.001 -22"><span class='ocrx_word' id='word_1_62' title='bbox 299 1562 381 1616; x_wconf 92' lang='lat' dir='ltr'><strong><em>non</em></strong></span> <span class='ocrx_word' id='word_1_63' title='bbox 413 1537 535 1617; x_wconf 94' lang='lat' dir='ltr'><strong><em>modo</em></strong></span> <span class='ocrx_word' id='word_1_64' title='bbox 566 1544 708 1617; x_wconf 88' lang='lat' dir='ltr'><strong><em>contra</em></strong></span> <span class='ocrx_word' id='word_1_65' title='bbox 737 1537 918 1637; x_wconf 81' lang='lat' dir='ltr'><strong><em>dantem,</em></strong></span> <span class='ocrx_word' id='word_1_66' title='bbox 952 1537 1023 1617; x_wconf 92' lang='lat' dir='ltr'><strong><em>sed</em></strong></span> <span class='ocrx_word' id='word_1_67' title='bbox 1056 1535 1178 1616; x_wconf 88' lang='lat' dir='ltr'><strong><em>etiam</em></strong></span> <span class='ocrx_word' id='word_1_68' title='bbox 1211 1543 1352 1616; x_wconf 88' lang='lat' dir='ltr'><strong><em>contra</em></strong></span> <span class='ocrx_word' id='word_1_69' title='bbox 1374 1535 1475 1616; x_wconf 87' lang='lat' dir='ltr'><strong><em>reoi-</em></strong></span> 
     </span>
     <span class='ocr_line' id='line_1_10' title="bbox 299 1667 1470 1780; baseline 0.004 -35"><span class='ocrx_word' id='word_1_70' title='bbox 299 1667 476 1775; x_wconf 91' lang='lat' dir='ltr'><strong><em>pientem</em></strong></span> <span class='ocrx_word' id='word_1_71' title='bbox 496 1669 649 1776; x_wconf 87' lang='lat' dir='ltr'><strong><em>aliquid</em></strong></span> <span class='ocrx_word' id='word_1_72' title='bbox 669 1670 906 1751; x_wconf 87' lang='lat' dir='ltr'><strong><em>simoniace.</em></strong></span> <span class='ocrx_word' id='word_1_73' title='bbox 931 1671 1035 1778; x_wconf 64' lang='lat' dir='ltr'><strong><em>Ara.</em></strong></span> <span class='ocrx_word' id='word_1_74' title='bbox 1066 1669 1170 1780; x_wconf 85' lang='lat' dir='ltr'><strong><em>Cap.</em></strong></span> <span class='ocrx_word' id='word_1_75' title='bbox 1190 1669 1288 1750; x_wconf 89' lang='lat' dir='ltr'><strong><em>Non</em></strong></span> <span class='ocrx_word' id='word_1_76' title='bbox 1308 1671 1409 1749; x_wconf 82' lang='lat' dir='ltr'><strong><em>satis</em></strong></span> <span class='ocrx_word' id='word_1_77' title='bbox 1425 1673 1470 1760; x_wconf 87' lang='lat'><strong><em>8,</em></strong></span> 
     </span>
     <span class='ocr_line' id='line_1_11' title="bbox 299 1801 1476 1912; baseline 0.003 -34"><span class='ocrx_word' id='word_1_78' title='bbox 299 1801 337 1880; x_wconf 85' lang='lat' dir='ltr'><strong><em>h.</em></strong></span> <span class='ocrx_word' id='word_1_79' title='bbox 386 1808 414 1882; x_wconf 90' lang='lat' dir='ltr'><strong><em>t.</em></strong></span> <span class='ocrx_word' id='word_1_80' title='bbox 452 1802 748 1884; x_wconf 77' lang='lat' dir='ltr'><strong><em>Verumtamen</em></strong></span> <span class='ocrx_word' id='word_1_81' title='bbox 789 1804 883 1885; x_wconf 88' lang='lat' dir='ltr'><strong><em>iicet</em></strong></span> <span class='ocrx_word' id='word_1_82' title='bbox 922 1803 1169 1885; x_wconf 87' lang='lat' dir='ltr'><strong><em>criminosus</em></strong></span> <span class='ocrx_word' id='word_1_83' title='bbox 1210 1803 1341 1912; x_wconf 87' lang='lat' dir='ltr'><strong><em>possit</em></strong></span> <span class='ocrx_word' id='word_1_84' title='bbox 1386 1829 1476 1883; x_wconf 87' lang='lat' dir='ltr'><strong><em>esse</em></strong></span> 
     </span>
     <span class='ocr_line' id='line_1_12' title="bbox 302 1934 1472 2036; baseline 0 -22"><span class='ocrx_word' id='word_1_85' title='bbox 302 1934 425 2016; x_wconf 91' lang='lat' dir='ltr'><strong><em>etiam</em></strong></span> <span class='ocrx_word' id='word_1_86' title='bbox 457 1937 573 2016; x_wconf 84' lang='lat' dir='ltr'><strong><em>testis</em></strong></span> <span class='ocrx_word' id='word_1_87' title='bbox 604 1945 747 2018; x_wconf 89' lang='lat' dir='ltr'><strong><em>contra</em></strong></span> <span class='ocrx_word' id='word_1_88' title='bbox 766 1940 1001 2036; x_wconf 82' lang='lat' dir='ltr'><strong><em>simoniam,</em></strong></span> <span class='ocrx_word' id='word_1_89' title='bbox 1026 1938 1066 2018; x_wconf 92' lang='lat' dir='ltr'><strong><em>id</em></strong></span> <span class='ocrx_word' id='word_1_90' title='bbox 1087 1945 1225 2018; x_wconf 92' lang='lat' dir='ltr'><strong><em>tamen</em></strong></span> <span class='ocrx_word' id='word_1_91' title='bbox 1245 1936 1379 2016; x_wconf 87' lang='lat' dir='ltr'><strong><em>iocum</em></strong></span> <span class='ocrx_word' id='word_1_92' title='bbox 1401 1935 1472 2014; x_wconf 90' lang='lat' dir='ltr'><strong><em>ha-</em></strong></span> 
     </span>
     <span class='ocr_line' id='line_1_13' title="bbox 306 2067 1472 2180; baseline -0.001 -32"><span class='ocrx_word' id='word_1_93' title='bbox 306 2067 388 2167; x_wconf 88' lang='lat' dir='ltr'><strong><em>bet,</em></strong></span> <span class='ocrx_word' id='word_1_94' title='bbox 423 2070 545 2151; x_wconf 91' lang='lat' dir='ltr'><strong><em>modo</em></strong></span> <span class='ocrx_word' id='word_1_95' title='bbox 576 2096 659 2151; x_wconf 92' lang='lat' dir='ltr'><strong><em>non</em></strong></span> <span class='ocrx_word' id='word_1_96' title='bbox 679 2071 733 2153; x_wconf 90' lang='lat' dir='ltr'><strong><em>sit</em></strong></span> <span class='ocrx_word' id='word_1_97' title='bbox 753 2070 940 2180; x_wconf 85' lang='lat' dir='ltr'><strong><em>capitalis</em></strong></span> <span class='ocrx_word' id='word_1_98' title='bbox 961 2071 1155 2152; x_wconf 89' lang='lat' dir='ltr'><strong><em>inimicus</em></strong></span> <span class='ocrx_word' id='word_1_99' title='bbox 1171 2069 1262 2170; x_wconf 88' lang='lat' dir='ltr'><strong><em>Rei,</em></strong></span> <span class='ocrx_word' id='word_1_100' title='bbox 1287 2082 1359 2149; x_wconf 89' lang='lat' dir='ltr'><strong><em>aut</em></strong></span> <span class='ocrx_word' id='word_1_101' title='bbox 1379 2093 1472 2148; x_wconf 91' lang='lat' dir='ltr'><strong><em>con-</em></strong></span> 
     </span>
     <span class='ocr_line' id='line_1_14' title="bbox 299 2202 1470 2308; baseline -0.001 -26"><span class='ocrx_word' id='word_1_102' title='bbox 299 2202 478 2308; x_wconf 89' lang='lat' dir='ltr'><strong><em>spirator</em></strong></span> <span class='ocrx_word' id='word_1_103' title='bbox 509 2204 550 2284; x_wconf 90' lang='lat' dir='ltr'><strong><em>in</em></strong></span> <span class='ocrx_word' id='word_1_104' title='bbox 582 2231 692 2307; x_wconf 90' lang='lat' dir='ltr'><strong><em>eum,</em></strong></span> <span class='ocrx_word' id='word_1_105' title='bbox 718 2215 758 2288; x_wconf 89' lang='lat' dir='ltr'><strong><em>et</em></strong></span> <span class='ocrx_word' id='word_1_106' title='bbox 788 2207 837 2288; x_wconf 91' lang='lat' dir='ltr'><strong><em>de</em></strong></span> <span class='ocrx_word' id='word_1_107' title='bbox 868 2207 1039 2288; x_wconf 90' lang='lat' dir='ltr'><strong><em>crimine</em></strong></span> <span class='ocrx_word' id='word_1_108' title='bbox 1072 2205 1194 2286; x_wconf 84' lang='lat' dir='ltr'><strong><em>suerit</em></strong></span> <span class='ocrx_word' id='word_1_109' title='bbox 1224 2202 1470 2294; x_wconf 85' lang='lat' dir='ltr'><strong><em>emendatus,</em></strong></span> 
     </span>
     <span class='ocr_line' id='line_1_15' title="bbox 299 2337 1475 2450; baseline -0.002 -35"><span class='ocrx_word' id='word_1_110' title='bbox 299 2342 344 2415; x_wconf 92' lang='lat' dir='ltr'><strong><em>ut</em></strong></span> <span class='ocrx_word' id='word_1_111' title='bbox 376 2337 478 2416; x_wconf 86' lang='lat' dir='ltr'><strong><em>satis</em></strong></span> <span class='ocrx_word' id='word_1_112' title='bbox 510 2338 617 2420; x_wconf 88' lang='lat' dir='ltr'><strong><em>clare</em></strong></span> <span class='ocrx_word' id='word_1_113' title='bbox 648 2340 823 2421; x_wconf 89' lang='lat' dir='ltr'><strong><em>habetur</em></strong></span> <span class='ocrx_word' id='word_1_114' title='bbox 853 2341 893 2421; x_wconf 92' lang='lat' dir='ltr'><strong><em>in</em></strong></span> <span class='ocrx_word' id='word_1_115' title='bbox 930 2341 1032 2450; x_wconf 85' lang='lat' dir='ltr'><strong><em>Cap.</em></strong></span> <span class='ocrx_word' id='word_1_116' title='bbox 1068 2341 1181 2420; x_wconf 85' lang='lat' dir='ltr'><strong><em>Licet</em></strong></span> <span class='ocrx_word' id='word_1_117' title='bbox 1204 2339 1317 2418; x_wconf 86' lang='lat' dir='ltr'><strong><em>Heli.</em></strong></span> <span class='ocrx_word' id='word_1_118' title='bbox 1343 2338 1413 2428; x_wconf 84' lang='lat'><strong><em>31,</em></strong></span> <span class='ocrx_word' id='word_1_119' title='bbox 1438 2342 1475 2414; x_wconf 89' lang='lat' dir='ltr'><strong><em>et</em></strong></span> 
     </span>
     <span class='ocr_line' id='line_1_16' title="bbox 302 2467 875 2577; baseline 0.016 -32"><span class='ocrx_word' id='word_1_120' title='bbox 302 2467 405 2577; x_wconf 89' lang='lat' dir='ltr'><strong><em>Cap.</em></strong></span> <span class='ocrx_word' id='word_1_121' title='bbox 439 2469 527 2550; x_wconf 85' lang='lat' dir='ltr'><strong><em>Per</em></strong></span> <span class='ocrx_word' id='word_1_122' title='bbox 558 2479 647 2552; x_wconf 87' lang='lat' dir='ltr'><strong><em>tuas</em></strong></span> <span class='ocrx_word' id='word_1_123' title='bbox 676 2477 738 2554; x_wconf 82' lang='lat'><strong><em>32</em></strong></span> <span class='ocrx_word' id='word_1_124' title='bbox 768 2473 810 2553; x_wconf 83' lang='lat' dir='ltr'><strong><em>h.</em></strong></span> <span class='ocrx_word' id='word_1_125' title='bbox 845 2482 875 2554; x_wconf 90' lang='lat' dir='ltr'><strong><em>t.</em></strong></span> 
     </span>
    </p>

    <p class='ocr_par' dir='ltr' id='par_1_3' title="bbox 298 2599 1480 4446">
     <span class='ocr_line' id='line_1_17' title="bbox 383 2599 1474 2712; baseline 0.003 -32"><span class='ocrx_word' id='word_1_126' title='bbox 383 2599 485 2683; x_wconf 89' lang='lat' dir='ltr'><strong><em>Illud</em></strong></span> <span class='ocrx_word' id='word_1_127' title='bbox 517 2603 685 2711; x_wconf 80' lang='lat' dir='ltr'><strong><em>insuper</em></strong></span> <span class='ocrx_word' id='word_1_128' title='bbox 716 2605 839 2685; x_wconf 91' lang='lat' dir='ltr'><strong><em>etiam</em></strong></span> <span class='ocrx_word' id='word_1_129' title='bbox 872 2605 1076 2712; x_wconf 81' lang='lat' dir='ltr'><strong><em>peculiare</em></strong></span> <span class='ocrx_word' id='word_1_130' title='bbox 1107 2607 1283 2686; x_wconf 86' lang='lat' dir='ltr'><strong><em>habetur</em></strong></span> <span class='ocrx_word' id='word_1_131' title='bbox 1319 2605 1360 2684; x_wconf 90' lang='lat' dir='ltr'><strong><em>in</em></strong></span> <span class='ocrx_word' id='word_1_132' title='bbox 1397 2603 1474 2684; x_wconf 91' lang='lat' dir='ltr'><strong><em>hoc</em></strong></span> 
     </span>
     <span class='ocr_line' id='line_1_18' title="bbox 298 2735 1476 2848; baseline 0.002 -33"><span class='ocrx_word' id='word_1_133' title='bbox 298 2735 501 2817; x_wconf 89' lang='lat' dir='ltr'><strong><em>simoniae</em></strong></span> <span class='ocrx_word' id='word_1_134' title='bbox 532 2737 702 2818; x_wconf 90' lang='lat' dir='ltr'><strong><em>crimine</em></strong></span> <span class='ocrx_word' id='word_1_135' title='bbox 724 2739 1058 2840; x_wconf 89' lang='lat' dir='ltr'><strong><em>demonstrando,</em></strong></span> <span class='ocrx_word' id='word_1_136' title='bbox 1078 2748 1125 2823; x_wconf 89' lang='lat' dir='ltr'><strong><em>ut</em></strong></span> <span class='ocrx_word' id='word_1_137' title='bbox 1146 2740 1306 2848; x_wconf 87' lang='lat' dir='ltr'><strong><em>quoties</em></strong></span> <span class='ocrx_word' id='word_1_138' title='bbox 1328 2745 1476 2846; x_wconf 83' lang='lat' dir='ltr'><strong><em>agatur</em></strong></span> 
     </span>
     <span class='ocr_line' id='line_1_19' title="bbox 305 2869 1476 2982; baseline 0.006 -36"><span class='ocrx_word' id='word_1_139' title='bbox 305 2893 386 2948; x_wconf 94' lang='lat' dir='ltr'><strong><em>non</em></strong></span> <span class='ocrx_word' id='word_1_140' title='bbox 418 2870 468 2949; x_wconf 91' lang='lat' dir='ltr'><strong><em>de</em></strong></span> <span class='ocrx_word' id='word_1_141' title='bbox 498 2869 695 2952; x_wconf 89' lang='lat' dir='ltr'><strong><em>beneficio</em></strong></span> <span class='ocrx_word' id='word_1_142' title='bbox 727 2881 966 2982; x_wconf 87' lang='lat' dir='ltr'><strong><em>asseqnuto,</em></strong></span> <span class='ocrx_word' id='word_1_143' title='bbox 1001 2876 1071 2956; x_wconf 91' lang='lat' dir='ltr'><strong><em>sed</em></strong></span> <span class='ocrx_word' id='word_1_144' title='bbox 1103 2873 1376 2982; x_wconf 83' lang='lat' dir='ltr'><strong><em>assequendo,</em></strong></span> <span class='ocrx_word' id='word_1_145' title='bbox 1401 2898 1476 2954; x_wconf 90' lang='lat' dir='ltr'><strong><em>ceu</em></strong></span> 
     </span>
     <span class='ocr_line' id='line_1_20' title="bbox 301 3000 1476 3113; baseline 0.003 -31"><span class='ocrx_word' id='word_1_146' title='bbox 301 3000 419 3084; x_wconf 89' lang='lat' dir='ltr'><strong><em>docet</em></strong></span> <span class='ocrx_word' id='word_1_147' title='bbox 439 3001 484 3086; x_wconf 86' lang='lat' dir='ltr'><strong><em>S.</em></strong></span> <span class='ocrx_word' id='word_1_148' title='bbox 505 3002 958 3113; x_wconf 83' lang='lat' dir='ltr'><strong><em>CongregatioConcilii</em></strong></span> <span class='ocrx_word' id='word_1_149' title='bbox 978 3011 1019 3090; x_wconf 89' lang='lat' dir='ltr'><strong><em>in</em></strong></span> <span class='ocrx_word' id='word_1_150' title='bbox 1035 3009 1341 3090; x_wconf 80' lang='lat' dir='ltr'><strong><em>Tolentinanen.</em></strong></span> <span class='ocrx_word' id='word_1_151' title='bbox 1360 3007 1476 3089; x_wconf 88' lang='lat' dir='ltr'><strong><em>insti-</em></strong></span> 
     </span>
     <span class='ocr_line' id='line_1_21' title="bbox 300 3135 1474 3252; baseline 0.003 -38"><span class='ocrx_word' id='word_1_152' title='bbox 300 3135 466 3217; x_wconf 80' lang='lat' dir='ltr'><strong><em>tutionis</em></strong></span> <span class='ocrx_word' id='word_1_153' title='bbox 481 3141 543 3222; x_wconf 81' lang='lat'><strong><em>28</em></strong></span> <span class='ocrx_word' id='word_1_154' title='bbox 559 3140 737 3248; x_wconf 73' lang='lat' dir='ltr'><strong><em>Aupusti</em></strong></span> <span class='ocrx_word' id='word_1_155' title='bbox 752 3141 871 3220; x_wconf 81' lang='grc'><em>1847</em></span> <span class='ocrx_word' id='word_1_156' title='bbox 890 3145 915 3244; x_wconf 60' lang='grc' dir='ltr'><strong>ς</strong></span> <span class='ocrx_word' id='word_1_157' title='bbox 933 3141 1041 3248; x_wconf 84' lang='lat' dir='ltr'><strong><em>quod</em></strong></span> <span class='ocrx_word' id='word_1_158' title='bbox 1055 3149 1222 3252; x_wconf 84' lang='lat' dir='ltr'><strong><em>spectat,</em></strong></span> <span class='ocrx_word' id='word_1_159' title='bbox 1239 3168 1320 3222; x_wconf 91' lang='lat' dir='ltr'><strong><em>non</em></strong></span> <span class='ocrx_word' id='word_1_160' title='bbox 1339 3139 1474 3248; x_wconf 84' lang='lat' dir='ltr'><strong><em>requi-</em></strong></span> 
     </span>
     <span class='ocr_line' id='line_1_22' title="bbox 300 3271 1476 3381; baseline 0.007 -35"><span class='ocrx_word' id='word_1_161' title='bbox 300 3275 443 3350; x_wconf 82' lang='lat' dir='ltr'><strong><em>rantur</em></strong></span> <span class='ocrx_word' id='word_1_162' title='bbox 464 3271 729 3379; x_wconf 85' lang='lat' dir='ltr'><strong><em>plenissimae</em></strong></span> <span class='ocrx_word' id='word_1_163' title='bbox 759 3275 1037 3381; x_wconf 78' lang='lat' dir='ltr'><strong><em>probationeS,</em></strong></span> <span class='ocrx_word' id='word_1_164' title='bbox 1071 3283 1110 3358; x_wconf 91' lang='lat' dir='ltr'><strong><em>et</em></strong></span> <span class='ocrx_word' id='word_1_165' title='bbox 1131 3275 1223 3358; x_wconf 88' lang='lat' dir='ltr'><strong><em>luce</em></strong></span> <span class='ocrx_word' id='word_1_166' title='bbox 1249 3274 1476 3356; x_wconf 88' lang='lat' dir='ltr'><strong><em>meridiana</em></strong></span> 
     </span>
     <span class='ocr_line' id='line_1_23' title="bbox 298 3403 1475 3516; baseline 0.002 -34"><span class='ocrx_word' id='word_1_167' title='bbox 298 3403 507 3506; x_wconf 87' lang='lat' dir='ltr'><strong><em>clariores,</em></strong></span> <span class='ocrx_word' id='word_1_168' title='bbox 521 3407 594 3488; x_wconf 90' lang='lat' dir='ltr'><strong><em>sed</em></strong></span> <span class='ocrx_word' id='word_1_169' title='bbox 607 3407 771 3516; x_wconf 90' lang='lat' dir='ltr'><strong><em>probari</em></strong></span> <span class='ocrx_word' id='word_1_170' title='bbox 788 3415 920 3516; x_wconf 88' lang='lat' dir='ltr'><strong><em>potest</em></strong></span> <span class='ocrx_word' id='word_1_171' title='bbox 936 3410 1192 3516; x_wconf 83' lang='lat' dir='ltr'><strong><em>argumentis</em></strong></span> <span class='ocrx_word' id='word_1_172' title='bbox 1209 3409 1330 3490; x_wconf 91' lang='lat' dir='ltr'><strong><em>etiam</em></strong></span> <span class='ocrx_word' id='word_1_173' title='bbox 1342 3407 1475 3486; x_wconf 90' lang='lat' dir='ltr'><strong><em>admi-</em></strong></span> 
     </span>
     <span class='ocr_line' id='line_1_24' title="bbox 298 3535 1475 3650; baseline 0.007 -38"><span class='ocrx_word' id='word_1_174' title='bbox 298 3535 549 3637; x_wconf 89' lang='lat' dir='ltr'><strong><em>niculativis,</em></strong></span> <span class='ocrx_word' id='word_1_175' title='bbox 584 3549 625 3620; x_wconf 85' lang='lat' dir='ltr'><strong><em>et</em></strong></span> <span class='ocrx_word' id='word_1_176' title='bbox 669 3541 846 3640; x_wconf 88' lang='lat' dir='ltr'><strong><em>indiciis,</em></strong></span> <span class='ocrx_word' id='word_1_177' title='bbox 892 3567 998 3650; x_wconf 90' lang='lat' dir='ltr'><strong><em>quae</em></strong></span> <span class='ocrx_word' id='word_1_178' title='bbox 1024 3541 1312 3624; x_wconf 60' lang='lat' dir='ltr'><strong><em>‘vehementem</em></strong></span> <span class='ocrx_word' id='word_1_179' title='bbox 1352 3546 1475 3648; x_wconf 88' lang='lat' dir='ltr'><strong><em>atque</em></strong></span> 
     </span>
     <span class='ocr_line' id='line_1_25' title="bbox 301 3667 1475 3782; baseline 0.009 -36"><span class='ocrx_word' id='word_1_180' title='bbox 301 3667 524 3751; x_wconf 85' lang='lat' dir='ltr'><strong><em>violentam</em></strong></span> <span class='ocrx_word' id='word_1_181' title='bbox 555 3675 932 3782; x_wconf 86' lang='lat' dir='ltr'><strong><em>praesumptionem</em></strong></span> <span class='ocrx_word' id='word_1_182' title='bbox 956 3676 1146 3758; x_wconf 84' lang='lat' dir='ltr'><strong><em>facientia</em></strong></span> <span class='ocrx_word' id='word_1_183' title='bbox 1167 3678 1364 3760; x_wconf 88' lang='lat' dir='ltr'><strong><em>inducant</em></strong></span> <span class='ocrx_word' id='word_1_184' title='bbox 1389 3701 1475 3756; x_wconf 91' lang='lat' dir='ltr'><strong><em>mo·</em></strong></span> 
     </span>
     <span class='ocr_line' id='line_1_26' title="bbox 301 3801 1472 3922; baseline 0.01 -42"><span class='ocrx_word' id='word_1_185' title='bbox 301 3801 430 3883; x_wconf 85' lang='lat' dir='ltr'><strong><em>ralem</em></strong></span> <span class='ocrx_word' id='word_1_186' title='bbox 473 3806 774 3906; x_wconf 86' lang='lat' dir='ltr'><strong><em>certitudinem,</em></strong></span> <span class='ocrx_word' id='word_1_187' title='bbox 818 3819 858 3891; x_wconf 89' lang='lat' dir='ltr'><strong><em>et</em></strong></span> <span class='ocrx_word' id='word_1_188' title='bbox 897 3811 1031 3894; x_wconf 85' lang='lat' dir='ltr'><strong><em>Reum</em></strong></span> <span class='ocrx_word' id='word_1_189' title='bbox 1074 3813 1332 3896; x_wconf 88' lang='lat' dir='ltr'><strong><em>convincant.</em></strong></span> <span class='ocrx_word' id='word_1_190' title='bbox 1367 3815 1472 3922; x_wconf 73' lang='lat' dir='ltr'><strong><em>Arp.</em></strong></span> 
     </span>
     <span class='ocr_line' id='line_1_27' title="bbox 305 3935 1473 4054; baseline 0.008 -39"><span class='ocrx_word' id='word_1_191' title='bbox 305 3935 408 4047; x_wconf 85' lang='lat' dir='ltr'><strong><em>Cap.</em></strong></span> <span class='ocrx_word' id='word_1_192' title='bbox 443 3941 503 4019; x_wconf 87' lang='lat'><strong><em>30</em></strong></span> <span class='ocrx_word' id='word_1_193' title='bbox 535 3939 575 4020; x_wconf 80' lang='lat' dir='ltr'><strong><em>u.</em></strong></span> <span class='ocrx_word' id='word_1_194' title='bbox 613 3950 641 4024; x_wconf 91' lang='lat' dir='ltr'><strong><em>t.</em></strong></span> <span class='ocrx_word' id='word_1_195' title='bbox 677 3942 806 4024; x_wconf 86' lang='lat' dir='ltr'><strong><em>Secus</em></strong></span> <span class='ocrx_word' id='word_1_196' title='bbox 839 3952 975 4025; x_wconf 89' lang='lat' dir='ltr'><strong><em>autem</em></strong></span> <span class='ocrx_word' id='word_1_197' title='bbox 1009 3953 1084 4046; x_wconf 82' lang='lat' dir='ltr'><strong><em>es&#39;t,</em></strong></span> <span class='ocrx_word' id='word_1_198' title='bbox 1120 3947 1280 4054; x_wconf 90' lang='lat' dir='ltr'><strong><em>quoties</em></strong></span> <span class='ocrx_word' id='word_1_199' title='bbox 1322 3944 1473 4052; x_wconf 86' lang='lat' dir='ltr'><strong><em>agitur,</em></strong></span> 
     </span>
     <span class='ocr_line' id='line_1_28' title="bbox 305 4071 1480 4187; baseline 0.007 -39"><span class='ocrx_word' id='word_1_200' title='bbox 305 4077 352 4149; x_wconf 86' lang='lat' dir='ltr'><strong><em>ut</em></strong></span> <span class='ocrx_word' id='word_1_201' title='bbox 382 4071 530 4180; x_wconf 85' lang='lat' dir='ltr'><strong><em>aliquis</em></strong></span> <span class='ocrx_word' id='word_1_202' title='bbox 572 4075 731 4159; x_wconf 90' lang='lat' dir='ltr'><strong><em>amittat</em></strong></span> <span class='ocrx_word' id='word_1_203' title='bbox 770 4077 1029 4178; x_wconf 89' lang='lat' dir='ltr'><strong><em>beneficium,</em></strong></span> <span class='ocrx_word' id='word_1_204' title='bbox 1075 4080 1184 4187; x_wconf 92' lang='lat' dir='ltr'><strong><em>quod</em></strong></span> <span class='ocrx_word' id='word_1_205' title='bbox 1220 4079 1307 4186; x_wconf 88' lang='lat' dir='ltr'><strong><em>jam</em></strong></span> <span class='ocrx_word' id='word_1_206' title='bbox 1346 4078 1480 4159; x_wconf 86' lang='lat' dir='ltr'><strong><em>fuerat</em></strong></span> 
     </span>
     <span class='ocr_line' id='line_1_29' title="bbox 306 4199 1478 4317; baseline 0.01 -39"><span class='ocrx_word' id='word_1_207' title='bbox 306 4199 530 4287; x_wconf 86' lang='lat' dir='ltr'><strong><em>simoniace</em></strong></span> <span class='ocrx_word' id='word_1_208' title='bbox 570 4217 866 4317; x_wconf 72' lang='lat' dir='ltr'><strong><em>consequutus</em></strong></span> <span class='ocrx_word' id='word_1_209' title='bbox 915 4211 975 4292; x_wconf 88' lang='lat' dir='ltr'><strong><em>Ita</em></strong></span> <span class='ocrx_word' id='word_1_210' title='bbox 1018 4211 1142 4294; x_wconf 86' lang='lat' dir='ltr'><strong><em>citata</em></strong></span> <span class='ocrx_word' id='word_1_211' title='bbox 1182 4237 1279 4293; x_wconf 83' lang='lat' dir='ltr'><strong><em>mox</em></strong></span> <span class='ocrx_word' id='word_1_212' title='bbox 1326 4209 1478 4292; x_wconf 88' lang='lat' dir='ltr'><strong><em>decisio</em></strong></span> 
     </span>
     <span class='ocr_line' id='line_1_30' title="bbox 298 4334 939 4446; baseline 0.022 -32"><span class='ocrx_word' id='word_1_213' title='bbox 298 4334 343 4416; x_wconf 89' lang='lat' dir='ltr'><strong><em>S.</em></strong></span> <span class='ocrx_word' id='word_1_214' title='bbox 383 4335 508 4446; x_wconf 72' lang='lat' dir='ltr'><strong><em>Conp.</em></strong></span> <span class='ocrx_word' id='word_1_215' title='bbox 548 4341 705 4425; x_wconf 87' lang='lat' dir='ltr'><strong><em>Concit.</em></strong></span> <span class='ocrx_word' id='word_1_216' title='bbox 740 4345 827 4428; x_wconf 87' lang='lat' dir='ltr'><strong><em>eod.</em></strong></span> <span class='ocrx_word' id='word_1_217' title='bbox 864 4347 939 4428; x_wconf 84' lang='lat' dir='ltr'><strong><em>toa.</em></strong></span> 
     </span>
    </p>
   </div>
   <div class='ocr_carea' id='block_1_3' title="bbox 387 4489 1471 4609">
    <p class='ocr_par' dir='ltr' id='par_1_4' title="bbox 387 4489 1471 4609">
     <span class='ocr_line' id='line_1_31' title="bbox 387 4489 1471 4609; baseline 0.01 -39"><span class='ocrx_word' id='word_1_218' title='bbox 387 4489 467 4572; x_wconf 90' lang='lat' dir='ltr'><strong><em>Sed</em></strong></span> <span class='ocrx_word' id='word_1_219' title='bbox 499 4491 550 4574; x_wconf 91' lang='lat' dir='ltr'><strong><em>ad</em></strong></span> <span class='ocrx_word' id='word_1_220' title='bbox 584 4493 754 4578; x_wconf 89' lang='lat' dir='ltr'><strong><em>alteram</em></strong></span> <span class='ocrx_word' id='word_1_221' title='bbox 787 4500 959 4606; x_wconf 86' lang='lat' dir='ltr'><strong><em>quaesiti</em></strong></span> <span class='ocrx_word' id='word_1_222' title='bbox 1001 4508 1158 4609; x_wconf 86' lang='lat' dir='ltr'><strong><em>partem</em></strong></span> <span class='ocrx_word' id='word_1_223' title='bbox 1194 4507 1471 4600; x_wconf 85' lang='lat' dir='ltr'><strong><em>transeamus,</em></strong></span> 
     </span>
    </p>
   </div>
   <div class='ocr_carea' id='block_1_4' title="bbox 0 0 1698 5136">
    <p class='ocr_par' dir='ltr' id='par_1_5' title="bbox 0 0 1698 5136">
     <span class='ocr_line' id='line_1_32' title="bbox 0 0 1698 5136; baseline 0 0"><span class='ocrx_word' id='word_1_224' title='bbox 0 0 1698 5136; x_wconf 95' lang='lat' dir='ltr'><strong><em> </em></strong></span> 
     </span>
    </p>
   </div>
  </div>
 </body>
</html>
