3178 5134
1428 9 1571 330 Ἰ

383 480 488 562 Cum
517 507 612 562 vero
642 479 761 563 hodie
792 481 913 564 luerit
950 481 1160 563 sublatum
1198 479 1508 590 impedimentum

384 641 436 694 ex
454 613 712 698 catechismo
742 640 768 695 a
796 614 975 697 Concilio
1006 615 1241 698 Tridentino
1270 641 1362 696 sess.
1394 617 1445 695 24
1471 612 1510 694 de

376 339 441 404 266
660 353 949 427 ranermcrrouns
971 354 1064 405 rums
1087 351 1254 404 cnuourcr

386 749 556 858 reform.
590 749 770 830 matrim.
805 776 894 860 cap.
929 751 970 850 2,
1005 757 1045 830 et
1070 776 1121 830 ex
1142 748 1404 830 desuetudine
1421 746 1514 854 pari-

385 891 446 964 ter
475 881 720 990 disparuerit
749 882 1085 990 impedimentum
1114 881 1311 983 criminis
1335 887 1513 989 quatenus

385 1016 610 1123 impediens
630 1022 731 1117 erat;
754 1014 849 1096 hino
864 1023 1039 1123 quatuor
1057 1023 1215 1097 tantum
1236 1022 1510 1096 remanserunt.

385 1149 446 1230 De
476 1149 540 1230 his
571 1147 869 1257 impedimentis
899 1149 1213 1258 impedientibus
1243 1175 1268 1229 a
1297 1149 1412 1231 nobis
1439 1173 1515 1255 par-

385 1282 459 1363 tim
488 1289 706 1363 tractatum
736 1289 798 1363 est
826 1282 869 1364 in
897 1283 1027 1362 titulis
1057 1283 1400 1384 antecedentibus,
1434 1287 1516 1390 puta

386 1417 428 1495 in
458 1414 519 1496 tit.
548 1417 565 1496 l
592 1415 641 1496 de
662 1413 949 1522 impedimento
969 1415 1212 1524 impediente
1231 1423 1320 1497 orto
1340 1441 1388 1496 ex
1414 1439 1517 1521 spon·

386 1549 566 1648 salibus,
612 1573 660 1630 ac
699 1549 747 1630 de
792 1547 1015 1630 interdictis
1057 1549 1210 1658 nuptiis
1248 1549 1516 1631 catholicorum

387 1707 482 1764 cum
514 1681 741 1782 haereticis
775 1681 882 1788 quod
912 1689 974 1762 est
1003 1681 1196 1762 ecclesiae
1226 1682 1410 1783 vetitum;
1436 1677 1517 1760 etin

388 1813 449 1896 tit.
483 1813 539 1895 Vl
579 1815 628 1896 de
668 1815 958 1923 impedimento
997 1815 1240 1924 impediente
1279 1817 1377 1898 voti.
1417 1813 1518 1893 Nunc

386 1946 555 2055 proinde
585 1953 744 2029 tantum
774 1947 1022 2055 loquendum
1063 1955 1123 2028 est
1161 1948 1211 2028 de
1252 1947 1517 2055 impedimento

388 2079 583 2188 temporis
614 2080 760 2182 feriati,
793 2088 832 2162 et
861 2081 910 2162 de
930 2079 1140 2162 interdicto
1159 2079 1368 2162 Ecclesiae
1397 2075 1519 2184 singil-

388 2213 504 2296 latim
535 2222 713 2322 sumpto,

502 2348 563 2426 2.⁰
593 2346 776 2454 Tempus
807 2346 996 2428 feriatum
1017 2345 1115 2428 illud
1136 2345 1284 2428 dicitur
1303 2374 1379 2454 per
1398 2347 1519 2426 decur-
1570 2417 1571 2426 l

327 2497 330 2503 “
389 2506 484 2560 sum
514 2477 624 2580 anni,
658 2505 738 2586 quo
758 2479 942 2562 Ecclesia
970 2507 996 2560 a
1023 2479 1353 2561 solemnitatibus
1383 2475 1523 2585 nuptia.

390 2639 483 2694 rum
514 2611 800 2716 abstinendum
830 2640 920 2694 esse
950 2620 1072 2718 vetat,
1105 2639 1250 2720 nempe
1281 2613 1334 2692 ab
1356 2613 1524 2693 Adventu
1569 2671 1570 2696 ,

392 2745 556 2827 Domini
580 2771 708 2853 usque
729 2745 780 2826 ad
801 2746 908 2827 diem
924 2745 1176 2855 Epiphaniae
1191 2753 1231 2826 et
1246 2773 1271 2826 a
1287 2745 1388 2826 feria
1403 2747 1526 2852 quarta
1569 2701 1570 2782 l

265 2905 267 2908 ·
392 2880 585 2960 Cinerum
614 2879 821 2994 usquein
853 2886 1040 2960 octavam
1078 2877 1292 2959 Paschatis
1333 2873 1524 2968 inclusive,
1568 2923 1569 2934 t

393 3019 514 3123 prout
543 3011 717 3092 habetur
748 3012 788 3092 in
824 3039 913 3123 cup.
962 3015 1012 3093 10
1051 3037 1145 3092 sess.
1190 3013 1246 3091 24
1286 3011 1336 3091 de
1376 3011 1524 3120 reform.

393 3147 573 3228 matrim.
607 3146 649 3227 in
679 3145 860 3226 Concilio
890 3145 1141 3226 Tridentino.
1176 3144 1373 3226 Consulto
1403 3139 1529 3224 dicitur

394 3308 441 3362 eo
482 3290 663 3389 tempore
707 3305 797 3361 esse
837 3279 1124 3360 abstinendum
1164 3306 1189 3360 a
1231 3274 1529 3360 solemnitatibus

394 3416 643 3525 nuptiarum,
677 3412 773 3520 quia
802 3438 876 3493 nec
910 3411 1175 3519 prohibentur
1202 3411 1381 3520 'nuptiae
1418 3427 1530 3514 neque

395 3545 613 3652 praestatio
644 3545 778 3654 operis
798 3543 997 3626 maritalis
1027 3572 1101 3626 nec
1121 3543 1249 3626 multo
1270 3544 1409 3626 minus
1427 3564 1532 3648 spou-
1565 3619 1566 3658 3

396 3677 500 3759 salia
529 3677 592 3758 vel
622 3679 969 3781 denunciationeS‚
1003 3687 1043 3760 et
1072 3678 1149 3760 hoc
1179 3681 1299 3768 modo
1330 3679 1397 3760 lex
1428 3681 1483 3757 est
1501 3671 1534 3749 in
1565 3701 1566 3794 p

397 3809 549 3917 vigore.

514 3947 572 4024 3.⁰
603 3942 724 4024 Nunc
754 3943 892 4052 aliqua
922 3944 971 4025 de
1001 3943 1212 4026 interdicto
1243 3943 1449 4026 Ecclesiae
1467 3937 1537 4018 sin·

398 4070 568 4182 gillatim
605 4087 702 4160 sunt
740 4078 931 4159 notanda.
974 4077 1236 4160 interdictum
1276 4103 1408 4185 usque
1447 4093 1540 4154 nunc

398 4210 698 4293 consideratum
728 4211 828 4292 illud
858 4221 920 4292 est
954 4212 1062 4320 quod
1102 4211 1223 4294 datur
1260 4240 1287 4292 a
1314 4213 1430 4318 jure.
1471 4199 1539 4284 Sed

398 4368 489 4423 esse
518 4351 651 4451 potest
680 4344 802 4426 etiam
834 4343 885 4424 ab
915 4342 1092 4443 homine,
1133 4353 1173 4426 et
1210 4351 1308 4426 tunc
1345 4340 1536 4425 definitur:
