<?xml version="1.0" encoding="UTF-8"?>
<!DOCTYPE html PUBLIC "-//W3C//DTD XHTML 1.0 Transitional//EN"
    "http://www.w3.org/TR/xhtml1/DTD/xhtml1-transitional.dtd">
<html xmlns="http://www.w3.org/1999/xhtml" xml:lang="en" lang="en">
 <head>
  <title>
</title>
<meta http-equiv="Content-Type" content="text/html;charset=utf-8" />
  <meta name='ocr-system' content='tesseract 3.04.00' />
  <meta name='ocr-capabilities' content='ocr_page ocr_carea ocr_par ocr_line ocrx_word'/>
</head>
<body>
  <div class='ocr_page' id='page_1' title='image "./praelectionesju00angegoog/praelectionesju00angegoog_0678.png"; bbox 0 0 3360 5126; ppageno 0'>
   <div class='ocr_carea' id='block_1_1' title="bbox 511 435 1361 502">
    <p class='ocr_par' dir='ltr' id='par_1_1' title="bbox 511 435 1361 502">
     <span class='ocr_line' id='line_1_1' title="bbox 511 435 1361 502; baseline 0.002 -4"><span class='ocrx_word' id='word_1_1' title='bbox 511 452 612 498; x_wconf 77' lang='lat' dir='ltr'>mns</span> <span class='ocrx_word' id='word_1_2' title='bbox 634 453 666 498; x_wconf 82' lang='lat' dir='ltr'>r.</span> <span class='ocrx_word' id='word_1_3' title='bbox 691 469 734 480; x_wconf 95' lang='lat'><em>-</em></span> <span class='ocrx_word' id='word_1_4' title='bbox 757 453 897 500; x_wconf 73' lang='lat' dir='ltr'>mancus</span> <span class='ocrx_word' id='word_1_5' title='bbox 920 453 1036 500; x_wconf 75' lang='lat' dir='ltr'>xxvrn,</span> <span class='ocrx_word' id='word_1_6' title='bbox 1295 435 1361 502; x_wconf 83' lang='lat'>313</span> 
     </span>
    </p>
   </div>
   <div class='ocr_carea' id='block_1_2' title="bbox 184 553 1364 1358">
    <p class='ocr_par' dir='ltr' id='par_1_2' title="bbox 184 553 1364 1358">
     <span class='ocr_line' id='line_1_2' title="bbox 184 553 1361 686; baseline -0.001 -23"><span class='ocrx_word' id='word_1_7' title='bbox 184 553 431 663; x_wconf 34' lang='lat' dir='ltr'>&#39;existimant</span> <span class='ocrx_word' id='word_1_8' title='bbox 464 605 508 658; x_wconf 85' lang='lat' dir='ltr'>se</span> <span class='ocrx_word' id='word_1_9' title='bbox 549 578 733 658; x_wconf 93' lang='lat' dir='ltr'>obtinere</span> <span class='ocrx_word' id='word_1_10' title='bbox 769 578 1053 658; x_wconf 83' lang='lat' dir='ltr'><strong>remissionem</strong></span> <span class='ocrx_word' id='word_1_11' title='bbox 1100 588 1361 686; x_wconf 89' lang='lat' dir='ltr'>peccatorum</span> 
     </span>
     <span class='ocr_line' id='line_1_3' title="bbox 190 711 1364 820; baseline -0.001 -22"><span class='ocrx_word' id='word_1_12' title='bbox 190 740 379 813; x_wconf 90' lang='lat' dir='ltr'>suorum,</span> <span class='ocrx_word' id='word_1_13' title='bbox 417 737 541 820; x_wconf 89' lang='lat' dir='ltr'>quam</span> <span class='ocrx_word' id='word_1_14' title='bbox 572 719 709 792; x_wconf 83' lang='lat' dir='ltr'>tamen</span> <span class='ocrx_word' id='word_1_15' title='bbox 742 737 814 819; x_wconf 91' lang='lat' dir='ltr'>per</span> <span class='ocrx_word' id='word_1_16' title='bbox 836 711 1134 793; x_wconf 88' lang='lat' dir='ltr'>absolutionem</span> <span class='ocrx_word' id='word_1_17' title='bbox 1157 713 1271 795; x_wconf 69' lang='lat' dir='ltr'>a&#39;tali</span> <span class='ocrx_word' id='word_1_18' title='bbox 1290 714 1364 797; x_wconf 91' lang='lat' dir='ltr'>ho-</span> 
     </span>
     <span class='ocr_line' id='line_1_4' title="bbox 190 845 1363 954; baseline -0.003 -24"><span class='ocrx_word' id='word_1_19' title='bbox 190 849 299 930; x_wconf 89' lang='lat' dir='ltr'>mine</span> <span class='ocrx_word' id='word_1_20' title='bbox 341 847 507 946; x_wconf 86' lang='lat' dir='ltr'>lactem,</span> <span class='ocrx_word' id='word_1_21' title='bbox 551 845 603 926; x_wconf 94' lang='lat' dir='ltr'>ob</span> <span class='ocrx_word' id='word_1_22' title='bbox 648 845 852 926; x_wconf 87' lang='lat' dir='ltr'>delectum</span> <span class='ocrx_word' id='word_1_23' title='bbox 888 845 1095 946; x_wconf 75' lang='lat' dir='ltr'>ordinum,</span> <span class='ocrx_word' id='word_1_24' title='bbox 1129 853 1168 927; x_wconf 94' lang='lat' dir='ltr'>et</span> <span class='ocrx_word' id='word_1_25' title='bbox 1193 847 1363 954; x_wconf 86' lang='lat' dir='ltr'>jurisdi-</span> 
     </span>
     <span class='ocr_line' id='line_1_5' title="bbox 190 979 1363 1090; baseline -0.007 -22"><span class='ocrx_word' id='word_1_26' title='bbox 190 984 336 1068; x_wconf 86' lang='lat' dir='ltr'>ctionis</span> <span class='ocrx_word' id='word_1_27' title='bbox 366 981 550 1062; x_wconf 91' lang='lat' dir='ltr'>obtinere</span> <span class='ocrx_word' id='word_1_28' title='bbox 583 987 805 1089; x_wconf 88' lang='lat' dir='ltr'>nequount.</span> <span class='ocrx_word' id='word_1_29' title='bbox 840 979 955 1068; x_wconf 68' lang='lat' dir='ltr'>Hinc,</span> <span class='ocrx_word' id='word_1_30' title='bbox 978 980 1123 1062; x_wconf 90' lang='lat' dir='ltr'>merito</span> <span class='ocrx_word' id='word_1_31' title='bbox 1154 981 1205 1060; x_wconf 91' lang='lat' dir='ltr'>ab</span> <span class='ocrx_word' id='word_1_32' title='bbox 1226 982 1363 1090; x_wconf 92' lang='lat' dir='ltr'>lnqui-</span> 
     </span>
     <span class='ocr_line' id='line_1_6' title="bbox 191 1113 1361 1222; baseline -0.003 -23"><span class='ocrx_word' id='word_1_33' title='bbox 191 1118 405 1216; x_wconf 76' lang='lat' dir='ltr'>sitoribuS,</span> <span class='ocrx_word' id='word_1_34' title='bbox 438 1121 478 1196; x_wconf 89' lang='lat' dir='ltr'>et</span> <span class='ocrx_word' id='word_1_35' title='bbox 507 1115 689 1195; x_wconf 91' lang='lat' dir='ltr'>locorum</span> <span class='ocrx_word' id='word_1_36' title='bbox 714 1113 960 1215; x_wconf 76' lang='lat' dir='ltr'>OrdinariiS,</span> <span class='ocrx_word' id='word_1_37' title='bbox 994 1123 1203 1222; x_wconf 80' lang='lat' dir='ltr'>tamquam</span> <span class='ocrx_word' id='word_1_38' title='bbox 1236 1116 1361 1198; x_wconf 88' lang='lat' dir='ltr'>idola-</span> 
     </span>
     <span class='ocr_line' id='line_1_7' title="bbox 191 1247 1364 1358; baseline -0.003 -24"><span class='ocrx_word' id='word_1_39' title='bbox 191 1251 307 1351; x_wconf 89' lang='lat' dir='ltr'>triae,</span> <span class='ocrx_word' id='word_1_40' title='bbox 343 1257 382 1331; x_wconf 90' lang='lat' dir='ltr'>et</span> <span class='ocrx_word' id='word_1_41' title='bbox 417 1247 650 1356; x_wconf 87' lang='lat' dir='ltr'>gravissimi</span> <span class='ocrx_word' id='word_1_42' title='bbox 683 1249 799 1358; x_wconf 84' lang='lat' dir='ltr'>salsi</span> <span class='ocrx_word' id='word_1_43' title='bbox 836 1248 893 1329; x_wconf 86' lang='lat' dir='ltr'>rei</span> <span class='ocrx_word' id='word_1_44' title='bbox 929 1247 1041 1329; x_wconf 93' lang='lat' dir='ltr'>omni</span> <span class='ocrx_word' id='word_1_45' title='bbox 1082 1247 1364 1331; x_wconf 76' lang='lat' dir='ltr'>misericordia</span> 
     </span>
    </p>
   </div>
   <div class='ocr_carea' id='block_1_3' title="bbox 175 1517 1449 4570">
    <p class='ocr_par' dir='ltr' id='par_1_3' title="bbox 192 1517 1363 1870">
     <span class='ocr_line' id='line_1_8' title="bbox 193 1517 1362 1626; baseline -0.001 -26"><span class='ocrx_word' id='word_1_46' title='bbox 193 1517 394 1600; x_wconf 84' lang='lat' dir='ltr'>afficiendi</span> <span class='ocrx_word' id='word_1_47' title='bbox 435 1517 538 1599; x_wconf 89' lang='lat' dir='ltr'>tradi</span> <span class='ocrx_word' id='word_1_48' title='bbox 584 1525 771 1625; x_wconf 83' lang='lat' dir='ltr'>possunt,</span> <span class='ocrx_word' id='word_1_49' title='bbox 808 1525 847 1598; x_wconf 90' lang='lat' dir='ltr'>et</span> <span class='ocrx_word' id='word_1_50' title='bbox 887 1517 1049 1617; x_wconf 88' lang='lat' dir='ltr'>debent,</span> <span class='ocrx_word' id='word_1_51' title='bbox 1083 1517 1205 1624; x_wconf 84' lang='lat' dir='ltr'>juxta</span> <span class='ocrx_word' id='word_1_52' title='bbox 1240 1544 1362 1626; x_wconf 88' lang='lat' dir='ltr'>supe-</span> 
     </span>
     <span class='ocr_line' id='line_1_9' title="bbox 194 1650 1363 1760; baseline 0.002 -30"><span class='ocrx_word' id='word_1_53' title='bbox 194 1653 281 1733; x_wconf 86' lang='lat' dir='ltr'>rius</span> <span class='ocrx_word' id='word_1_54' title='bbox 322 1652 467 1733; x_wconf 90' lang='lat' dir='ltr'>citatas</span> <span class='ocrx_word' id='word_1_55' title='bbox 507 1651 843 1734; x_wconf 82' lang='lat' dir='ltr'>Constitutiones</span> <span class='ocrx_word' id='word_1_56' title='bbox 893 1652 959 1730; x_wconf 88' lang='lat' dir='ltr'>lta</span> <span class='ocrx_word' id='word_1_57' title='bbox 1004 1650 1363 1760; x_wconf 71' lang='lat' dir='ltr'>Schmolzprocbcr</span> 
     </span>
     <span class='ocr_line' id='line_1_10' title="bbox 192 1787 486 1870; baseline 0.014 -6"><span class='ocrx_word' id='word_1_58' title='bbox 192 1787 233 1868; x_wconf 81' lang='lat' dir='ltr'>h.</span> <span class='ocrx_word' id='word_1_59' title='bbox 268 1796 297 1868; x_wconf 83' lang='lat' dir='ltr'>l.</span> <span class='ocrx_word' id='word_1_60' title='bbox 331 1817 374 1869; x_wconf 84' lang='lat' dir='ltr'>n.</span> <span class='ocrx_word' id='word_1_61' title='bbox 408 1788 486 1870; x_wconf 69' lang='lat'>24.</span> 
     </span>
    </p>

    <p class='ocr_par' dir='ltr' id='par_1_4' title="bbox 175 1919 1449 4570">
     <span class='ocr_line' id='line_1_11' title="bbox 246 1919 1363 2028; baseline 0.001 -29"><span class='ocrx_word' id='word_1_62' title='bbox 246 1920 302 2001; x_wconf 90' lang='lat' dir='ltr'>At</span> <span class='ocrx_word' id='word_1_63' title='bbox 332 1928 492 2028; x_wconf 88' lang='lat' dir='ltr'>praeter</span> <span class='ocrx_word' id='word_1_64' title='bbox 522 1919 599 2000; x_wconf 91' lang='lat' dir='ltr'>hoc</span> <span class='ocrx_word' id='word_1_65' title='bbox 635 1920 806 2000; x_wconf 76' lang='lat' dir='ltr'>incurrit</span> <span class='ocrx_word' id='word_1_66' title='bbox 838 1947 887 2000; x_wconf 89' lang='lat' dir='ltr'>ne</span> <span class='ocrx_word' id='word_1_67' title='bbox 918 1919 1041 2001; x_wconf 88' lang='lat' dir='ltr'>etiam</span> <span class='ocrx_word' id='word_1_68' title='bbox 1084 1919 1363 2026; x_wconf 89' lang='lat' dir='ltr'>irregularita-</span> 
     </span>
     <span class='ocr_line' id='line_1_12' title="bbox 193 2054 1358 2137; baseline -0.004 -2"><span class='ocrx_word' id='word_1_69' title='bbox 193 2059 301 2135; x_wconf 80' lang='lat' dir='ltr'>temt</span> <span class='ocrx_word' id='word_1_70' title='bbox 334 2054 426 2134; x_wconf 92' lang='lat' dir='ltr'>Non</span> <span class='ocrx_word' id='word_1_71' title='bbox 458 2056 707 2136; x_wconf 81' lang='lat' dir='ltr'>concordant</span> <span class='ocrx_word' id='word_1_72' title='bbox 736 2055 776 2136; x_wconf 94' lang='lat' dir='ltr'>in</span> <span class='ocrx_word' id='word_1_73' title='bbox 804 2055 880 2137; x_wconf 92' lang='lat' dir='ltr'>hoc</span> <span class='ocrx_word' id='word_1_74' title='bbox 911 2055 1002 2135; x_wconf 89' lang='lat' dir='ltr'>DD.</span> <span class='ocrx_word' id='word_1_75' title='bbox 1038 2063 1078 2136; x_wconf 86' lang='lat' dir='ltr'>et</span> <span class='ocrx_word' id='word_1_76' title='bbox 1098 2055 1358 2135; x_wconf 87' lang='lat' dir='ltr'>Cenonistae.</span> 
     </span>
     <span class='ocr_line' id='line_1_13' title="bbox 189 2180 1449 2286; baseline -0.002 -17"><span class='ocrx_word' id='word_1_77' title='bbox 189 2187 385 2269; x_wconf 90' lang='lat' dir='ltr'>Nonnulli</span> <span class='ocrx_word' id='word_1_78' title='bbox 417 2187 525 2282; x_wconf 79' lang='lat' dir='ltr'>onim</span> <span class='ocrx_word' id='word_1_79' title='bbox 558 2189 785 2268; x_wconf 86' lang='lat' dir='ltr'>affirmant:</span> <span class='ocrx_word' id='word_1_80' title='bbox 814 2194 871 2268; x_wconf 91' lang='lat' dir='ltr'>l.⁰</span> <span class='ocrx_word' id='word_1_81' title='bbox 892 2180 999 2280; x_wconf 83' lang='lat' dir='ltr'>Quia</span> <span class='ocrx_word' id='word_1_82' title='bbox 1020 2187 1150 2268; x_wconf 89' lang='lat' dir='ltr'>laicus</span> <span class='ocrx_word' id='word_1_83' title='bbox 1171 2189 1363 2268; x_wconf 89' lang='lat' dir='ltr'>ordinum</span> <span class='ocrx_word' id='word_1_84' title='bbox 1446 2281 1449 2286; x_wconf 22' lang='lat'><strong>¹</strong></span> 
     </span>
     <span class='ocr_line' id='line_1_14' title="bbox 192 2322 1363 2430; baseline -0.002 -27"><span class='ocrx_word' id='word_1_85' title='bbox 192 2323 373 2403; x_wconf 85' lang='lat' dir='ltr'>cilicium</span> <span class='ocrx_word' id='word_1_86' title='bbox 413 2328 564 2402; x_wconf 86' lang='lat' dir='ltr'>temere</span> <span class='ocrx_word' id='word_1_87' title='bbox 605 2323 861 2430; x_wconf 88' lang='lat' dir='ltr'>usurpando,</span> <span class='ocrx_word' id='word_1_88' title='bbox 895 2347 1039 2428; x_wconf 90' lang='lat' dir='ltr'>aeque,</span> <span class='ocrx_word' id='word_1_89' title='bbox 1076 2322 1159 2406; x_wconf 93' lang='lat' dir='ltr'>imo</span> <span class='ocrx_word' id='word_1_90' title='bbox 1195 2322 1363 2427; x_wconf 87' lang='lat' dir='ltr'>gravius</span> 
     </span>
     <span class='ocr_line' id='line_1_15' title="bbox 187 2439 1361 2564; baseline -0.002 -26"><span class='ocrx_word' id='word_1_91' title='bbox 187 2455 398 2564; x_wconf 83' lang='lat' dir='ltr'>delinquit,</span> <span class='ocrx_word' id='word_1_92' title='bbox 442 2481 566 2564; x_wconf 93' lang='lat' dir='ltr'>quam</span> <span class='ocrx_word' id='word_1_93' title='bbox 607 2455 781 2536; x_wconf 89' lang='lat' dir='ltr'>clericus</span> <span class='ocrx_word' id='word_1_94' title='bbox 812 2439 862 2535; x_wconf 87' lang='lat' dir='ltr'>ad</span> <span class='ocrx_word' id='word_1_95' title='bbox 894 2454 1034 2536; x_wconf 90' lang='lat' dir='ltr'>divina</span> <span class='ocrx_word' id='word_1_96' title='bbox 1074 2480 1146 2562; x_wconf 88' lang='lat' dir='ltr'>per</span> <span class='ocrx_word' id='word_1_97' title='bbox 1186 2455 1361 2562; x_wconf 90' lang='lat' dir='ltr'>primam</span> 
     </span>
     <span class='ocr_line' id='line_1_16' title="bbox 186 2581 1357 2698; baseline -0.005 -26"><span class='ocrx_word' id='word_1_98' title='bbox 186 2599 399 2672; x_wconf 84' lang='lat' dir='ltr'>tonsuram</span> <span class='ocrx_word' id='word_1_99' title='bbox 431 2589 517 2696; x_wconf 91' lang='lat' dir='ltr'>jam</span> <span class='ocrx_word' id='word_1_100' title='bbox 549 2581 798 2697; x_wconf 75' lang='lat' dir='ltr'>deputatus..</span> <span class='ocrx_word' id='word_1_101' title='bbox 820 2591 881 2668; x_wconf 81' lang='lat'>2.⁰</span> <span class='ocrx_word' id='word_1_102' title='bbox 912 2587 1021 2681; x_wconf 80' lang='lat' dir='ltr'>Quia</span> <span class='ocrx_word' id='word_1_103' title='bbox 1055 2589 1158 2698; x_wconf 85' lang='lat' dir='ltr'>Cap.</span> <span class='ocrx_word' id='word_1_104' title='bbox 1195 2589 1217 2668; x_wconf 82' lang='lat'><strong><em>1</em></strong></span> <span class='ocrx_word' id='word_1_105' title='bbox 1253 2588 1292 2668; x_wconf 88' lang='lat' dir='ltr'>h.</span> <span class='ocrx_word' id='word_1_106' title='bbox 1329 2595 1357 2666; x_wconf 89' lang='lat' dir='ltr'>t.</span> 
     </span>
     <span class='ocr_line' id='line_1_17' title="bbox 188 2723 1362 2830; baseline -0.001 -29"><span class='ocrx_word' id='word_1_107' title='bbox 188 2723 426 2828; x_wconf 87' lang='lat' dir='ltr'>irregularis</span> <span class='ocrx_word' id='word_1_108' title='bbox 458 2749 548 2804; x_wconf 85' lang='lat' dir='ltr'>esse</span> <span class='ocrx_word' id='word_1_109' title='bbox 581 2750 661 2803; x_wconf 95' lang='lat' dir='ltr'>non</span> <span class='ocrx_word' id='word_1_110' title='bbox 698 2723 996 2830; x_wconf 86' lang='lat' dir='ltr'>pronunciatur</span> <span class='ocrx_word' id='word_1_111' title='bbox 1026 2749 1106 2803; x_wconf 91' lang='lat' dir='ltr'>non</span> <span class='ocrx_word' id='word_1_112' title='bbox 1149 2723 1362 2802; x_wconf 88' lang='lat' dir='ltr'>ordinatus</span> 
     </span>
     <span class='ocr_line' id='line_1_18' title="bbox 187 2855 1358 2957; baseline 0.001 -21"><span class='ocrx_word' id='word_1_113' title='bbox 187 2855 426 2937; x_wconf 90' lang='lat' dir='ltr'>ministrans</span> <span class='ocrx_word' id='word_1_114' title='bbox 458 2857 705 2957; x_wconf 89' lang='lat' dir='ltr'>indistincte,</span> <span class='ocrx_word' id='word_1_115' title='bbox 740 2865 780 2937; x_wconf 84' lang='lat' dir='ltr'>et.</span> <span class='ocrx_word' id='word_1_116' title='bbox 812 2857 924 2937; x_wconf 89' lang='lat' dir='ltr'>nullo</span> <span class='ocrx_word' id='word_1_117' title='bbox 962 2857 1067 2951; x_wconf 84' lang='lat' dir='ltr'>lacto</span> <span class='ocrx_word' id='word_1_118' title='bbox 1109 2856 1358 2956; x_wconf 91' lang='lat' dir='ltr'>discrimine,</span> 
     </span>
     <span class='ocr_line' id='line_1_19' title="bbox 188 2990 1364 3097; baseline 0.002 -29"><span class='ocrx_word' id='word_1_119' title='bbox 188 3016 240 3069; x_wconf 93' lang='lat' dir='ltr'>an</span> <span class='ocrx_word' id='word_1_120' title='bbox 273 2991 446 3072; x_wconf 89' lang='lat' dir='ltr'>clericus</span> <span class='ocrx_word' id='word_1_121' title='bbox 478 2990 544 3071; x_wconf 93' lang='lat' dir='ltr'>ille</span> <span class='ocrx_word' id='word_1_122' title='bbox 573 2991 639 3087; x_wconf 85' lang='lat' dir='ltr'>¹sit,</span> <span class='ocrx_word' id='word_1_123' title='bbox 678 3016 730 3070; x_wconf 87' lang='lat' dir='ltr'>an</span> <span class='ocrx_word' id='word_1_124' title='bbox 762 3016 857 3071; x_wconf 89' lang='lat' dir='ltr'>vero</span> <span class='ocrx_word' id='word_1_125' title='bbox 889 2991 1033 3071; x_wconf 74' lang='lat' dir='ltr'>laicus,</span> <span class='ocrx_word' id='word_1_126' title='bbox 1062 2990 1124 3072; x_wconf 85' lang='lat'>3.⁰</span> <span class='ocrx_word' id='word_1_127' title='bbox 1153 2991 1261 3084; x_wconf 84' lang='lat' dir='ltr'>Quia</span> <span class='ocrx_word' id='word_1_128' title='bbox 1294 3017 1364 3097; x_wconf 87' lang='lat' dir='ltr'>per</span> 
     </span>
     <span class='ocr_line' id='line_1_20' title="bbox 193 3109 1363 3232; baseline 0 -30"><span class='ocrx_word' id='word_1_129' title='bbox 193 3109 364 3205; x_wconf 71' lang='lat' dir='ltr'>Constit.</span> <span class='ocrx_word' id='word_1_130' title='bbox 399 3123 564 3205; x_wconf 86' lang='lat' dir='ltr'>Clemen</span> <span class='ocrx_word' id='word_1_131' title='bbox 586 3125 676 3204; x_wconf 84' lang='lat' dir='ltr'>Vlll</span> <span class='ocrx_word' id='word_1_132' title='bbox 697 3125 888 3232; x_wconf 88' lang='lat' dir='ltr'>superius</span> <span class='ocrx_word' id='word_1_133' title='bbox 919 3124 1085 3205; x_wconf 85' lang='lat' dir='ltr'>citatam</span> <span class='ocrx_word' id='word_1_134' title='bbox 1117 3151 1142 3205; x_wconf 90' lang='lat' dir='ltr'>a</span> <span class='ocrx_word' id='word_1_135' title='bbox 1173 3123 1259 3203; x_wconf 85' lang='lat' dir='ltr'>loro</span> <span class='ocrx_word' id='word_1_136' title='bbox 1285 3121 1363 3202; x_wconf 87' lang='lat' dir='ltr'>Ec-</span> 
     </span>
     <span class='ocr_line' id='line_1_21' title="bbox 187 3255 1360 3366; baseline 0 -30"><span class='ocrx_word' id='word_1_137' title='bbox 187 3255 335 3336; x_wconf 86' lang='lat' dir='ltr'>clesiae</span> <span class='ocrx_word' id='word_1_138' title='bbox 368 3257 502 3363; x_wconf 86' lang='lat' dir='ltr'>abjici,</span> <span class='ocrx_word' id='word_1_139' title='bbox 538 3266 576 3338; x_wconf 90' lang='lat' dir='ltr'>et</span> <span class='ocrx_word' id='word_1_140' title='bbox 598 3259 649 3338; x_wconf 89' lang='lat' dir='ltr'>ab</span> <span class='ocrx_word' id='word_1_141' title='bbox 671 3258 901 3358; x_wconf 76' lang='lat' dir='ltr'>ordinibus,</span> <span class='ocrx_word' id='word_1_142' title='bbox 937 3259 1098 3366; x_wconf 88' lang='lat' dir='ltr'>siquos</span> <span class='ocrx_word' id='word_1_143' title='bbox 1125 3256 1360 3354; x_wconf 86' lang='lat' dir='ltr'>habuerint,</span> 
     </span>
     <span class='ocr_line' id='line_1_22' title="bbox 188 3390 1364 3500; baseline -0.003 -30"><span class='ocrx_word' id='word_1_144' title='bbox 188 3390 418 3496; x_wconf 89' lang='lat' dir='ltr'>degradari,</span> <span class='ocrx_word' id='word_1_145' title='bbox 453 3391 672 3500; x_wconf 90' lang='lat' dir='ltr'>curiaeque</span> <span class='ocrx_word' id='word_1_146' title='bbox 703 3393 903 3473; x_wconf 89' lang='lat' dir='ltr'>saeculari</span> <span class='ocrx_word' id='word_1_147' title='bbox 932 3393 1034 3474; x_wconf 88' lang='lat' dir='ltr'>tradi</span> <span class='ocrx_word' id='word_1_148' title='bbox 1063 3393 1262 3498; x_wconf 88' lang='lat' dir='ltr'>jubentur</span> <span class='ocrx_word' id='word_1_149' title='bbox 1293 3416 1364 3495; x_wconf 89' lang='lat' dir='ltr'>ge-</span> 
     </span>
     <span class='ocr_line' id='line_1_23' title="bbox 187 3523 1363 3636; baseline -0.002 -33"><span class='ocrx_word' id='word_1_150' title='bbox 187 3523 378 3604; x_wconf 90' lang='lat' dir='ltr'>neraliter</span> <span class='ocrx_word' id='word_1_151' title='bbox 407 3551 551 3606; x_wconf 90' lang='lat' dir='ltr'>omnes</span> <span class='ocrx_word' id='word_1_152' title='bbox 588 3553 669 3607; x_wconf 95' lang='lat' dir='ltr'>non</span> <span class='ocrx_word' id='word_1_153' title='bbox 702 3527 952 3636; x_wconf 79' lang='lat' dir='ltr'>Presbyteri,</span> <span class='ocrx_word' id='word_1_154' title='bbox 983 3524 1051 3633; x_wconf 91' lang='lat' dir='ltr'>qui</span> <span class='ocrx_word' id='word_1_155' title='bbox 1094 3523 1263 3604; x_wconf 88' lang='lat' dir='ltr'>missam</span> <span class='ocrx_word' id='word_1_156' title='bbox 1297 3547 1363 3603; x_wconf 91' lang='lat' dir='ltr'>ce-</span> 
     </span>
     <span class='ocr_line' id='line_1_24' title="bbox 188 3655 1361 3759; baseline 0 -23"><span class='ocrx_word' id='word_1_157' title='bbox 188 3657 361 3759; x_wconf 88' lang='lat' dir='ltr'>lebrare,</span> <span class='ocrx_word' id='word_1_158' title='bbox 396 3668 468 3741; x_wconf 92' lang='lat' dir='ltr'>aut</span> <span class='ocrx_word' id='word_1_159' title='bbox 507 3659 846 3742; x_wconf 88' lang='lat' dir='ltr'>sacramentalem</span> <span class='ocrx_word' id='word_1_160' title='bbox 888 3658 1186 3741; x_wconf 86' lang='lat' dir='ltr'>confessionem</span> <span class='ocrx_word' id='word_1_161' title='bbox 1219 3655 1361 3737; x_wconf 89' lang='lat' dir='ltr'>audire</span> 
     </span>
     <span class='ocr_line' id='line_1_25' title="bbox 187 3791 1360 3903; baseline 0 -32"><span class='ocrx_word' id='word_1_162' title='bbox 187 3793 563 3902; x_wconf 89' lang='lat' dir='ltr'>praesumpserint:</span> <span class='ocrx_word' id='word_1_163' title='bbox 598 3793 665 3875; x_wconf 88' lang='lat' dir='ltr'>alii</span> <span class='ocrx_word' id='word_1_164' title='bbox 697 3821 794 3876; x_wconf 90' lang='lat' dir='ltr'>vero</span> <span class='ocrx_word' id='word_1_165' title='bbox 826 3803 978 3900; x_wconf 90' lang='lat' dir='ltr'>negant</span> <span class='ocrx_word' id='word_1_166' title='bbox 1019 3791 1360 3903; x_wconf 85' lang='lat' dir='ltr'>irregularitatem</span> 
     </span>
     <span class='ocr_line' id='line_1_26' title="bbox 175 3925 1361 4035; baseline 0.005 -38"><span class='ocrx_word' id='word_1_167' title='bbox 175 3925 254 4006; x_wconf 87' lang='lat' dir='ltr'>tali</span> <span class='ocrx_word' id='word_1_168' title='bbox 296 3953 394 4007; x_wconf 90' lang='lat' dir='ltr'>casu</span> <span class='ocrx_word' id='word_1_169' title='bbox 428 3955 453 4008; x_wconf 90' lang='lat' dir='ltr'>a</span> <span class='ocrx_word' id='word_1_170' title='bbox 483 3927 586 4009; x_wconf 88' lang='lat' dir='ltr'>laico</span> <span class='ocrx_word' id='word_1_171' title='bbox 628 3928 796 4028; x_wconf 91' lang='lat' dir='ltr'>incurri,</span> <span class='ocrx_word' id='word_1_172' title='bbox 831 3929 927 4035; x_wconf 91' lang='lat' dir='ltr'>quia</span> <span class='ocrx_word' id='word_1_173' title='bbox 959 3925 1238 4032; x_wconf 86' lang='lat' dir='ltr'>irregularitas</span> <span class='ocrx_word' id='word_1_174' title='bbox 1280 3950 1361 4004; x_wconf 93' lang='lat' dir='ltr'>non</span> 
     </span>
     <span class='ocr_line' id='line_1_27' title="bbox 186 4057 1359 4169; baseline -0.003 -29"><span class='ocrx_word' id='word_1_175' title='bbox 186 4057 454 4164; x_wconf 89' lang='lat' dir='ltr'>contrahitur,</span> <span class='ocrx_word' id='word_1_176' title='bbox 489 4063 565 4142; x_wconf 88' lang='lat' dir='ltr'>nisi</span> <span class='ocrx_word' id='word_1_177' title='bbox 599 4066 641 4143; x_wconf 91' lang='lat' dir='ltr'>in</span> <span class='ocrx_word' id='word_1_178' title='bbox 672 4063 839 4143; x_wconf 88' lang='lat' dir='ltr'>casibus</span> <span class='ocrx_word' id='word_1_179' title='bbox 865 4063 958 4169; x_wconf 86' lang='lat' dir='ltr'>jure</span> <span class='ocrx_word' id='word_1_180' title='bbox 990 4059 1223 4168; x_wconf 78' lang='lat' dir='ltr'>expressis3</span> <span class='ocrx_word' id='word_1_181' title='bbox 1249 4059 1359 4165; x_wconf 89' lang='lat' dir='ltr'>atqui</span> 
     </span>
     <span class='ocr_line' id='line_1_28' title="bbox 187 4191 1361 4304; baseline -0.002 -30"><span class='ocrx_word' id='word_1_182' title='bbox 187 4193 299 4275; x_wconf 94' lang='lat' dir='ltr'>nullo</span> <span class='ocrx_word' id='word_1_183' title='bbox 326 4194 419 4302; x_wconf 84' lang='lat' dir='ltr'>jure</span> <span class='ocrx_word' id='word_1_184' title='bbox 456 4223 698 4304; x_wconf 85' lang='lat' dir='ltr'>expressum</span> <span class='ocrx_word' id='word_1_185' title='bbox 739 4197 841 4278; x_wconf 89' lang='lat' dir='ltr'>satis</span> <span class='ocrx_word' id='word_1_186' title='bbox 872 4195 1092 4294; x_wconf 89' lang='lat' dir='ltr'>invenitur,</span> <span class='ocrx_word' id='word_1_187' title='bbox 1126 4193 1234 4300; x_wconf 89' lang='lat' dir='ltr'>quod</span> <span class='ocrx_word' id='word_1_188' title='bbox 1267 4191 1361 4272; x_wconf 89' lang='lat' dir='ltr'>talis</span> 
     </span>
     <span class='ocr_line' id='line_1_29' title="bbox 187 4325 1361 4435; baseline 0.002 -31"><span class='ocrx_word' id='word_1_189' title='bbox 187 4325 316 4408; x_wconf 90' lang='lat' dir='ltr'>laicus</span> <span class='ocrx_word' id='word_1_190' title='bbox 348 4327 690 4435; x_wconf 82' lang='lat' dir='ltr'>irregularitatem</span> <span class='ocrx_word' id='word_1_191' title='bbox 723 4329 921 4428; x_wconf 88' lang='lat' dir='ltr'>incurrat,</span> <span class='ocrx_word' id='word_1_192' title='bbox 952 4327 1035 4406; x_wconf 94' lang='lat' dir='ltr'>imo</span> <span class='ocrx_word' id='word_1_193' title='bbox 1067 4327 1190 4406; x_wconf 89' lang='lat' dir='ltr'>istum</span> <span class='ocrx_word' id='word_1_194' title='bbox 1224 4325 1361 4432; x_wconf 89' lang='lat' dir='ltr'>dispo·</span> 
     </span>
     <span class='ocr_line' id='line_1_30' title="bbox 184 4457 1360 4570; baseline 0.001 -34"><span class='ocrx_word' id='word_1_195' title='bbox 184 4457 332 4540; x_wconf 88' lang='lat' dir='ltr'>sitione</span> <span class='ocrx_word' id='word_1_196' title='bbox 359 4461 466 4568; x_wconf 90' lang='lat' dir='ltr'>juris</span> <span class='ocrx_word' id='word_1_197' title='bbox 496 4461 715 4545; x_wconf 86' lang='lat' dir='ltr'>statuentis</span> <span class='ocrx_word' id='word_1_198' title='bbox 742 4462 1055 4570; x_wconf 86' lang='lat' dir='ltr'>irregularitatis</span> <span class='ocrx_word' id='word_1_199' title='bbox 1087 4485 1261 4568; x_wconf 91' lang='lat' dir='ltr'>poenam</span> <span class='ocrx_word' id='word_1_200' title='bbox 1285 4459 1360 4538; x_wconf 88' lang='lat' dir='ltr'>rni-</span> 
     </span>
    </p>
   </div>
   <div class='ocr_carea' id='block_1_4' title="bbox 0 0 1684 5126">
    <p class='ocr_par' dir='ltr' id='par_1_5' title="bbox 0 0 1684 5126">
     <span class='ocr_line' id='line_1_31' title="bbox 0 0 1684 5126; baseline 0 0"><span class='ocrx_word' id='word_1_201' title='bbox 0 0 1684 5126; x_wconf 95' lang='lat' dir='ltr'> </span> 
     </span>
    </p>
   </div>
  </div>
 </body>
</html>
