3380 5132
541 351 645 398 mm
665 351 698 396 v·
724 367 767 381 -
789 351 933 400 munus
954 354 978 415 1,
1310 336 1354 403 43

170 477 348 560 indiciis
385 479 448 558 5.·
478 476 523 557 Si
556 474 747 585 specialis
776 475 995 584 inquisitio
1023 476 1072 560 fit
1099 505 1184 562 uon
1205 481 1257 562 ed
1280 507 1356 589 pu-

170 613 321 695 blicum
353 610 592 713 vindictam,
623 611 698 692 sed
729 613 784 694 ud
812 612 972 695 malum
1017 611 1183 722 aliquod
1219 614 1365 706 immi,

9 788 15 809 ι
166 773 271 830 nens
299 743 627 853 impediendum.
651 746 717 826 6st
736 745 782 825 Si
813 744 860 826 fir
889 745 940 826 de
963 744 1127 828 delictis
1158 745 1201 828 iu
1228 749 1351 830 dem·

165 904 271 960 num
302 877 426 980 tertii,
451 886 490 960 et
519 905 545 960 a
573 879 733 962 fortiori
762 879 1030 962 indemnem
1058 879 1349 990 Reipublicae.

164 1011 227 1093 Ite
256 1011 531 1094 Reiffenstuel
562 1013 626 1094 tit.
662 1013 728 1114 1⁰,
761 1013 836 1096 tie.
871 1016 916 1114 5,
950 1041 992 1096 n.
1030 1018 1136 1113 189,
1173 1022 1247 1096 oto.

256 1143 402 1253 Neque
420 1143 520 1226 huie
537 1143 774 1228 necessitati
788 1145 841 1227 de
858 1145 1159 1254 praemittenda
1179 1145 1352 1231 infamia

169 1277 210 1358 in
242 1278 411 1388 speciali
443 1278 723 1386 inquisitione,
757 1287 920 1388 preeter
960 1281 1171 1388 expositas
1202 1281 1352 1364 limita-

168 1415 300 1496 tiones
328 1413 577 1520 derogatum
608 1413 738 1495 fuisse
758 1413 922 1496 dicetur
943 1437 968 1492 e
988 1414 1152 1496 decreto
1179 1413 1350 1496 Concilii

168 1546 398 1630 Tridentini
429 1547 538 1658 Cap.
574 1551 620 1648 1,
652 1572 749 1629 cece.
779 1549 853 1629 14.
880 1545 989 1630 Nem
1021 1546 1079 1628 ibi
1109 1548 1234 1630 detur
1259 1548 1350 1654 qui·
1406 1575 1412 1582 ·

167 1682 260 1764 dem
287 1679 507 1790 Episcopis
538 1680 714 1764 fecultes
734 1680 981 1790 procedendi
1012 1688 1156 1764 contre
1185 1681 1349 1765 occult-a

165 1815 420 1898 Clericnrum
451 1813 615 1917 delicte,
644 1815 718 1898 sed
746 1813 1146 1924 mrajedieiatinr.
1181 1814 1290 1898 Hine
1310 1816 1346 1898 si

166 1947 383 2057 Episcopie
392 1947 662 2056 judicialiter
680 1949 901 2057 pinnedene
923 1947 1074 2056 volupe
1104 1947 1225 2049 foret,
1248 1955 1348 2030 tuno

162 2082 232 2190 jus
274 2082 490 2191 antiquum
532 2083 584 2162 ab
626 2083 728 2191 ipsis
772 2083 1080 2165 observandum
1122 2089 1260 2182 esset,
1304 2083 1344 2162 vi

167 2216 287 2323 cujus
317 2242 483 2324 semper
512 2216 681 2324 praevie
701 2215 874 2298 infamia
901 2215 1142 2322 requiritur.
1176 2215 1343 2298 indubi-

166 2357 298 2432 tetum
330 2350 440 2432 enim
461 2355 538 2450 est,
563 2349 672 2456 quod
690 2347 924 2432 Concilium
950 2347 1239 2430 Tridentinum
1262 2375 1345 2432 uon

165 2486 288 2568 modo
314 2485 385 2594 jus
414 2483 492 2567 hoe
523 2483 742 2593 antiquum
778 2509 865 2566 non
897 2483 1112 2584 substulit,
1143 2483 1218 2566 sed
1246 2485 1343 2602 imo

0 2666 1 2691 ι
164 2620 266 2703 illud
297 2647 491 2729 expresse
522 2619 780 2702 confirmavit
820 2619 1057 2700 innovando
1097 2619 1342 2702 decretalem

167 2753 441 2844 enatuere
484 2751 663 2860 prendo.
697 2753 758 2834 lte
799 2751 960 2836 Concil.
996 2753 1127 2836 Trid.
1153 2753 1256 2863 Cap.
1291 2755 1335 2851 5,

162 2913 259 2970 sese.
294 2888 357 2972 24
385 2884 439 2968 de
468 2887 704 2996 Reformut.

250 3021 306 3103 At
335 3046 419 3103 non
449 3020 572 3102 modo
603 3021 646 3102 in
677 3019 845 3130 speciali
868 3017 1134 3127 inquisitione
1163 3019 1340 3125 requiri-

164 3165 247 3257 tur,
264 3163 313 3238 ut
325 3153 500 3236 iulumiu
530 3153 763 3261 praecedet,
786 3153 860 3234 scd
879 3152 1023 3252 etiem,
1041 3159 1088 3232 ut
1118 3149 1209 3234 Reo
1231 3175 1343 3234 oom-

164 3289 427 3372 munioentur
449 3285 645 3396 capitote,
666 3292 708 3367 et
729 3291 882 3396 punctu
902 3283 1197 3391 inquisitionis.
1217 3285 1342 3392 quue

164 3451 261 3508 eum
293 3423 499 3506 adfinem
529 3429 577 3504 ut
605 3419 723 3502 Reus
767 3418 899 3527 possit
944 3417 1132 3525 excipere
1167 3418 1217 3499 de
1257 3441 1341 3498 non

166 3562 274 3642 lectu
301 3556 486 3664 legitime
512 3551 818 3663 specifieatione
848 3551 948 3652 loni,
981 3549 1196 3660 temporis,
1240 3548 1343 3632 ulie-

163 3717 342 3800 rnmque
368 3687 794 3788 ercunsuntierum,
825 3711 941 3787 uum,
973 3683 1118 3765 habita
1144 3681 1219 3764 teli
1250 3709 1343 3790 spe-

163 3825 407 3927 cificatione,
443 3825 558 3906 Reus
588 3828 723 3932 potest
754 3819 917 3902 lucilius
952 3819 1240 3900 demomlrere
1281 3815 1344 3896 in-

161 3959 397 4042 nocentiam
424 3983 548 4040 suam
589 3955 881 4065 proclamando
913 3953 1088 4035 fortasse
1123 3949 1267 4058 ipsum
1297 3949 1340 4031 in

161 4094 235 4176 teli
256 4095 362 4197 loce,
382 4101 422 4176 et
441 4099 626 4200 ternpore
647 4089 859 4171 absentem
883 4085 1027 4168 luisse.
1049 4085 1152 4165 Item
1171 4081 1342 4188 insuper

164 4229 403 4338 requiritur,
425 4235 475 4310 ut
494 4225 666 4308 nomina
685 4221 852 4305 testium
868 4217 1132 4329 publicentur
1144 4214 1199 4296 ed
1219 4213 1343 4296 finem

167 4363 443 4471 cognoscendi
476 4360 589 4470 quid,
610 4367 649 4442 et
670 4385 696 4440 a
716 4383 797 4466 quo
820 4353 975 4438 dietum
994 4350 1133 4435 fuerit.
1160 4348 1343 4432 Tandem
