3356 5118
345 404 411 473 316
649 419 924 466 aaannncrronns
947 419 1041 466 rums
1064 419 1221 466 canomor

345 553 455 661 quod
495 550 588 658 quis
628 550 680 630 ad
716 544 1016 628 ordinationem
1058 545 1262 652 gradatim
1304 549 1531 653 procedere

345 686 479 787 debet,
513 685 667 765 scilicet
702 679 965 763 inferioribus
1006 679 1221 761 ordinibus
1262 681 1435 790 receptis
1465 685 1524 766 ad

344 819 580 928 superiores
612 817 852 899 ascendere.

403 956 550 1050 Quoad
582 959 720 1034 autem
743 951 968 1036 secundam
989 950 1272 1058 quaestionem
1303 953 1532 1059 responde-

344 1116 461 1170 mus:
494 1088 602 1196 quod
624 1089 815 1195 quamvis
835 1083 960 1192 aliqui
983 1083 1234 1184 existiment,
1259 1083 1395 1165 taliter
1417 1113 1522 1194 pro-

346 1231 504 1305 motum
537 1247 627 1302 esse
659 1219 847 1301 absolute
889 1216 1172 1324 irregularem,
1217 1219 1351 1325 magis
1383 1229 1526 1302 tamen

346 1359 450 1439 inter
474 1355 565 1437 DD.
590 1354 793 1454 convenit,
818 1379 909 1433 esse
930 1361 1092 1432 tantum
1114 1351 1204 1457 ipso
1231 1351 1325 1458 jure
1345 1381 1527 1462 suspen-

345 1519 456 1594 sum,
490 1499 531 1572 et
560 1490 726 1598 quidem
756 1487 1017 1592 solummodo
1038 1486 1174 1594 quoad
1196 1485 1312 1567 illum
1334 1489 1523 1570 ordinem

347 1653 419 1734 per
457 1626 610 1706 saltum
650 1631 904 1730 susceptum,
949 1619 1217 1727 irregularem
1249 1628 1388 1703 autem
1424 1629 1525 1707 tunc

346 1759 527 1867 primum
558 1757 661 1857 fieri,
696 1782 792 1838 cum
814 1756 855 1835 in
877 1753 954 1836 hoc
984 1754 1126 1835 ordine
1157 1766 1366 1863 suscept0,
1397 1757 1460 1838 vel
1481 1761 1523 1841 in

346 1893 431 1993 illo,
464 1918 586 2000 quem
616 1891 826 1998 suscipere
857 1887 1012 1989 omisit,
1052 1889 1362 1972 ministraverit.
1398 1893 1524 2002 quue

348 2053 491 2108 verum
523 2035 599 2128 est,
632 2025 719 2106 sive
751 2025 792 2106 in
823 2050 871 2105 eo
902 2024 1105 2106 ministret
1126 2031 1220 2108 ante
1251 2051 1347 2106 eum
1378 2053 1526 2109 susce-

346 2172 478 2270 ptum,
511 2160 598 2242 sive
629 2166 721 2269 post
760 2162 1056 2266 susceptum,si
1088 2159 1165 2240 hoc
1206 2158 1329 2240 faciat
1360 2161 1518 2270 absque

345 2295 530 2402 legitima
569 2293 762 2402 Episcopi
803 2293 1122 2400 dispensatione.
1164 2293 1208 2374 Si
1250 2294 1360 2374 enim
1401 2296 1523 2377 mini-

345 2430 491 2511 stravit
512 2438 621 2529 ante,
646 2429 690 2508 fit
711 2427 949 2534 irregularis
970 2434 1182 2536 tamquam
1210 2429 1449 2510 ministrans
1480 2431 1523 2510 in

345 2563 501 2665 ordine,
541 2590 674 2671 quem·
706 2560 954 2657 nonhabet,
989 2587 1064 2640 ceu
1096 2561 1289 2669 superius
1320 2563 1517 2662 vidimus

344 2699 379 2778 si
404 2709 495 2805 post
516 2677 631 2777 illum
647 2701 903 2802 susceptum,
924 2693 1063 2775 itidem
1079 2695 1124 2777 fit
1140 2697 1394 2804 irregularis,
1420 2700 1521 2806 quia

345 2857 441 2912 cum
472 2855 703 2936 suspensus
727 2828 781 2908 sit
815 2854 840 2908 a
879 2829 1110 2936 receptione
1151 2831 1306 2911 ordinis
1342 2841 1523 2939 praeter-

344 2963 477 3066 missi,
507 2970 725 3072 postquam
747 2963 864 3044 illum
884 2964 973 3044 sine
994 2965 1298 3072 dispensatione
1320 2969 1518 3075 suscepit,

345 3107 483 3181 manet
509 3098 644 3180 adhuc
673 3119 903 3205 suspensus
935 3098 986 3178 ab
1013 3100 1102 3206 ejus
1128 3100 1396 3203 executione,
1422 3079 1519 3209 ergo

343 3235 378 3314 si
410 3261 506 3314 cum
538 3232 607 3313 illa
636 3257 812 3314 censura
844 3232 1062 3333 ministrat,
1097 3234 1141 3315 fit
1173 3235 1426 3340 irregularis
1463 3237 1523 3317 Ita

344 3367 532 3449 Barbosa
563 3369 604 3447 in
638 3367 804 3447 Collect.
845 3367 945 3447 DD.
985 3366 1041 3446 ad
1062 3394 1151 3476 cup.
1187 3369 1296 3450 unic.
1332 3369 1373 3448 h.
1410 3379 1439 3450 t.
1471 3369 1524 3450 Et

344 3503 714 3608 Sclrmalzgrueber
744 3501 784 3580 h.
821 3509 850 3580 t.
885 3531 926 3580 n.
965 3503 1010 3582 5.
1488 3611 1494 3616 =

405 3635 498 3714 Dixi
518 3637 807 3744 sine'lepitima
829 3635 1143 3745 disponsatione,
1168 3637 1266 3744 quia
1287 3637 1520 3718 Concilium

344 3766 602 3849 Tridentium
631 3793 726 3849 sess.
752 3773 828 3860 23,
850 3795 941 3878 cup.
966 3772 1024 3849 14
1045 3769 1249 3878 Episcopo
1276 3777 1521 3879 potestatem

344 3902 529 3984 concedit
558 3903 820 4010 dispensandi
849 3904 889 3983 in
910 3907 1167 4014 suspensione
1187 3932 1281 3986 cum
1314 3907 1517 4013 promotis

342 4065 415 4147 per
444 4037 612 4138 saltum,
636 4039 671 4117 si
704 4038 745 4117 in
776 4038 925 4118 ordine
946 4039 1006 4119 sic
1036 4050 1228 4146 suscepto
1269 4066 1351 4120 non
1392 4039 1520 4119 mini-

343 4171 574 4253 straverint.
