3136 5138
446 1863 683 1948 TITULUS
715 1865 817 1949 VIII.

324 2136 389 2215 De
422 2133 621 2242 Conjnpio
652 2135 939 2246 Leprosorum.

172 2536 223 2616 l.⁰
238 2534 395 2618 Notant
408 2535 476 2618 hic
490 2537 688 2618 Doctores
705 2563 801 2620 oum
822 2538 1095 2624 Reiffenstuel
1118 2543 1159 2626 h.
1181 2553 1209 2625 t.

89 2680 165 2748 tum.
185 2673 224 2769 9,
248 2670 358 2777 quod
388 2669 543 2752 dictum
574 2676 636 2750 est
666 2671 716 2750 de
737 2670 852 2778 lepra
881 2672 1098 2756 dicendum
1124 2703 1215 2758 esse

89 2787 121 2868 dt
142 2803 273 2906 quovis
303 2803 384 2885 alio
414 2804 573 2902 morbo,
619 2811 721 2910 puta
760 2805 955 2914 paralysi,
999 2795 1211 2918 epilepsia,

89 2923 208 3043 aliaque
237 2936 478 3019 infirmitate
508 2937 723 3019 incurabili
765 2947 929 3048 propter
959 2941 1212 3026 identitatem

88 3063 229 3152 rationis.
250 3072 386 3178 Lepra
408 3079 547 3152 autem
564 3069 751 3179 aliusque
773 3073 944 3154 morbus
964 3101 1040 3156 neo
1060 3075 1216 3156 dirimit

86 3215 135 3277 ree
157 3204 320 3314 impedit
349 3204 659 3285 matrimonium
679 3204 1002 3288 contrahendum
1028 3208 1151 3315 juxta
1171 3210 1212 3290 id

85 3338 156 3430 quod
174 3339 296 3422 habet
311 3339 548 3440 Alexander
567 3339 617 3418 III
638 3338 681 3420 in
701 3340 905 3422 Decretali
928 3341 1024 3422 data
1044 3343 1095 3424 ad
1116 3343 1216 3451 Epi·

85 3483 216 3576 Sropum
258 3472 527 3580 Bajoeensem
569 3499 659 3583 cap.
695 3474 722 3552 2
753 3471 794 3553 t.
830 3480 881 3553 t.:
918 3474 1144 3580 ‹LeprosI,
1178 3477 1212 3556 si

84 3605 249 3689 continere
266 3608 427 3708 nolunt,
447 3613 486 3688 et
502 3606 681 3714 aliquam
687 3637 705 3707 ,*
718 3631 824 3714 quae
844 3607 924 3687 sibi
945 3609 1101 3692 nubere
1119 3612 1215 3692 velit

84 3728 286 3844 invenerint,
320 3741 497 3823 liberum
528 3748 590 3822 est
619 3739 679 3822 eis
700 3741 752 3820 ad
773 3741 1084 3824 matrimonium
1114 3770 1211 3826 oon-

84 3869 194 3959 volare.
220 3911 238 3953 »
273 3875 451 3958 Proinde
482 3881 643 3957 tanturn
675 3875 861 3982 quaestio
883 3902 974 3956 esse
995 3884 1130 3985 potest
1150 3879 1214 3958 vel

83 3997 112 4084 de
132 4009 237 4120 lepra
265 4009 594 4118 superveniente,
639 4017 711 4090 aut
751 4007 884 4117 primo
925 4011 1090 4118 cognita
1119 4017 1213 4119 post

82 4137 153 4225 odia
182 4144 396 4255 sponsalia
426 4151 498 4225 aut
539 4142 687 4224 initum
728 4141 985 4250 eonjugium,
1019 4169 1209 4242 cumea,

33 4265 34 4268 ‘
82 4292 148 4374 qnae
177 4278 389 4390 sponsalia
418 4277 482 4358 vel
524 4275 835 4358 matrimonium
875 4276 1000 4359 edidit
1030 4303 1126 4360 eum
1155 4277 1213 4356 le-
1247 4367 1250 4376 ,

81 4425 180 4518 proso,
206 4439 288 4494 non
318 4411 450 4521 possit
479 4419 622 4519 postea
652 4409 704 4490 ab
735 4407 824 4516 ipso
855 4409 1063 4492 discedere
1091 4409 1212 4515 juxta

33 4561 34 4570 ¹
190 4569 219 4612 Τ.
233 4567 275 4611 Ill.
289 4579 302 4592 ·
316 4568 342 4612 P.
357 4567 377 4611 1.
