3264 5146
330 404 372 467 82
618 416 910 468 rmnnncrrouus
933 415 1027 467 runis
1051 415 1217 468 cruorum

339 572 587 626 consensum
607 543 877 626 sufficientem
900 544 951 624 ad
972 541 1297 640 matrimonium,
1320 549 1409 622 tum
1430 569 1506 650 po·

334 681 505 760 tentiam
527 678 730 759 actualem
746 678 797 759 ad
814 677 1047 758 habendam
1062 675 1254 784 copulam
1270 675 1503 757 maritalem

335 839 425 894 esse
456 839 507 894 ex
534 813 628 920 jure
658 820 847 914 riaturae3
882 810 994 919 atqui
1026 810 1120 892 licet
1156 809 1336 919 primum
1366 809 1422 892 sit
1451 812 1502 892 de

330 947 425 1054 J'ure
446 956 616 1027 naturae
638 945 918 1027 necessarium
941 944 1165 1050 (nonenim
1183 953 1245 1025 est
1264 950 1504 1025 contractus

334 1080 422 1162 sine
453 1107 672 1179 consensu,
707 1105 781 1160 nec
812 1105 1039 1160 consensus
1069 1078 1159 1159 sine
1196 1077 1387 1185 expedito
1419 1105 1502 1158 usu

336 1212 542 1319 rationis),
568 1213 708 1318 nequit
727 1211 862 1318 quoad
893 1210 1065 1292 alterum
1092 1209 1304 1312 sustineri3
1328 1203 1504 1318 proinde

336 1343 425 1423 solo
451 1343 542 1450 J'ure
563 1343 737 1452 positivo
757 1343 940 1426 humano
962 1345 1013 1425 ad
1034 1345 1215 1425 valorem
1245 1343 1499 1426 matrimonii

335 1479 531 1584 pubertas
562 1478 796 1586 requiritur.
829 1477 873 1558 ld
903 1486 995 1591 post
1020 1479 1063 1558 S.
1089 1477 1291 1558 Thomam
1323 1477 1364 1556 in
1385 1481 1413 1558 4
1433 1476 1501 1557 di-

333 1613 467 1692 stinet.
495 1614 547 1691 36
570 1619 723 1720 quaest.
759 1614 865 1692 unic.
901 1620 984 1694 orl.
1012 1616 1196 1714 5tenent
1226 1596 1505 1692 communiter

335 1745 531 1826 Doctores
552 1745 695 1854 paucis
716 1745 911 1853 exceptis
938 1745 1210 1826 Conlormiter
1230 1746 1282 1826 ad
1303 1744 1380 1825 hoc
1410 1771 1500 1824 rem

334 1903 498 1958 omnem
514 1878 706 1985 explanat
722 1877 969 1958 Benedictus
985 1879 1084 1957 XIV
1104 1878 1147 1957 in
1167 1877 1292 1959 citata
1311 1875 1501 1985 Epistola

338 2015 556 2121 «Melpuoe
576 2011 705 2091 Nobis
726 2044 744 2087 ι»
775 2012 876 2091 cloto
897 2013 963 2092 die
983 2015 1038 2090 29
1059 2013 1178 2093 Jcnlt
1203 2011 1327 2110 1748,
1353 2009 1394 2090 in
1415 2036 1502 2116 qua

333 2153 552 2254 postquam
582 2146 818 2253 exposuerit
848 2146 1145 2227 cumulativum
1172 2145 1242 2252 jus
1272 2169 1363 2224 esse
1393 2143 1502 2225 inter

335 2279 615 2386 Apostolicam
637 2279 785 2360 Sedem
807 2289 846 2359 et
865 2281 889 2359 J
893 2279 1030 2360 udices
1053 2278 1292 2360 Ordinarios
1313 2277 1499 2358 locorum

335 2413 605 2516 cognoscendi
636 2421 675 2493 et
705 2413 1009 2514 pronuntiandi,
1044 2413 1169 2493 an'in
1201 2411 1306 2492 lacto
1337 2410 1498 2492 malitia

333 2546 523 2653 suppleat
562 2554 736 2628 aetatem
766 2555 807 2628 et
836 2547 958 2628 dandi
999 2547 1286 2628 declaratorias
1323 2545 1496 2644 litteras,

334 2679 555 2760 subsumit:
590 2713 608 2754 «
623 2683 876 2790 privativum
896 2682 1156 2789 Apostolicae
1177 2679 1297 2761 Sedis
1313 2680 1383 2787 jus
1404 2705 1500 2760 esse

338 2846 356 2886 ι
378 2815 622 2909 concedendi
639 2815 984 2922 dispensationem
1001 2817 1052 2895 ad
1068 2814 1390 2896 contrahendum
1406 2839 1499 2893 ma·
1613 2795 1614 2806 Ν

338 2947 614 3028 »trimonium
646 2947 862 3054 impuberi,
898 2951 966 3057 qui
999 2976 1070 3058 per
1100 2957 1191 3029 aeta
1192 2957 1273 3028 tem
1310 2946 1494 3026 nondum

339 3083 580 3191 »conjugali
611 3085 780 3191 copulae
810 3093 999 3166 maturus
1039 3095 1114 3185 est,
1085 3085 1276 3166 ttsed
1260 3091 1398 3163 tamen
1427 3107 1499 3162 ra·

340 3215 500 3296 »tionis
532 3244 611 3297 usu
643 3217 909 3366 itapollet,u
911 3226 1034 3299 ttma
1036 3217 1197 3298 rimonii
1229 3213 1497 3297 contrahendi

339 3382 356 3423 >
377 3349 460 3428 vim
477 3359 517 3430 et
538 3358 727 3432 naturam
748 3351 789 3430 in
792 3351 961 3457 etlligat.
932 3351 1148 3432 Etenim
1170 3350 1221 3431 ad
1242 3349 1383 3430 validit
1367 3355 1497 3429 talem

339 3482 626 3564 »matrimonii
633 3485 1013 3591 ,quemadmodum
1044 3483 1214 3565 rationis
1236 3511 1338 3564 usus
1359 3480 1499 3589 requi-

339 3647 357 3684 »
378 3612 430 3694 rit
432 3641 482 3694 ur
512 3615 601 3695 de
586 3643 678 3721 Jure
710 3627 780 3698 nat
765 3617 886 3698 turali
918 3626 958 3697 et
943 3617 1136 3718 tdivin0,
1162 3619 1219 3697 ita
1239 3627 1304 3698 act
1288 3615 1411 3698 tualis
1443 3615 1498 3696 ad

339 3745 634 3852 »conjugalem
665 3749 853 3856 copulam
894 3758 964 3856 pot
965 3757 1034 3830 ent
1035 3750 1075 3829 ia
1018 3749 1204 3830 lde
1189 3775 1281 3856 Jure
1318 3747 1425 3856 posit
1427 3747 1498 3828 ivo

337 3878 586 3960 »canonico
621 3878 837 3963 Romanus
868 3909 919 3962 au
924 3891 1004 3964 tem
1036 3881 1223 3962 Pontifex
1266 3887 1327 3961 est
1367 3906 1498 3987 supra

335 4010 441 4118 »J'us
463 4013 764 4094 canonicum.»
800 4015 892 4108 Qua
912 4016 1206 4098 decisionet
1139 4024 1206 4097 vet
1209 4043 1257 4096 us
1278 4015 1348 4096 illa
1369 4039 1499 4122 quae-

330 4143 410 4225 stio
441 4147 658 4228 terminata
687 4158 749 4230 est
753 4150 1069 4258 ,quamvisfat
1028 4129 1306 4232 atendumt
1251 4150 1306 4232 sit
1330 4149 1498 4257 dispen-

330 4276 511 4359 sationes
531 4307 655 4388 super
674 4283 744 4363 tali
767 4283 1055 4392 impedimento
1076 4283 1286 4364 rarissime
1306 4283 1491 4384 concedi,

331 4417 371 4491 et
402 4413 563 4494 nonnisi
598 4424 743 4522 urgent
745 4417 889 4498 issima
917 4415 1209 4499 interveniente
1232 4415 1389 4498 necessi
1390 4423 1494 4517 t,ale
