3380 5132
526 435 633 485 nmen
656 434 702 482 ιν.
727 451 748 466 -
770 433 908 484 rtrums
931 435 1001 485 xix.
1284 421 1348 484 311·

182 562 372 668 »gionis,
397 562 614 642 sedetiam
646 588 720 668 pro
752 559 1020 641 humanitatis
1042 561 1227 666 gentium
1250 587 1343 668 prov

184 695 488 803 »pugnavisse
524 696 659 788 Quam
691 695 741 776 ad
782 721 869 775 rem
899 695 1034 774 omnis
1075 696 1348 777 admirabitur

182 829 440 936 »posteritas
472 829 609 910 invicti
641 828 767 908 animi
799 829 1045 909 documenta
1075 855 1100 908 a
1132 829 1303 910 Nicolao
1330 833 1347 910 Ι
1453 901 1455 904 ,

187 997 205 1032 »
226 961 335 1042 edita
366 941 564 1042 adversus
594 961 853 1062 Lotharium3
887 963 939 1041 ab
963 961 1129 1042 Urbano
1150 963 1183 1043 ll
1205 973 1243 1042 et
1265 965 1345 1042 Pa-

188 1129 206 1166 »
227 1094 354 1174 schali
375 1095 408 1172 ll
430 1096 629 1174 adversus
649 1093 885 1202 Philippum
904 1094 920 1172 l
941 1121 1079 1201 regem
1100 1095 1325 1177 Galliarum
1333 1129 1344 1198 ;

190 1267 207 1300 s
228 1256 253 1308 a
283 1228 511 1310 Caelestino
541 1231 591 1309 lll
621 1237 660 1309 et
694 1229 927 1309 Innocentio
957 1231 1007 1310 III
1046 1231 1244 1311 adversus
1274 1233 1346 1312 Al·

191 1401 208 1434 »
229 1363 436 1472 phonsum
452 1389 477 1442 a
492 1365 628 1443 Leone
649 1372 689 1443 et
708 1363 945 1471 Philippum
960 1364 994 1443 ΙΙ
1010 1365 1235 1472 principem
1252 1366 1349 1446 Gal·

190 1497 393 1598 »liarum3
427 1524 451 1576 a
481 1496 687 1577 Clemente
718 1497 790 1576 Vll
820 1508 859 1577 et
889 1498 1035 1578 Paullo
1065 1501 1114 1578 lll
1150 1500 1350 1579 adversus

191 1630 455 1710 »Hominum
486 1631 590 1731 Vlll;
625 1631 797 1738 denique
829 1658 854 1710 a
883 1631 957 1712 Pio
984 1633 1056 1712 Vll
1087 1635 1351 1714 sanctissimo

191 1799 207 1838 »
229 1764 532 1870 fortissimoque
558 1763 756 1844 Pontifice
786 1764 985 1844 adversus
1015 1765 1294 1873 Napoleonem
1314 1766 1347 1866 l,

192 1899 420 1978 »secundis
441 1897 565 1978 rebus
596 1906 635 1977 et
656 1897 938 2004 magnitudine
970 1897 1128 2006 imperii
1161 1900 1351 1980 exultan-

191 2069 208 2106 »
232 2041 327 2113 tem.
352 2031 507 2123 -Quae
539 2058 634 2111 cum
665 2031 722 2110 ita
750 2031 848 2131 sint,
882 2057 1025 2112 omnes
1056 2034 1352 2138 gubernatores

193 2165 665 2273 »administratoresque
706 2193 843 2245 rerum
883 2166 1166 2274 publicarum,
1209 2169 1245 2246 si
1286 2195 1352 2248 ra-

194 2337 209 2372 »
232 2301 382 2380 tionem
405 2299 535 2407 sequi,
555 2301 590 2378 si
613 2300 873 2407 sapientiam,
892 2300 927 2378 si
950 2299 1082 2406 ipsam
1105 2301 1349 2408 populorum

196 2471 213 2548 p
236 2434 449 2514 utilitatem
474 2433 713 2534 voluissent,
738 2433 859 2514 malle
890 2433 1115 2514 debuerant
1141 2439 1351 2518 sacrasde

195 2565 494 2647 »matrimonio
525 2567 635 2673 leges
668 2568 840 2648 intactas
871 2593 1051 2669 manere,
1085 2569 1351 2678 oblatumque

195 2735 213 2774 »
234 2701 441 2780 Ecclesiae
459 2701 742 2806 adjumentum
764 2702 804 2780 in
821 2701 990 2781 tutelam
1009 2729 1170 2783 morum
1188 2731 1354 2812 prospe-

196 2871 212 2908 »
235 2835 476 2940 ritatemque
498 2833 747 2914 familiarum
764 2834 973 2937 adhibere,
993 2863 1117 2943 quam
1134 2838 1266 2944 ipsam
1285 2863 1356 2916 vo-

196 3005 214 3042 »
234 2995 326 3050 care
347 2967 573 3048 Ecclesiam
606 2969 646 3048 in
668 2969 947 3076 suspicionem
979 2971 1232 3071 inimicitiae,
1256 2979 1295 3052 et
1317 2971 1359 3050 in

197 3135 214 3172 »
236 3099 382 3179 falsam
404 3108 525 3206 atque
547 3100 728 3207 iniquam
747 3100 884 3180 violati
902 3101 1009 3207 juris
1030 3102 1160 3182 civilis
1182 3104 1357 3182 insimu-

198 3231 444 3311 »lationem
469 3277 488 3290 -
510 3231 650 3339 quue
680 3233 830 3339 magia
865 3235 973 3339 quod
1004 3233 1189 3313 Ecclesia
1219 3235 1359 3315 catho-

197 3364 327 3462 »lica
355 3365 462 3445 utin
484 3392 527 3445 re
548 3366 660 3446 nulla
691 3373 825 3473 potest
855 3366 907 3445 ab
940 3367 1135 3472 religione
1166 3367 1286 3447 officii
1319 3381 1358 3448 et

199 3499 471 3582 »defensione
496 3499 604 3606 juris
634 3499 700 3579 sui
731 3499 949 3599 declinare,
975 3501 1031 3582 ita
1052 3499 1228 3581 maxime
1254 3503 1358 3584 solet

134 3703 138 3712 .
201 3661 330 3744 »esse
360 3636 412 3714 ad
433 3634 725 3740 benignitatem
757 3611 1134 3742 indulgentiamque
1165 3636 1357 3742 proclivis

200 3803 217 3842 »
238 3770 279 3848 in
296 3770 421 3848 rebus
436 3768 644 3867 omnibus,
665 3795 769 3875 quae
790 3795 883 3849 oum
906 3769 1185 3850 incolumitate
1202 3771 1358 3877 jurium

203 3937 220 3974 »
241 3909 280 3980 et
300 3901 513 3980 sanctitate
530 3901 758 3982 officiorum
781 3929 952 3982 suorum
970 3912 1142 4009 possunt
1160 3932 1243 3984 una
1264 3932 1359 3984 cou-

202 4035 399 4115 »sistere
431 4033 566 4127 Quam
598 4035 650 4114 ob
681 4061 768 4114 rem
798 4035 897 4115 nihil
930 4061 1110 4142 unquam
1142 4037 1191 4117 de
1221 4038 1364 4118 matri-

203 4167 393 4250 ›moniis
414 4167 572 4266 statuit,
597 4167 695 4274 quin
716 4175 946 4275 respectum
978 4168 1167 4250 habuerit-
1197 4172 1247 4250 ad
1278 4178 1363 4251 sta-

203 4313 331 4384 »tum
362 4300 683 4401 communitatis,
718 4299 768 4380 ad
805 4296 1058 4382 conditiones
1098 4303 1367 4410 populorum;¹

204 4471 221 4510 ›
241 4463 316 4518 nec
336 4437 463 4518 semel
483 4461 655 4516 suarum
678 4435 769 4542 ipsa
784 4434 921 4542 legum
942 4422 1207 4543 praescripta,
1227 4438 1366 4544 quoad
