3264 5146
278 479 318 544 18
563 495 855 548 rmuuucnouus
877 495 970 578 Junts
993 495 1162 548 cauomm

283 631 426 733 pertus
466 625 535 726 sit,
578 624 727 706 habeat
767 624 873 705 hano
913 623 1163 723 facultatem,
1198 647 1321 730 quam
1357 622 1446 730 opi-

282 755 445 837 nionem
479 757 580 839 satis
610 758 725 839 docte
755 756 934 840 defendit
958 759 1007 838 P.
1032 755 1227 838 Ballerini
1257 755 1301 836 in
1326 757 1446 836 Com-

273 889 428 1000 pendio
446 889 634 1001 Theolop.
649 891 805 973 Morol.
825 894 955 1000 Gurp.
967 893 1228 972 DeMotrim.
1243 890 1439 972 num.73l

280 1031 364 1105 not.
388 1027 479 1129 (d).
498 1070 519 1084 -
535 1025 598 1133 (g)
615 1025 702 1107 Per
723 1025 1050 1136 impedimentum
1080 1024 1275 1106 dirimens
1304 1050 1445 1136 super-

282 1159 453 1258 ueniens,
488 1157 748 1238 resolvuntur
778 1185 938 1265 quoque
968 1157 1189 1266 sponsalia,
1225 1165 1347 1265 prout
1375 1183 1445 1236 ex-

280 1298 456 1398 ponetur
484 1291 527 1370 in
559 1292 621 1372 tit.
654 1291 773 1372 XIII.
797 1337 817 1352 -
844 1291 906 1399 (h)
938 1291 1115 1372 Demum
1146 1289 1355 1398 sponsalia
1383 1289 1447 1371 di-

279 1424 371 1505 rimi
394 1434 568 1534 possunt
592 1451 669 1536 per
699 1423 1050 1537 dispensationem.
1076 1425 1164 1506 Etsi
1185 1423 1371 1506 Ecclesia
1391 1451 1445 1504 ex

112 1553 119 1566 ’
280 1557 399 1639 dietis
429 1557 613 1638 intendat
641 1557 763 1639 fidem
784 1583 875 1640 esse
895 1558 1140 1640 servandam
1167 1555 1439 1665 sponsalium,

280 1699 320 1771 et
344 1689 504 1798 judices
525 1691 789 1773 ecelesiastici
819 1699 1023 1798 nequeant
1044 1692 1086 1771 in
1107 1691 1252 1772 iisdem
1279 1689 1444 1798 dispen-

279 1848 372 1903 sare
403 1823 598 1906 alterutra
632 1831 745 1932 parte
776 1824 919 1925 invita,
948 1825 1019 1932 jus
1050 1824 1159 1906 enim
1189 1823 1287 1904 huic
1316 1849 1445 1930 quae-

277 1957 404 2039 situm
426 1967 504 2060 est;
522 1985 642 2040 nemo
659 1966 797 2040 tamen
812 1983 963 2066 negare
982 1960 1130 2069 poterit
1150 1959 1190 2040 id
1207 1957 1313 2066 juris
1328 1983 1441 2038 eom·

34 2095 41 2102 ’
142 2151 144 2157 -
277 2099 413 2202 petere
432 2089 622 2173 Romano
644 2091 846 2194 Pontifici,
871 2095 940 2202 qui
972 2092 1205 2202 ceteroquin
1235 2091 1332 2172 huie
1356 2091 1442 2198 juri-

278 2225 398 2306 tertio
421 2225 606 2332 quaesito
622 2253 703 2306 non
719 2226 984 2334 praejudicat,
1007 2227 1085 2307 nisi
1103 2251 1296 2334 expresse
1313 2225 1436 2325 dicat,

277 2365 317 2439 et
337 2357 416 2438 nisi
437 2358 666 2441 habeantur
680 2385 833 2440 causae
852 2361 954 2441 satis
976 2387 1123 2467 graves
1139 2369 1179 2440 et
1199 2359 1439 2466 praesertim

276 2491 539 2599 respicientes
578 2493 790 2600 publicum
829 2497 999 2575 bonum.
1034 2495 1148 2575 Haeo
1188 2492 1438 2601 dispensatio

275 2623 512 2706 conceditur
550 2653 575 2706 a
606 2629 649 2709 S.
694 2626 1018 2734 Congregatione
1054 2627 1224 2709 Concilii
1260 2652 1311 2706 ex
1347 2627 1438 2705 Au-

276 2756 429 2838 dientia
450 2757 603 2865 Papam
637 2766 677 2840 et
707 2759 798 2866 ipsa
827 2758 975 2841 raritas
1005 2759 1242 2867 hujusmodi
1274 2757 1439 2865 dispen-

274 2890 483 2972 sationum
504 2916 677 2998 arguere
699 2890 794 2971 lacit
824 2891 1102 2974 difficultatem
1134 2893 1305 3000 gratiae.
1330 2889 1437 2972 Nos-

273 3023 348 3104 tris
379 3032 517 3106 autem
553 3024 807 3133 temporibus
846 3051 928 3105 non
959 3025 1125 3107 omnino
1166 3025 1437 3132 infrequentia

272 3165 370 3240 sunt
391 3156 491 3238 haec
512 3153 727 3264 Rescripta
747 3157 799 3237 ob
820 3156 1044 3238 infaustam
1064 3156 1434 3265 promulgationem

272 3291 375 3399 legis
400 3293 460 3373 sie
481 3291 611 3373 diotae
631 3291 880 3372 matrimonii
900 3291 1046 3372 civilis.
1071 3291 1305 3400 Aliquando
1326 3291 1434 3372 enim
1459 3386 1461 3398 Ι

272 3425 419 3525 evenit,
454 3432 500 3505 ut
530 3424 622 3533 quis
651 3433 788 3533 spreta
816 3425 895 3506 fide
931 3425 1186 3534 sponsalium
1222 3424 1434 3507 matrimo-

272 3555 388 3636 nium
419 3555 537 3637 ciuile
567 3583 662 3637 oum
693 3557 821 3639 altera
850 3557 1076 3660 contrahat,
1101 3566 1217 3640 etex
1248 3583 1297 3639 ea
1326 3556 1433 3638 filios

272 3687 484 3796 suscipiat,
510 3687 654 3769 deinde
672 3715 768 3769 vero
788 3699 899 3798 petat
913 3717 1009 3773 oum
1025 3691 1102 3772 hac
1123 3689 1432 3772 matrimonium

272 3819 315 3899 in
338 3817 440 3932 facie
460 3819 668 3902 Ecclesiae
689 3820 909 3904 celebrare.
935 3823 1133 3905 Obstante
1154 3821 1339 3903 Paroeho
1360 3822 1433 3903 ad-

270 3951 415 4033 sistere
455 3950 552 4033 huie
591 3952 853 4036 matrimonio
892 3963 1056 4063 propter
1097 3953 1432 4062 impedimentum

271 4083 541 4194 sponsalium,
567 4093 606 4167 et
625 4086 779 4194 sponsa
798 4088 960 4170 nolente
976 4089 1060 4197 juri
1081 4116 1158 4171 suo
1179 4089 1428 4189 renuntiare,

270 4221 470 4300 Summus
495 4203 685 4301 Pontilex
716 4231 900 4330 rogatur,
925 4230 972 4304 ut
1000 4232 1134 4306 stante
1166 4221 1432 4332 impossibili·

122 4379 124 4382 ·
268 4359 351 4435 tate
381 4351 527 4434 morali
548 4353 811 4437 contrahendi
833 4356 999 4464 nuptias
1020 4384 1114 4440 oum
1136 4383 1303 4466 sponsa,
1326 4380 1430 4465 quas

270 4487 337 4568 lex
369 4485 601 4602 civilisetsi
623 4487 908 4597 perinjurium
938 4490 1142 4599 legitimas
1163 4518 1245 4573 non
1264 4491 1434 4574 haberet
