3360 5126
41 4987 206 5042 ,.

303 369 375 436 244
610 390 881 438 ruscnnomouns
902 393 994 440 sums
1016 392 1173 440 cruorum

699 783 935 865 TITULUS
967 783 1073 867 XIII.

622 1047 696 1126 De
741 1045 1164 1128 Torneomentis

392 1321 511 1403 Sicut
527 1347 656 1403 causa
676 1321 885 1405 homicidii
916 1330 1014 1405 sunt
1034 1323 1159 1405 etiam
1180 1330 1480 1425 torneamenta,
1508 1338 1514 1345 '
1664 1353 1665 1432 ᾗ

304 1455 399 1537 hino
419 1457 471 1536 ad
493 1457 814 1537 continuandam
831 1457 1025 1565 praedioli
1044 1455 1229 1538 criminis
1244 1457 1480 1556 materiam,

302 1587 355 1670 B.
390 1585 666 1696 Raymundus
698 1599 953 1698 praesentem
985 1590 1192 1672 subnectit
1221 1588 1403 1689 titulum,
1434 1588 1486 1669 de

302 1747 385 1830 quo
417 1748 550 1828 pauca
579 1721 864 1830 obloquemur.

389 1854 710 1956 Torneamenta,
744 1883 819 1936 seu
851 1855 1080 1940 hastiludia
1111 1855 1211 1937 nihil
1233 1855 1344 1936 aliud
1366 1860 1486 1935 erant

302 1987 383 2069 nisi
423 1987 562 2088 feriae,
596 2016 669 2070 seu
702 1989 786 2071 ludi
818 1989 988 2096 publici,
1013 1991 1054 2072 in
1077 1990 1228 2099 quibus
1254 1987 1412 2096 equites
1434 2014 1486 2068 ex

311 2122 495 2205 condicto
527 2124 744 2205 convenire
774 2125 977 2224 solebant,
1007 2133 1046 2206 et
1068 2126 1160 2206 inde
1182 2123 1486 2205 circumeuntes

303 2257 442 2337 armis
473 2257 857 2363 congrediebantur,
891 2267 938 2340 ut
968 2258 1202 2357 audaciam,
1236 2267 1276 2338 et
1296 2255 1485 2365 peritiam

305 2389 498 2488 bellandi,
537 2416 584 2469 ac
616 2390 765 2472 virium
810 2391 1088 2472 tortitudinem
1129 2391 1265 2500 palam
1308 2390 1487 2472 lacerent

309 2526 415 2636 Cup.
454 2529 496 2618 1,
530 2523 572 2606 b.
607 2531 637 2604 t.

390 2659 561 2766 Duplici
593 2657 715 2737 modo
740 2644 826 2738 fieri
850 2666 1038 2766 poterant
1059 2657 1296 2765 hujusmodi
1324 2666 1489 2738 tornea·

309 2801 462 2891 menta,
497 2789 652 2870 scilicet
681 2800 752 2872 aut
783 2799 946 2892 temere,
980 2800 1020 2872 et
1050 2790 1254 2872 ordinarie
1289 2813 1384 2870 oum
1418 2814 1488 2896 pe-

309 2924 441 3005 riculo
464 2923 586 3025 vitae,
610 2933 682 3005 aut
705 2951 784 3005 non
807 2933 968 3026 temere,
996 2935 1036 3006 ct
1051 2926 1140 3006 sine
1158 2923 1341 3032 periculo
1361 2923 1484 3004 vitae.

393 3057 539 3140 Priora
569 3057 661 3138 lioet
693 3057 814 3138 veteri
848 3058 936 3164 lege
960 3059 1071 3139 civili
1095 3058 1298 3166 permissa
1320 3055 1490 3138 videan-

307 3200 389 3290 tur,
416 3191 509 3298 juro
541 3197 676 3271 lamen
709 3217 813 3270 novo
845 3190 945 3271 Cod.
982 3199 1022 3272 et
1052 3191 1273 3298 praecipue
1290 3190 1385 3296 jure
1406 3189 1488 3269 Ca-

306 3323 452 3407 nonico
484 3323 729 3430 gravissime
761 3323 964 3430 prohibita
997 3323 1177 3405 fuerunt.
1217 3323 1317 3402 Jure
1359 3347 1482 3420 nove,

306 3485 380 3546 ceu
424 3465 536 3565 patet
575 3485 625 3536 ex
660 3457 734 3566 lep.
768 3459 877 3540 unic.
920 3457 1021 3538 Cod.
1058 3456 1105 3538 cle
1140 3457 1378 3539 Gladiolor.
1415 3453 1487 3534 ubi

305 3594 528 3696 Imperator
559 3590 854 3671 Constantinus
895 3599 1066 3672 cruenta
1106 3589 1210 3673 haec
1251 3589 1489 3699 spectacula

308 3724 367 3806 uti
397 3732 497 3805 sunt
522 3733 805 3806 torneamenta
826 3725 990 3834 penitus
1014 3725 1174 3824 delevit,
1203 3725 1373 3834 ideoque
1394 3747 1487 3802 cor-

312 3863 446 3939 rectae
492 3857 658 3940 Iuerunt
699 3859 802 3968 lopes
839 3864 883 3959 7,
918 3864 959 3963 §.
997 3862 1025 3939 4
1047 3859 1106 3967 ff.
1142 3859 1199 3939 ad
1230 3859 1306 3968 lep.
1340 3857 1484 3966 nquit.

306 3999 343 4072 et
372 3997 404 4076 2
435 3997 460 4096 ἓ
492 3993 537 4074 S.
577 3993 624 4074 C.
655 4001 739 4075 tum
760 3995 819 4103 ff.
862 3992 911 4073 de
931 3993 1139 4086 Alector„
1164 4001 1204 4074 et
1222 3992 1376 4074 similia
1391 3991 1490 4099 jura

308 4127 430 4205 etiarn
462 4127 840 4230 consuetudinaria,
875 4127 911 4208 si
947 4128 1044 4236 quid
1076 4127 1327 4209 eontrarium
1350 4127 1491 4208 dacer-

310 4277 428 4358 nunt,
462 4287 556 4340 oum
584 4262 667 4368 juri
699 4261 875 4343 naturali
909 4263 1164 4343 consuetudo
1187 4262 1384 4367 derogare
1407 4285 1489 4340 non

313 4391 457 4499 possit.
497 4395 599 4506 Cap.
629 4395 712 4503 fin.
758 4395 808 4478 de
851 4395 1096 4479 Consuetud.
1140 4397 1239 4476 Jure
1280 4393 1488 4476 Canonico
