3264 5146
528 423 636 474 mam
659 423 705 474 iv.
732 441 748 456 -
774 423 912 474 rrrucus
935 423 954 472 1.
1295 409 1334 473 13

159 558 233 664 qui
253 555 457 663 justitiam
477 579 560 634 non
582 553 812 661 denegabit;
835 559 957 663 prout
976 551 1153 634 habetur
1174 553 1215 633 in
1235 555 1328 662 plu·

162 690 285 770 ribus
303 689 484 771 textibus
503 688 628 796 hujus
649 688 770 789 tituli,
789 697 828 770 et
849 715 898 769 ex
919 687 1035 797 praxi
1057 687 1326 771 tribunalium

159 823 551 905 ecclesiasticorum.
588 821 643 902 At
672 823 739 903 hic
779 821 997 904 difficultas
1036 823 1221 902 maxima
1255 823 1328 904 ha-

159 959 286 1039 betur
307 956 676 1039 indeterminando
706 958 843 1057 modo,
868 982 989 1064 quern
1017 953 1059 1035 in
1080 955 1234 1038 talibus
1260 959 1327 1065 ju-

157 1092 282 1174 diciis
310 1093 437 1199 judex
468 1089 770 1172 ecclesiasticus
800 1115 963 1171 servare
984 1088 1142 1188 debeat,
1167 1115 1263 1170 cum
1284 1089 1326 1170 in

160 1257 256 1340 cup.
287 1233 338 1310 10
362 1227 401 1306 b.
429 1235 458 1308 t.
483 1227 614 1307 edicat
632 1225 823 1307 Pontifex
853 1251 943 1306 essa
964 1226 1326 1333 adimplementum

158 1359 422 1470 sponsalium
451 1386 503 1439 ex
533 1359 725 1467 petitione
755 1359 883 1466 partis
916 1361 1145 1465 urgendum
1181 1359 1325 1464 poenis

160 1520 328 1602 quoquo
354 1502 394 1574 et
414 1491 598 1574 censuris
627 1491 913 1592 interminatis3
948 1492 1047 1572 dum
1068 1499 1090 1571 e
1112 1498 1254 1573 contra
1284 1492 1325 1570 in

161 1655 258 1738 cup.
285 1626 336 1706 17
358 1627 399 1706 b.
426 1635 473 1726 t.‚
498 1653 550 1707 ex
570 1625 892 1708 consideratione
923 1626 1031 1732 quod
1062 1632 1205 1705 coacta
1230 1651 1327 1704 con-

156 1759 284 1867 jugia
311 1760 468 1841 soleant
497 1759 680 1841 difficiles
711 1757 847 1840 exitus
888 1758 1053 1861 habere,
1089 1758 1327 1866 injungatur

163 1923 191 1974 a
217 1893 414 1974 Pontificc
435 1902 593 2000 partem
614 1891 880 1973 reluctantem
910 1892 1156 1972 monendam
1187 1891 1325 1998 potius
1434 1950 1436 1960 .

161 2054 256 2108 osse
288 2053 412 2134 quam
443 2027 681 2132 cogendam.
716 2025 862 2105 Plures
892 2007 1110 2131 excogitati
1148 2025 1327 2104 suntab

161 2161 457 2269 interpretibus
496 2159 606 2240 modi
646 2159 771 2267 hujus
811 2159 1059 2241 antinomiae
1099 2157 1323 2260 tollendae,

162 2303 289 2401 prout
312 2293 450 2372 videre
480 2299 542 2373 est
572 2292 679 2400 apud
700 2293 919 2373 ductores,
945 2291 1246 2372 Ratiouabilior
1266 2290 1327 2370 vi-

160 2431 285 2510 detur
314 2453 404 2507 esse
436 2453 625 2534 sequane,
649 2451 794 2533 nempe
824 2427 875 2507 ad
905 2425 1117 2507 evitandos
1143 2424 1328 2506 difficiles

160 2561 315 2661 exitus,
340 2585 442 2668 quos
464 2560 546 2640 fere
567 2585 728 2667 semper
748 2559 879 2640 solent
898 2559 1048 2640 habere
1070 2566 1211 2640 coacta
1231 2585 1328 2638 con-

160 2694 308 2794 nubia,
346 2701 481 2801 partes
520 2719 601 2773 non
641 2717 731 2772 esse
772 2718 797 2772 a
832 2693 970 2799 judice
1007 2692 1213 2798 cogendas
1254 2690 1325 2770 sed

160 2828 302 2930 potius
331 2828 578 2928 monendas,
611 2825 718 2908 sicut
749 2827 1042 2935 praescribitur
1073 2827 1114 2906 in
1146 2851 1237 2934 cap.
1276 2823 1325 2902 17

163 2964 202 3042 b.
232 2971 260 3042 t.
290 2963 345 3040 At
365 2959 400 3039 si
422 2960 464 3038 in
485 2986 585 3041 casu
617 2959 852 3066 particulari
884 2958 1058 3040 difficilis
1088 2957 1226 3038 exitus
1246 2983 1327 3034 non

161 3099 374 3192 timeatur,
398 3100 495 3174 tuuc
516 3093 636 3174 datur
665 3091 782 3174 locus
803 3077 927 3172 etiam
958 3091 1175 3191 coactioni,
1200 3097 1246 3171 ut
1266 3088 1328 3167 in-

162 3229 315 3311 dicitur
336 3227 379 3305 in
401 3254 490 3337 cap.
521 3229 571 3307 10
594 3227 634 3307 b.
661 3235 689 3306 t.
714 3225 767 3307 Et
792 3226 894 3306 haec
924 3236 986 3305 est
1016 3232 1214 3305 consueta
1243 3249 1330 3302 me-

162 3363 331 3461 thodus,
364 3387 459 3467 qua·
475 3359 576 3440 istae
606 3386 756 3441 causae
798 3365 1023 3440 tractantur
1062 3357 1185 3438 etiam
1215 3357 1322 3463 apud

158 3499 204 3578 S.
232 3493 602 3601 Congregationem
632 3492 817 3574 Concilii.
845 3492 985 3572 Solent
1010 3490 1119 3572 enim
1150 3491 1322 3599 proponi

162 3633 250 3711 duo
282 3627 421 3726 dubia,
450 3653 610 3736 nempe:
635 3675 654 3688 -
678 3661 696 3704 «
722 3632 759 3706 l⁰
790 3627 858 3705 An
888 3633 1045 3706 constet
1075 3627 1125 3707 de
1155 3649 1329 3732 sponsa-

165 3799 182 3838 »
205 3763 321 3842 libus
342 3761 384 3840 in
405 3765 523 3842 casu?
538 3805 559 3822 ·
573 3761 625 3842 Et
654 3768 856 3868 quatenus
887 3759 1142 3840 affirmative.
1163 3803 1181 3818 -
1197 3759 1239 3834 2⁰
1259 3759 1327 3835 An

163 3897 263 3978 »sit
293 3895 407 3976 locus
438 3873 636 3976 coactioni
668 3894 709 3972 in
742 3897 898 3974 casui»
933 3939 952 3952 -
974 3894 1108 3998 Atque
1140 3891 1234 3971 data
1264 3914 1327 3966 re·

158 4027 386 4139 sponsione
427 4027 671 4108 affirmativa
710 4028 761 4106 ad
801 4027 979 4134 primum
1021 4023 1209 4124 dubium,
1244 4021 1327 4101 fere

158 4189 328 4272 semper
357 4162 574 4272 subjicitur
603 4161 815 4271 responsio
846 4161 1038 4268 negativa
1058 4157 1110 4241 ad
1131 4157 1319 4238 alterurn.

160 4298 247 4392 Qui
279 4295 414 4378 exitus
451 4295 594 4404 judicii
635 4297 886 4376 demonstrat
923 4293 1104 4401 judicem
1136 4286 1327 4373 ecclesia-

163 4431 319 4512 sticum
361 4407 651 4537 recognoscere
691 4427 731 4508 in
774 4453 873 4508 casu
918 4425 1208 4534 obligationem
1248 4422 1327 4502 sub
