3380 5132
612 515 712 564 crena
734 517 768 565 v.
793 533 835 546 -
859 517 1051 566 r1runus1.
1378 499 1421 565 13

244 651 433 753 possunt.
448 641 553 723 Com
570 643 761 726 delictum
780 643 954 752 quodvis
972 644 1105 752 praeci
1110 670 1193 752 pue
1214 643 1308 727 dolo
1324 671 1423 728 eon-

248 777 449 877 trahatur‚
472 783 597 884 patet,
632 803 703 860 cos
734 785 896 860 tantum
929 778 1166 886 delinquere
1188 805 1327 887 posse,
1351 779 1421 888 qui

242 909 326 991 doli
362 935 535 1019 capaces
577 919 690 1012 sunt,
726 939 806 992 non
854 938 950 993 vero
991 939 1075 1011 e0S,
1113 912 1181 1020 qui
1225 921 1299 994 aut
1338 912 1421 994 doli

242 1052 340 1126 sunt
381 1043 612 1151 incapaces
656 1052 729 1127 aut
773 1044 881 1146 dolo,
923 1045 1022 1126 dum
1069 1054 1213 1152 agunt,
1257 1046 1422 1154 penitus

245 1183 407 1258 vacent.
428 1175 609 1270 Quinam
626 1183 765 1258 autem
782 1177 850 1259 isti
872 1177 968 1279 sint,
990 1177 1116 1259 videri
1139 1185 1273 1286 potest
1294 1206 1422 1286 penes

245 1316 434 1392 auctores
465 1335 594 1392 causa
624 1311 853 1392 brevitatis.

331 1443 411 1524 Ast
440 1443 635 1552 quoniam
668 1445 735 1554 qui
760 1445 855 1526 lacit
886 1471 958 1552 per
991 1443 1135 1544 alium,
1160 1451 1223 1524 est
1252 1444 1420 1552 perinde

243 1605 292 1659 ac
321 1576 357 1657 si
390 1577 513 1660 faeiat
541 1605 614 1686 per
634 1578 846 1686 seipsum3
871 1577 966 1659 hinc
987 1567 1122 1659 delicti
1155 1584 1318 1659 tenetur
1338 1606 1420 1661 non

242 1712 364 1792 modo
395 1711 463 1818 qui
496 1713 662 1820 propria
692 1711 890 1820 delinquit
921 1738 1064 1812 manu,
1100 1737 1244 1792 verum
1276 1711 1417 1814 etiam,

244 1844 313 1952 qui
345 1843 537 1926 delictum
584 1845 811 1946 mandavit,
845 1853 917 1926 aut
956 1845 1219 1953 delinquendi
1253 1836 1422 1952 jussum

244 1976 367 2060 dedit.
389 1979 571 2086 Uterque
592 1978 633 2058 in
655 1979 779 2086 culpa
809 1985 899 2081 est3
923 1987 1094 2086 uterque
1118 1977 1268 2059 idcirco
1289 2004 1424 2086 poena

244 2110 496 2219 plectendus.
533 2111 612 2204 Qui
644 2110 754 2190 enim
786 2137 835 2191 ex
867 2110 1078 2212 mandato,
1108 2119 1182 2192 aut
1207 2110 1330 2217 jussu
1353 2111 1423 2192 de-

244 2243 384 2326 lictum
417 2251 647 2350 exequutus
678 2251 756 2342 est,
791 2243 868 2324 luit
900 2269 1031 2324 causa
1060 2243 1195 2324 delieti
1226 2243 1418 2350 physica3

249 2376 319 2486 qui
351 2375 577 2476 mandavit,
611 2382 684 2456 aut
708 2375 850 2482 jussit,
883 2401 1013 2456 causa
1042 2375 1227 2457 moralis,

268 2529 272 2537 ’
331 2510 451 2590 Hanc
480 2510 533 2590 ob
555 2534 727 2590 causam
758 2508 841 2589 imo
862 2509 1034 2617 nequior
1065 2517 1128 2590 est
1157 2507 1279 2616 culpa
1301 2534 1418 2592 man-

243 2643 397 2741 dantis,
431 2649 469 2722 et
495 2641 694 2749 jubentiS,
728 2667 852 2748 quam
885 2640 1150 2743 mandatarii,
1175 2649 1214 2722 et
1243 2642 1416 2745 subditi3

244 2777 418 2883 ideoque
449 2775 500 2855 ad
533 2775 812 2874 mandantem,
832 2782 872 2855 et
888 2775 1103 2882 jubentem
1135 2774 1421 2883 potiusquam

243 2909 295 2991 ad
317 2915 595 3016 exequutores
625 2908 800 3016 pertinet
828 2908 995 2988 sceleris
1017 2908 1201 2991 infamia.
1228 2909 1366 3002 Quare
1383 2909 1417 2990 si

243 3049 519 3152 exequutores
551 3049 711 3149 praeter
732 3041 982 3141 mandantiS,
1002 3049 1075 3122 aut
1090 3041 1273 3148 jubentis
1295 3068 1420 3148 expe-

243 3176 477 3276 ctationem,
513 3181 552 3255 et
585 3173 834 3254 voluntatem
866 3173 906 3252 in
941 3173 1137 3270 mandati,
1174 3181 1246 3254 aut
1273 3173 1421 3280 jussus

243 3309 517 3419 exequutione
546 3307 651 3387 fines
682 3305 949 3406 excesserint,
985 3306 1247 3412 atrociusque
1284 3313 1422 3413 patra·

243 3443 323 3524 rint
353 3441 626 3538 maleficium,
648 3438 725 3520 hoe
742 3437 969 3539 mandanti,
990 3446 1062 3518 aut
1073 3437 1250 3545 jubenti,
1270 3437 1421 3546 quippe

244 3575 314 3682 qui
331 3573 370 3654 id
388 3573 623 3683 praevidere
644 3579 845 3680 poterant,
870 3596 918 3652 ac
941 3571 1158 3670 debebant,
1184 3579 1247 3653 est
1263 3570 1421 3653 adscri-

242 3707 439 3789 bendum.
475 3705 584 3799 Quin
625 3712 743 3785 extra
781 3703 967 3785 ordinem
1011 3704 1420 3786 animadvertendum

242 3841 366 3924 estin
389 3841 667 3937 mandantem,
690 3845 763 3918 aut
775 3837 1009 3944 jubentem,
1030 3838 1122 3920 licet
1142 3845 1327 3947 tempore
1349 3836 1423 3916 he-

240 3974 312 4055 bili
335 3973 567 4058 revenerint
588 3969 846 4071 mandatum,
870 3979 910 4052 et
926 3971 1107 4078 jussum,
1135 3972 1234 4078 quia
1264 3971 1423 4054 nudum

242 4108 500 4208 mandatum,
533 4112 573 4185 et
598 4103 765 4210 jussum
808 4101 849 4182 in
885 4103 1165 4184 acerbioribus
1207 4101 1423 4184 maleficiis

242 4269 314 4349 pro
341 4239 543 4322 maleficio
565 4245 639 4319 est.
662 4235 865 4318 Similiter
896 4243 1013 4318 extra
1043 4235 1226 4318 ordinem
1248 4236 1423 4346 punien-

243 4375 322 4456 dus
352 4383 437 4458 tam
468 4372 684 4468 mendane,
712 4395 838 4478 qnam
875 4369 1173 4473 mandatarius
1207 4397 1309 4453 casu
1341 4397 1423 4478 quo

247 4508 530 4591 mandatarius
570 4503 774 4587 simulans
825 4511 1038 4612 acceptare
1077 4505 1320 4585 mandatum
1361 4527 1425 4582 re·
