3136 5138
437 430 544 480 niune
567 432 611 480 iv.
635 449 657 464 -
679 428 818 479 tironos
840 427 863 473 v
1180 417 1249 483 153Ι

108 560 346 666 >certificata
377 559 585 658 diuinitas,
619 556 726 665 qaod
745 529 896 666 Josepb
919 557 961 635 in
980 558 1110 637 simili
1133 587 1236 669 pro·

108 697 247 805 »posito
276 702 380 774 erat·
423 703 459 772 et
501 692 588 772 ideo
619 719 699 772 non
737 717 779 771 sc
819 691 1016 770 commisit
1050 693 1241 800 periculo

109 829 279 910 »eatena
312 854 383 907 nec
413 835 546 906 tanten
574 833 746 937 propter
776 824 850 904 boc
881 823 1042 930 aliquid
1072 827 1241 906 ceritati.

108 962 301 1072 »deperiit
335 961 433 1068 qaia
463 959 567 1040 aaa
590 960 845 1070 propositam
861 979 955 1036 'non
976 957 1069 1065 soit
1094 958 1236 1038 coniti-

107 1097 325 1174 »tionaliter
357 1097 399 1173 in
419 1121 608 1175 consensa
628 1096 876 1204 appositam:
899 1092 994 1171 tatis
1017 1093 1123 1170 caim
1144 1120 1237 1174 con-

106 1227 234 1327 »aaa
267 1255 356 1309 cam
384 1231 437 1308 sit
461 1237 603 1309 contra
624 1227 878 1309 matrimonii
900 1226 1058 1326 bonam,
1081 1227 1237 1307 scilicet

106 1361 274 1470 »prolem
295 1362 614 1471 procreandam,
647 1361 954 1440 matrimonium
985 1359 1198 1438 tolleret.»

196 1497 250 1574 b.⁰
279 1494 399 1588 Quod
429 1521 525 1575 vero
556 1495 700 1576 attinet
730 1497 780 1574 ad
802 1492 1054 1574 conditiones
1075 1501 1241 1573 contra-

99 1626 171 1707 rias
194 1628 292 1710 bono
324 1629 464 1737 prolia
498 1630 594 1737 quia
624 1628 694 1710 uni
725 1627 938 1710 extribus
974 1627 1093 1707 bonis
1124 1625 1231 1734 prin·

101 1760 337 1866 cipalioribus
369 1772 407 1844 et
436 1761 779 1844 substantialibus
819 1759 1068 1842 matrimonii
1108 1784 1240 1866 oppo-

99 1901 241 1996 nuntur,
283 1897 461 1978 reddunt
499 1896 652 2003 pariter
691 1871 916 1975 invalidum
961 1899 1234 1973 contractum.

97 2025 217 2135 Neque
245 2030 412 2111 interest
442 2057 494 2110 au
524 2029 618 2110 illae
658 2029 911 2110 conditiones
951 2027 1034 2106 sint
1073 2035 1236 2133 turpeS,

97 2159 149 2239 vel
174 2188 262 2264 non,
298 2163 519 2244 dummodo
549 2162 701 2244 sintin
733 2169 899 2270 paetum
929 2160 1141 2241 deductae.
1170 2157 1239 2237 Si-

94 2293 223 2376 militer
251 2297 469 2378 dieendum
499 2305 561 2378 est
590 2297 640 2378 de
680 2293 999 2393 conditionibus,
1038 2317 1142 2400 quae
1163 2319 1238 2400 op·

91 2438 281 2532 ponuntur
309 2432 417 2513 bono
447 2431 553 2530 fidei,
591 2439 662 2512 aut
691 2433 953 2529 sacramenti,
992 2453 1097 2534 quae
1137 2434 1236 2507 sunt

93 2559 162 2640 alia
178 2563 255 2644 duo
277 2565 385 2645 bona
404 2563 654 2645 matrimonii
675 2562 963 2672 principaliora
983 2569 1022 2640 et
1042 2559 1236 2640 substan-

89 2693 199 2776 tialia.
232 2696 351 2777 Circa
380 2696 457 2778 hoc
487 2705 624 2777 tamen
653 2704 761 2777 reete
792 2692 1122 2804 perpendendum
1154 2698 1236 2792 est,

89 2829 181 2933 quod
196 2831 442 2912 Benedictus
458 2829 558 2909 XIV
578 2857 643 2940 op.
669 2835 706 2908 et
728 2829 803 2908 loc.
829 2828 897 2907 cit.
923 2853 1033 2904 nam.
1054 2823 1079 2902 7
1102 2829 1237 2922 notat,.

89 2985 215 3071 nempe
245 2963 583 3071 distinguendum
613 2989 704 3043 esse
734 2986 914 3042 errorem
945 2956 1234 3066 particularem

90 3093 131 3174 ab
156 3098 341 3205 apposita
370 3097 617 3180 conditione.
652 3097 697 3176 si
728 3095 838 3176 enim
859 3101 1032 3199 utraque
1053 3113 1149 3196 pars
1169 3087 1237 3168 vel

88 3255 157 3308 una
183 3259 231 3312 ex
261 3231 596 3314 contrahentibus
626 3231 668 3312 in
689 3256 825 3311 errore
846 3227 900 3309 sit
921 3227 984 3306 vel
1005 3224 1115 3305 eirea
1134 3221 1236 3300 sub-

88 3365 264 3444 stantiam
294 3365 357 3445 vel
388 3365 498 3446 eirca
529 3390 659 3446 unum
681 3391 732 3445 ex
753 3359 1097 3443 substantialibus
1114 3352 1241 3434 bonis.

85 3496 333 3597 matrimonii,
366 3505 467 3605 puta
497 3499 545 3579 de
575 3493 838 3579 matrimonio
860 3493 902 3574 in
923 3519 1023 3574 casu
1045 3486 1235 3571 adulterii

75 3629 324 3732 resolvenda,
357 3657 440 3711 non
470 3639 533 3712 est
562 3631 702 3711 statim
733 3627 1061 3709 concludendum
1092 3620 1241 3702 matri--

83 3764 253 3844 monium
283 3765 535 3847 celebratum
575 3791 666 3846 esse
707 3762 950 3861 invalidum,
994 3759 1064 3840 sed
1109 3753 1237 3864 dispi-

83 3895 259 3979 ciendum
290 3907 352 3981 est
382 3927 435 3980 an
465 3898 588 3981 fuerit
619 3924 812 4006 expresse
843 3896 885 3976 in
918 3901 1084 4004 paetum
1102 3891 1143 3970 id
1166 3889 1236 3969 de-

82 4029 253 4136 ductum,
277 4035 340 4116 vel
360 4061 456 4115 non.
481 4033 534 4114 Et
554 4059 675 4142 porro
696 4033 732 4112 si
749 4041 811 4113 est
831 4031 873 4111 in
894 4037 1061 4138 paetum
1092 4026 1134 4105 id
1165 4025 1237 4105 de-

7 4229 8 4256 ι
82 4165 253 4270 ductum,
288 4167 514 4249 certissime
546 4165 854 4247 matrimonium
885 4169 947 4244 est
986 4159 1233 4256 invalidum,

7 4289 9 4384 l
84 4301 163 4404 quia
194 4301 445 4412 quicumque
474 4307 730 4382 contractum
760 4297 861 4397 vult,
897 4322 1063 4378 neeesse
1095 4301 1158 4373 est
1189 4299 1235 4369 ut
