<?xml version="1.0" encoding="UTF-8"?>
<!DOCTYPE html PUBLIC "-//W3C//DTD XHTML 1.0 Transitional//EN"
    "http://www.w3.org/TR/xhtml1/DTD/xhtml1-transitional.dtd">
<html xmlns="http://www.w3.org/1999/xhtml" xml:lang="en" lang="en">
 <head>
  <title>
</title>
<meta http-equiv="Content-Type" content="text/html;charset=utf-8" />
  <meta name='ocr-system' content='tesseract 3.04.00' />
  <meta name='ocr-capabilities' content='ocr_page ocr_carea ocr_par ocr_line ocrx_word'/>
</head>
<body>
  <div class='ocr_page' id='page_1' title='image "./praelectionesju00angegoog/praelectionesju00angegoog_0278.png"; bbox 0 0 3178 5134; ppageno 0'>
   <div class='ocr_carea' id='block_1_1' title="bbox 389 427 1223 503">
    <p class='ocr_par' dir='ltr' id='par_1_1' title="bbox 389 427 1223 503">
     <span class='ocr_line' id='line_1_1' title="bbox 389 427 1223 503; baseline 0.004 -3"><span class='ocrx_word' id='word_1_1' title='bbox 389 449 498 501; x_wconf 79' lang='lat' dir='ltr'><strong>unmn</strong></span> <span class='ocrx_word' id='word_1_2' title='bbox 519 449 566 498; x_wconf 79' lang='grc' dir='ltr'><strong>ιν.</strong></span> <span class='ocrx_word' id='word_1_3' title='bbox 590 467 611 482; x_wconf 86' lang='grc'>-</span> <span class='ocrx_word' id='word_1_4' title='bbox 632 449 771 502; x_wconf 83' lang='lat' dir='ltr'><strong>mrunus</strong></span> <span class='ocrx_word' id='word_1_5' title='bbox 793 448 864 499; x_wconf 85' lang='lat' dir='ltr'><strong>xvr.</strong></span> <span class='ocrx_word' id='word_1_6' title='bbox 1144 427 1223 503; x_wconf 75' lang='lat'><strong>267&#39;</strong></span> 
     </span>
    </p>
   </div>
   <div class='ocr_carea' id='block_1_2' title="bbox 78 577 1270 1883">
    <p class='ocr_par' dir='ltr' id='par_1_2' title="bbox 78 577 1270 1883">
     <span class='ocr_line' id='line_1_2' title="bbox 85 577 1202 688; baseline 0.008 -33"><span class='ocrx_word' id='word_1_7' title='bbox 85 579 328 687; x_wconf 88' lang='lat' dir='ltr'><strong>‹prohibiti0,</strong></span> <span class='ocrx_word' id='word_1_8' title='bbox 360 605 443 688; x_wconf 87' lang='lat' dir='ltr'><strong>qua</strong></span> <span class='ocrx_word' id='word_1_9' title='bbox 470 577 656 687; x_wconf 79' lang='lat' dir='ltr'><strong>superior</strong></span> <span class='ocrx_word' id='word_1_10' title='bbox 684 578 983 661; x_wconf 87' lang='lat' dir='ltr'><strong>ecclesiasticus</strong></span> <span class='ocrx_word' id='word_1_11' title='bbox 1012 587 1121 661; x_wconf 89' lang='lat' dir='ltr'><strong>vetat</strong></span> <span class='ocrx_word' id='word_1_12' title='bbox 1151 608 1202 664; x_wconf 86' lang='lat' dir='ltr'><strong>ex</strong></span> 
     </span>
     <span class='ocr_line' id='line_1_3' title="bbox 79 709 1206 819; baseline 0.003 -27"><span class='ocrx_word' id='word_1_13' title='bbox 79 713 164 818; x_wconf 87' lang='lat' dir='ltr'><strong>justa</strong></span> <span class='ocrx_word' id='word_1_14' title='bbox 191 739 330 814; x_wconf 88' lang='lat' dir='ltr'><strong>causa,</strong></span> <span class='ocrx_word' id='word_1_15' title='bbox 363 738 414 792; x_wconf 91' lang='lat' dir='ltr'><strong>ne</strong></span> <span class='ocrx_word' id='word_1_16' title='bbox 444 709 546 794; x_wconf 87' lang='lat' dir='ltr'><strong>inter</strong></span> <span class='ocrx_word' id='word_1_17' title='bbox 576 710 735 819; x_wconf 87' lang='lat' dir='ltr'><strong>aliquas</strong></span> <span class='ocrx_word' id='word_1_18' title='bbox 764 737 959 818; x_wconf 82' lang='lat' dir='ltr'><strong>personas</strong></span> <span class='ocrx_word' id='word_1_19' title='bbox 994 711 1206 795; x_wconf 87' lang='lat' dir='ltr'><strong>matrimo-</strong></span> 
     </span>
     <span class='ocr_line' id='line_1_4' title="bbox 83 842 1200 953; baseline -0.004 -27"><span class='ocrx_word' id='word_1_20' title='bbox 83 846 169 926; x_wconf 86' lang='lat' dir='ltr'>nium</span> <span class='ocrx_word' id='word_1_21' title='bbox 198 847 282 947; x_wconf 89' lang='lat' dir='ltr'><strong>fiat,</strong></span> <span class='ocrx_word' id='word_1_22' title='bbox 307 871 438 953; x_wconf 87' lang='lat' dir='ltr'><strong>usque</strong></span> <span class='ocrx_word' id='word_1_23' title='bbox 458 844 556 925; x_wconf 90' lang='lat' dir='ltr'><strong>dum</strong></span> <span class='ocrx_word' id='word_1_24' title='bbox 577 843 646 924; x_wconf 91' lang='lat' dir='ltr'><strong>illa</strong></span> <span class='ocrx_word' id='word_1_25' title='bbox 665 869 793 925; x_wconf 88' lang='lat' dir='ltr'><strong>causa</strong></span> <span class='ocrx_word' id='word_1_26' title='bbox 812 843 875 924; x_wconf 92' lang='lat' dir='ltr'><strong>vel</strong></span> <span class='ocrx_word' id='word_1_27' title='bbox 895 842 997 925; x_wconf 88' lang='lat' dir='ltr'><strong>ratio</strong></span> <span class='ocrx_word' id='word_1_28' title='bbox 1017 854 1200 950; x_wconf 74' lang='lat' dir='ltr'><strong>cesset.»</strong></span> 
     </span>
     <span class='ocr_line' id='line_1_5' title="bbox 81 955 1204 1085; baseline 0.003 -29"><span class='ocrx_word' id='word_1_29' title='bbox 81 975 224 1061; x_wconf 86' lang='lat' dir='ltr'>Nomine</span> <span class='ocrx_word' id='word_1_30' title='bbox 256 987 393 1060; x_wconf 90' lang='lat' dir='ltr'><strong>autem</strong></span> <span class='ocrx_word' id='word_1_31' title='bbox 423 955 645 1085; x_wconf 81' lang='lat' dir='ltr'><strong>superioris</strong></span> <span class='ocrx_word' id='word_1_32' title='bbox 675 976 937 1057; x_wconf 85' lang='lat' dir='ltr'><strong>ecclesiastici</strong></span> <span class='ocrx_word' id='word_1_33' title='bbox 974 978 1084 1058; x_wconf 86' lang='lat' dir='ltr'><strong>venit</strong></span> <span class='ocrx_word' id='word_1_34' title='bbox 1121 1005 1204 1058; x_wconf 92' lang='lat' dir='ltr'><strong>non</strong></span> 
     </span>
     <span class='ocr_line' id='line_1_6' title="bbox 81 1109 1206 1219; baseline 0.004 -29"><span class='ocrx_word' id='word_1_35' title='bbox 81 1114 172 1194; x_wconf 87' lang='lat' dir='ltr'><strong>nodo</strong></span> <span class='ocrx_word' id='word_1_36' title='bbox 200 1112 386 1196; x_wconf 75' lang='lat' dir='ltr'><strong>Pontifex</strong></span> <span class='ocrx_word' id='word_1_37' title='bbox 417 1135 489 1218; x_wconf 93' lang='lat' dir='ltr'><strong>pro</strong></span> <span class='ocrx_word' id='word_1_38' title='bbox 520 1111 713 1191; x_wconf 87' lang='lat' dir='ltr'><strong>universa</strong></span> <span class='ocrx_word' id='word_1_39' title='bbox 741 1109 939 1212; x_wconf 82' lang='lat' dir='ltr'><strong>Ecclesia,</strong></span> <span class='ocrx_word' id='word_1_40' title='bbox 972 1121 1012 1192; x_wconf 90' lang='lat' dir='ltr'><strong>et</strong></span> <span class='ocrx_word' id='word_1_41' title='bbox 1037 1111 1206 1219; x_wconf 88' lang='lat' dir='ltr'><strong>Episco-</strong></span> 
     </span>
     <span class='ocr_line' id='line_1_7' title="bbox 81 1241 1206 1352; baseline 0.002 -31"><span class='ocrx_word' id='word_1_42' title='bbox 81 1269 138 1348; x_wconf 84' lang='lat' dir='ltr'><strong>pus</strong></span> <span class='ocrx_word' id='word_1_43' title='bbox 161 1271 231 1352; x_wconf 95' lang='lat' dir='ltr'><strong>pro</strong></span> <span class='ocrx_word' id='word_1_44' title='bbox 261 1269 339 1324; x_wconf 92' lang='lat' dir='ltr'><strong>sua</strong></span> <span class='ocrx_word' id='word_1_45' title='bbox 368 1241 542 1324; x_wconf 87' lang='lat' dir='ltr'><strong>dioecesi</strong></span> <span class='ocrx_word' id='word_1_46' title='bbox 571 1243 757 1350; x_wconf 89' lang='lat' dir='ltr'><strong>aliusque</strong></span> <span class='ocrx_word' id='word_1_47' title='bbox 792 1242 920 1349; x_wconf 82' lang='lat' dir='ltr'><strong>judex</strong></span> <span class='ocrx_word' id='word_1_48' title='bbox 959 1242 1206 1326; x_wconf 89' lang='lat' dir='ltr'><strong>ecclesiasti-</strong></span> 
     </span>
     <span class='ocr_line' id='line_1_8' title="bbox 81 1375 1206 1484; baseline 0.003 -29"><span class='ocrx_word' id='word_1_49' title='bbox 81 1401 145 1478; x_wconf 85' lang='lat' dir='ltr'><strong>cus,</strong></span> <span class='ocrx_word' id='word_1_50' title='bbox 173 1380 243 1458; x_wconf 88' lang='lat' dir='ltr'><strong>sed</strong></span> <span class='ocrx_word' id='word_1_51' title='bbox 274 1385 314 1458; x_wconf 90' lang='lat' dir='ltr'><strong>et</strong></span> <span class='ocrx_word' id='word_1_52' title='bbox 342 1376 567 1476; x_wconf 76' lang='lat' dir='ltr'><strong>PerochuS,</strong></span> <span class='ocrx_word' id='word_1_53' title='bbox 601 1377 670 1484; x_wconf 91' lang='lat' dir='ltr'><strong>qni</strong></span> <span class='ocrx_word' id='word_1_54' title='bbox 701 1375 776 1456; x_wconf 88' lang='lat' dir='ltr'><strong>etsi</strong></span> <span class='ocrx_word' id='word_1_55' title='bbox 806 1375 855 1456; x_wconf 89' lang='lat' dir='ltr'><strong>de</strong></span> <span class='ocrx_word' id='word_1_56' title='bbox 890 1377 1027 1457; x_wconf 89' lang='lat' dir='ltr'><strong>causis</strong></span> <span class='ocrx_word' id='word_1_57' title='bbox 1066 1378 1206 1459; x_wconf 91' lang='lat' dir='ltr'><strong>matri-</strong></span> 
     </span>
     <span class='ocr_line' id='line_1_9' title="bbox 80 1507 1207 1618; baseline 0.003 -32"><span class='ocrx_word' id='word_1_58' title='bbox 80 1510 298 1590; x_wconf 86' lang='lat' dir='ltr'><strong>monialibus</strong></span> <span class='ocrx_word' id='word_1_59' title='bbox 328 1517 367 1590; x_wconf 85' lang='lat' dir='ltr'><strong>et</strong></span> <span class='ocrx_word' id='word_1_60' title='bbox 396 1509 654 1616; x_wconf 78' lang='lat' dir='ltr'><strong>caeteroquin</strong></span> <span class='ocrx_word' id='word_1_61' title='bbox 685 1509 735 1590; x_wconf 91' lang='lat' dir='ltr'><strong>de</strong></span> <span class='ocrx_word' id='word_1_62' title='bbox 756 1507 923 1615; x_wconf 89' lang='lat' dir='ltr'><strong>reliquis</strong></span> <span class='ocrx_word' id='word_1_63' title='bbox 943 1509 1080 1590; x_wconf 90' lang='lat' dir='ltr'><strong>causis</strong></span> <span class='ocrx_word' id='word_1_64' title='bbox 1096 1510 1207 1618; x_wconf 86' lang='lat' dir='ltr'><strong>judi·</strong></span> 
     </span>
     <span class='ocr_line' id='line_1_10' title="bbox 82 1639 1270 1752; baseline 0.006 -35"><span class='ocrx_word' id='word_1_65' title='bbox 82 1639 207 1722; x_wconf 82' lang='lat' dir='ltr'><strong>cialiter</strong></span> <span class='ocrx_word' id='word_1_66' title='bbox 235 1668 317 1723; x_wconf 93' lang='lat' dir='ltr'><strong>non</strong></span> <span class='ocrx_word' id='word_1_67' title='bbox 346 1641 495 1742; x_wconf 90' lang='lat' dir='ltr'><strong>videat,</strong></span> <span class='ocrx_word' id='word_1_68' title='bbox 533 1640 797 1722; x_wconf 82' lang='lat' dir='ltr'><strong>nihilominus</strong></span> <span class='ocrx_word' id='word_1_69' title='bbox 837 1641 1094 1724; x_wconf 88' lang='lat' dir='ltr'><strong>interdictum</strong></span> <span class='ocrx_word' id='word_1_70' title='bbox 1134 1670 1207 1752; x_wconf 95' lang='lat' dir='ltr'><strong>po-</strong></span> <span class='ocrx_word' id='word_1_71' title='bbox 1264 1702 1270 1714; x_wconf 78' lang='lat'>.</span> 
     </span>
     <span class='ocr_line' id='line_1_11' title="bbox 78 1774 1209 1883; baseline 0.008 -35"><span class='ocrx_word' id='word_1_72' title='bbox 78 1782 321 1881; x_wconf 86' lang='lat' dir='ltr'><strong>nere-potest,</strong></span> <span class='ocrx_word' id='word_1_73' title='bbox 353 1783 399 1855; x_wconf 93' lang='lat' dir='ltr'><strong>ut</strong></span> <span class='ocrx_word' id='word_1_74' title='bbox 426 1781 636 1881; x_wconf 89' lang='lat' dir='ltr'><strong>tamquam</strong></span> <span class='ocrx_word' id='word_1_75' title='bbox 666 1774 813 1854; x_wconf 87' lang='lat' dir='ltr'><strong>Pastor</strong></span> <span class='ocrx_word' id='word_1_76' title='bbox 842 1783 1054 1882; x_wconf 88' lang='lat' dir='ltr'><strong>peccatum</strong></span> <span class='ocrx_word' id='word_1_77' title='bbox 1079 1775 1209 1883; x_wconf 90' lang='lat' dir='ltr'><strong>impe-</strong></span> 
     </span>
    </p>
   </div>
   <div class='ocr_carea' id='block_1_3' title="bbox 78 1903 1268 2016">
    <p class='ocr_par' dir='ltr' id='par_1_3' title="bbox 78 1903 1268 2016">
     <span class='ocr_line' id='line_1_12' title="bbox 78 1903 1268 2016; baseline 0.005 -32"><span class='ocrx_word' id='word_1_78' title='bbox 78 1903 152 1987; x_wconf 88' lang='lat' dir='ltr'><strong>diat.</strong></span> <span class='ocrx_word' id='word_1_79' title='bbox 183 1908 343 1989; x_wconf 85' lang='lat' dir='ltr'><strong>Causae</strong></span> <span class='ocrx_word' id='word_1_80' title='bbox 372 1934 462 1989; x_wconf 90' lang='lat' dir='ltr'><strong>esse</strong></span> <span class='ocrx_word' id='word_1_81' title='bbox 491 1915 664 2016; x_wconf 87' lang='lat' dir='ltr'><strong>possunt</strong></span> <span class='ocrx_word' id='word_1_82' title='bbox 693 1907 758 1988; x_wconf 90' lang='lat' dir='ltr'><strong>vel</strong></span> <span class='ocrx_word' id='word_1_83' title='bbox 782 1908 991 2016; x_wconf 87' lang='lat' dir='ltr'><strong>sponsalia</strong></span> <span class='ocrx_word' id='word_1_84' title='bbox 1011 1934 1106 1989; x_wconf 88' lang='lat' dir='ltr'><strong>cum</strong></span> <span class='ocrx_word' id='word_1_85' title='bbox 1127 1909 1209 1990; x_wconf 90' lang='lat' dir='ltr'><strong>alia</strong></span> <span class='ocrx_word' id='word_1_86' title='bbox 1262 1963 1268 1978; x_wconf 73' lang='lat'><strong>·</strong></span> 
     </span>
    </p>
   </div>
   <div class='ocr_carea' id='block_1_4' title="bbox 74 2039 1317 4412">
    <p class='ocr_par' dir='ltr' id='par_1_4' title="bbox 77 2039 1209 2550">
     <span class='ocr_line' id='line_1_13' title="bbox 79 2039 1209 2150; baseline 0.008 -34"><span class='ocrx_word' id='word_1_87' title='bbox 79 2039 166 2141; x_wconf 86' lang='lat' dir='ltr'><strong>inita,</strong></span> <span class='ocrx_word' id='word_1_88' title='bbox 200 2044 263 2125; x_wconf 82' lang='lat' dir='ltr'><strong>val</strong></span> <span class='ocrx_word' id='word_1_89' title='bbox 293 2043 474 2150; x_wconf 89' lang='lat' dir='ltr'><strong>suspicio</strong></span> <span class='ocrx_word' id='word_1_90' title='bbox 504 2042 666 2123; x_wconf 89' lang='lat' dir='ltr'><strong>latentis</strong></span> <span class='ocrx_word' id='word_1_91' title='bbox 686 2043 979 2150; x_wconf 88' lang='lat' dir='ltr'><strong>impedimenti,</strong></span> <span class='ocrx_word' id='word_1_92' title='bbox 1003 2043 1067 2123; x_wconf 92' lang='lat' dir='ltr'><strong>vel</strong></span> <span class='ocrx_word' id='word_1_93' title='bbox 1087 2042 1209 2125; x_wconf 86' lang='lat' dir='ltr'><strong>timor</strong></span> 
     </span>
     <span class='ocr_line' id='line_1_14' title="bbox 80 2173 1208 2282; baseline 0.004 -31"><span class='ocrx_word' id='word_1_94' title='bbox 80 2175 282 2276; x_wconf 84' lang='lat' dir='ltr'><strong>turbarum,</strong></span> <span class='ocrx_word' id='word_1_95' title='bbox 316 2174 515 2282; x_wconf 82' lang='lat' dir='ltr'><strong>ignoratio</strong></span> <span class='ocrx_word' id='word_1_96' title='bbox 546 2176 836 2255; x_wconf 84' lang='lat' dir='ltr'><strong>elementorum</strong></span> <span class='ocrx_word' id='word_1_97' title='bbox 871 2175 979 2275; x_wconf 90' lang='lat' dir='ltr'><strong>fidei,</strong></span> <span class='ocrx_word' id='word_1_98' title='bbox 1022 2175 1086 2254; x_wconf 85' lang='lat' dir='ltr'><strong>vel</strong></span> <span class='ocrx_word' id='word_1_99' title='bbox 1127 2173 1208 2256; x_wconf 89' lang='lat' dir='ltr'><strong>alia</strong></span> 
     </span>
     <span class='ocr_line' id='line_1_15' title="bbox 79 2301 1207 2416; baseline 0.004 -35"><span class='ocrx_word' id='word_1_100' title='bbox 79 2301 303 2412; x_wconf 87' lang='lat' dir='ltr'><strong>hujusmodi.</strong></span> <span class='ocrx_word' id='word_1_101' title='bbox 336 2306 515 2388; x_wconf 89' lang='lat' dir='ltr'><strong>Multum</strong></span> <span class='ocrx_word' id='word_1_102' title='bbox 546 2315 682 2388; x_wconf 88' lang='lat' dir='ltr'><strong>autem</strong></span> <span class='ocrx_word' id='word_1_103' title='bbox 711 2307 901 2406; x_wconf 73' lang='lat' dir='ltr'><strong>interest,</strong></span> <span class='ocrx_word' id='word_1_104' title='bbox 921 2307 1028 2416; x_wconf 91' lang='lat' dir='ltr'><strong>quod</strong></span> <span class='ocrx_word' id='word_1_105' title='bbox 1049 2305 1125 2387; x_wconf 87' lang='lat' dir='ltr'><strong>hoc</strong></span> <span class='ocrx_word' id='word_1_106' title='bbox 1145 2305 1207 2386; x_wconf 93' lang='lat' dir='ltr'><strong>in-</strong></span> 
     </span>
     <span class='ocr_line' id='line_1_16' title="bbox 77 2437 1202 2550; baseline 0.001 -34"><span class='ocrx_word' id='word_1_107' title='bbox 77 2442 266 2523; x_wconf 85' lang='lat' dir='ltr'><strong>terdictum</strong></span> <span class='ocrx_word' id='word_1_108' title='bbox 298 2466 322 2520; x_wconf 90' lang='lat' dir='ltr'><strong>a</strong></span> <span class='ocrx_word' id='word_1_109' title='bbox 352 2440 523 2522; x_wconf 88' lang='lat' dir='ltr'><strong>diversis</strong></span> <span class='ocrx_word' id='word_1_110' title='bbox 553 2441 643 2521; x_wconf 86' lang='lat' dir='ltr'><strong>istis</strong></span> <span class='ocrx_word' id='word_1_111' title='bbox 663 2441 944 2550; x_wconf 88' lang='lat' dir='ltr'><strong>superioribus</strong></span> <span class='ocrx_word' id='word_1_112' title='bbox 965 2441 1131 2522; x_wconf 89' lang='lat' dir='ltr'><strong>feratur.</strong></span> <span class='ocrx_word' id='word_1_113' title='bbox 1158 2437 1202 2519; x_wconf 85' lang='lat' dir='ltr'><strong>Si</strong></span> 
     </span>
    </p>

    <p class='ocr_par' dir='ltr' id='par_1_5' title="bbox 74 2551 1317 4412">
     <span class='ocr_line' id='line_1_17' title="bbox 77 2551 1297 2672; baseline 0.002 -24"><span class='ocrx_word' id='word_1_114' title='bbox 77 2573 160 2654; x_wconf 87' lang='lat' dir='ltr'><strong>enim</strong></span> <span class='ocrx_word' id='word_1_115' title='bbox 188 2601 215 2654; x_wconf 91' lang='lat' dir='ltr'><strong>a</strong></span> <span class='ocrx_word' id='word_1_116' title='bbox 243 2575 428 2656; x_wconf 90' lang='lat' dir='ltr'><strong>Parocho</strong></span> <span class='ocrx_word' id='word_1_117' title='bbox 458 2575 598 2672; x_wconf 87' lang='lat' dir='ltr'><strong>fertur,</strong></span> <span class='ocrx_word' id='word_1_118' title='bbox 628 2574 694 2655; x_wconf 92' lang='lat' dir='ltr'><strong>hic</strong></span> <span class='ocrx_word' id='word_1_119' title='bbox 714 2575 898 2656; x_wconf 88' lang='lat' dir='ltr'><strong>censuris</strong></span> <span class='ocrx_word' id='word_1_120' title='bbox 919 2572 1202 2656; x_wconf 88' lang='lat' dir='ltr'><strong>ecclesiasticis</strong></span> <span class='ocrx_word' id='word_1_121' title='bbox 1292 2551 1297 2561; x_wconf 45' lang='lat'>⁸</span> 
     </span>
     <span class='ocr_line' id='line_1_18' title="bbox 77 2691 1295 2816; baseline 0 -32"><span class='ocrx_word' id='word_1_122' title='bbox 77 2709 305 2789; x_wconf 86' lang='lat' dir='ltr'><strong>communire</strong></span> <span class='ocrx_word' id='word_1_123' title='bbox 334 2708 412 2789; x_wconf 87' lang='lat' dir='ltr'><strong>hoc</strong></span> <span class='ocrx_word' id='word_1_124' title='bbox 439 2691 610 2789; x_wconf 84' lang='lat' dir='ltr'><strong>vetitum</strong></span> <span class='ocrx_word' id='word_1_125' title='bbox 640 2709 793 2816; x_wconf 89' lang='lat' dir='ltr'><strong>nequit,</strong></span> <span class='ocrx_word' id='word_1_126' title='bbox 812 2735 906 2789; x_wconf 91' lang='lat' dir='ltr'><strong>cum</strong></span> <span class='ocrx_word' id='word_1_127' title='bbox 928 2733 1066 2788; x_wconf 84' lang='lat' dir='ltr'><strong>veram</strong></span> <span class='ocrx_word' id='word_1_128' title='bbox 1082 2704 1208 2814; x_wconf 82' lang='lat' dir='ltr'><strong>juris·</strong></span> <span class='ocrx_word' id='word_1_129' title='bbox 1288 2781 1295 2796; x_wconf 85' lang='grc'><strong>,</strong></span> 
     </span>
     <span class='ocr_line' id='line_1_19' title="bbox 76 2836 1207 2943; baseline 0.004 -29"><span class='ocrx_word' id='word_1_130' title='bbox 76 2836 266 2922; x_wconf 89' lang='lat' dir='ltr'><strong>dictionem</strong></span> <span class='ocrx_word' id='word_1_131' title='bbox 297 2843 338 2922; x_wconf 92' lang='lat' dir='ltr'><strong>in</strong></span> <span class='ocrx_word' id='word_1_132' title='bbox 370 2841 455 2922; x_wconf 90' lang='lat' dir='ltr'><strong>foro</strong></span> <span class='ocrx_word' id='word_1_133' title='bbox 485 2851 654 2922; x_wconf 82' lang='lat' dir='ltr'><strong>externo</strong></span> <span class='ocrx_word' id='word_1_134' title='bbox 683 2868 764 2923; x_wconf 90' lang='lat' dir='ltr'><strong>non</strong></span> <span class='ocrx_word' id='word_1_135' title='bbox 799 2842 961 2943; x_wconf 90' lang='lat' dir='ltr'><strong>habeat,</strong></span> <span class='ocrx_word' id='word_1_136' title='bbox 1004 2842 1076 2923; x_wconf 86' lang='lat' dir='ltr'><strong>sed</strong></span> <span class='ocrx_word' id='word_1_137' title='bbox 1116 2847 1207 2920; x_wconf 83' lang='lat' dir='ltr'><strong>tan-</strong></span> 
     </span>
     <span class='ocr_line' id='line_1_20' title="bbox 77 2952 1208 3084; baseline 0.004 -38"><span class='ocrx_word' id='word_1_138' title='bbox 77 2975 143 3051; x_wconf 82' lang='lat' dir='ltr'><strong>tum</strong></span> <span class='ocrx_word' id='word_1_139' title='bbox 171 2975 381 3082; x_wconf 87' lang='lat' dir='ltr'><strong>imponere</strong></span> <span class='ocrx_word' id='word_1_140' title='bbox 410 2952 510 3054; x_wconf 88' lang='lat' dir='ltr'><strong>illud</strong></span> <span class='ocrx_word' id='word_1_141' title='bbox 539 2973 686 3083; x_wconf 88' lang='lat' dir='ltr'><strong>poterit</strong></span> <span class='ocrx_word' id='word_1_142' title='bbox 715 2975 785 3054; x_wconf 86' lang='lat' dir='ltr'><strong>snb</strong></span> <span class='ocrx_word' id='word_1_143' title='bbox 814 2977 933 3084; x_wconf 72' lang='lat' dir='ltr'><strong>proni</strong></span> <span class='ocrx_word' id='word_1_144' title='bbox 954 2975 1086 3084; x_wconf 79' lang='lat' dir='ltr'><strong>culpa,</strong></span> <span class='ocrx_word' id='word_1_145' title='bbox 1112 2971 1208 3080; x_wconf 90' lang='lat' dir='ltr'><strong>quia</strong></span> 
     </span>
     <span class='ocr_line' id='line_1_21' title="bbox 76 3103 1209 3214; baseline 0.003 -36"><span class='ocrx_word' id='word_1_146' title='bbox 76 3107 224 3188; x_wconf 87' lang='lat' dir='ltr'><strong>materia</strong></span> <span class='ocrx_word' id='word_1_147' title='bbox 252 3115 315 3187; x_wconf 87' lang='lat' dir='ltr'><strong>est</strong></span> <span class='ocrx_word' id='word_1_148' title='bbox 343 3105 495 3212; x_wconf 87' lang='lat' dir='ltr'><strong>gravis,</strong></span> <span class='ocrx_word' id='word_1_149' title='bbox 529 3113 568 3187; x_wconf 88' lang='lat' dir='ltr'><strong>et</strong></span> <span class='ocrx_word' id='word_1_150' title='bbox 598 3107 649 3186; x_wconf 92' lang='lat' dir='ltr'><strong>ab</strong></span> <span class='ocrx_word' id='word_1_151' title='bbox 681 3104 768 3214; x_wconf 85' lang='lat' dir='ltr'><strong>ipso</strong></span> <span class='ocrx_word' id='word_1_152' title='bbox 798 3133 918 3214; x_wconf 88' lang='lat' dir='ltr'><strong>posse</strong></span> <span class='ocrx_word' id='word_1_153' title='bbox 947 3107 1024 3186; x_wconf 89' lang='lat' dir='ltr'><strong>hoc</strong></span> <span class='ocrx_word' id='word_1_154' title='bbox 1045 3103 1209 3184; x_wconf 90' lang='lat' dir='ltr'><strong>interdi-</strong></span> 
     </span>
     <span class='ocr_line' id='line_1_22' title="bbox 76 3235 1209 3345; baseline 0.005 -37"><span class='ocrx_word' id='word_1_155' title='bbox 76 3245 163 3316; x_wconf 86' lang='lat' dir='ltr'><strong>ctum</strong></span> <span class='ocrx_word' id='word_1_156' title='bbox 191 3238 348 3345; x_wconf 88' lang='lat' dir='ltr'><strong>imponi</strong></span> <span class='ocrx_word' id='word_1_157' title='bbox 376 3239 607 3318; x_wconf 89' lang='lat' dir='ltr'><strong>communis</strong></span> <span class='ocrx_word' id='word_1_158' title='bbox 646 3247 707 3319; x_wconf 86' lang='lat' dir='ltr'><strong>est</strong></span> <span class='ocrx_word' id='word_1_159' title='bbox 746 3238 968 3320; x_wconf 90' lang='lat' dir='ltr'><strong>Doctorum</strong></span> <span class='ocrx_word' id='word_1_160' title='bbox 1008 3235 1209 3316; x_wconf 86' lang='lat' dir='ltr'><strong>sententia</strong></span> 
     </span>
     <span class='ocr_line' id='line_1_23' title="bbox 78 3369 1317 3482; baseline 0.001 -35"><span class='ocrx_word' id='word_1_161' title='bbox 78 3389 114 3444; x_wconf 78' lang='lat' dir='ltr'><strong>cx</strong></span> <span class='ocrx_word' id='word_1_162' title='bbox 141 3398 226 3482; x_wconf 78' lang='lat' dir='ltr'><strong>cop.</strong></span> <span class='ocrx_word' id='word_1_163' title='bbox 245 3373 329 3478; x_wconf 77' lang='lat' dir='ltr'><strong>fin.</strong></span> <span class='ocrx_word' id='word_1_164' title='bbox 365 3376 390 3474; x_wconf 61' lang='grc' dir='ltr'><strong>ἕ</strong></span> <span class='ocrx_word' id='word_1_165' title='bbox 416 3373 498 3479; x_wconf 84' lang='lat' dir='ltr'><strong>fin.</strong></span> <span class='ocrx_word' id='word_1_166' title='bbox 533 3372 574 3450; x_wconf 80' lang='lat' dir='ltr'><strong>h.</strong></span> <span class='ocrx_word' id='word_1_167' title='bbox 600 3380 629 3452; x_wconf 81' lang='lat' dir='ltr'><strong>t.</strong></span> <span class='ocrx_word' id='word_1_168' title='bbox 662 3372 718 3454; x_wconf 88' lang='lat' dir='ltr'><strong>At</strong></span> <span class='ocrx_word' id='word_1_169' title='bbox 748 3373 783 3451; x_wconf 87' lang='lat' dir='ltr'><strong>si</strong></span> <span class='ocrx_word' id='word_1_170' title='bbox 815 3371 1024 3479; x_wconf 89' lang='lat' dir='ltr'><strong>proveniat</strong></span> <span class='ocrx_word' id='word_1_171' title='bbox 1044 3369 1120 3448; x_wconf 89' lang='lat' dir='ltr'><strong>hoe</strong></span> <span class='ocrx_word' id='word_1_172' title='bbox 1140 3393 1209 3448; x_wconf 88' lang='lat' dir='ltr'><strong>ve·</strong></span> <span class='ocrx_word' id='word_1_173' title='bbox 1314 3401 1317 3408; x_wconf 55' lang='lat'><strong><em>⁴</em></strong></span> 
     </span>
     <span class='ocr_line' id='line_1_24' title="bbox 76 3499 1209 3613; baseline 0.004 -37"><span class='ocrx_word' id='word_1_174' title='bbox 76 3499 173 3583; x_wconf 85' lang='lat' dir='ltr'><strong>titum</strong></span> <span class='ocrx_word' id='word_1_175' title='bbox 204 3531 229 3584; x_wconf 88' lang='lat' dir='ltr'><strong>a</strong></span> <span class='ocrx_word' id='word_1_176' title='bbox 254 3505 391 3613; x_wconf 87' lang='lat' dir='ltr'><strong>judice</strong></span> <span class='ocrx_word' id='word_1_177' title='bbox 421 3506 695 3586; x_wconf 83' lang='lat' dir='ltr'><strong>ecclesiastico</strong></span> <span class='ocrx_word' id='word_1_178' title='bbox 725 3532 807 3586; x_wconf 91' lang='lat' dir='ltr'><strong>non</strong></span> <span class='ocrx_word' id='word_1_179' title='bbox 837 3503 972 3585; x_wconf 89' lang='lat' dir='ltr'><strong>solum</strong></span> <span class='ocrx_word' id='word_1_180' title='bbox 998 3504 1087 3610; x_wconf 84' lang='lat' dir='ltr'><strong>ejus</strong></span> <span class='ocrx_word' id='word_1_181' title='bbox 1107 3501 1209 3582; x_wconf 92' lang='lat' dir='ltr'><strong>obli-</strong></span> 
     </span>
     <span class='ocr_line' id='line_1_25' title="bbox 76 3617 1209 3745; baseline 0.002 -32"><span class='ocrx_word' id='word_1_182' title='bbox 76 3636 164 3737; x_wconf 80' lang='lat' dir='ltr'><strong>gatio</strong></span> <span class='ocrx_word' id='word_1_183' title='bbox 195 3638 274 3719; x_wconf 91' lang='lat' dir='ltr'><strong>sub</strong></span> <span class='ocrx_word' id='word_1_184' title='bbox 305 3617 419 3744; x_wconf 84' lang='lat' dir='ltr'><strong>gravi</strong></span> <span class='ocrx_word' id='word_1_185' title='bbox 449 3639 555 3720; x_wconf 88' lang='lat' dir='ltr'><strong>valet</strong></span> <span class='ocrx_word' id='word_1_186' title='bbox 584 3638 752 3745; x_wconf 92' lang='lat' dir='ltr'><strong>imponi,</strong></span> <span class='ocrx_word' id='word_1_187' title='bbox 781 3639 853 3719; x_wconf 89' lang='lat' dir='ltr'><strong>sed</strong></span> <span class='ocrx_word' id='word_1_188' title='bbox 874 3645 1006 3745; x_wconf 85' lang='lat' dir='ltr'><strong>potest</strong></span> <span class='ocrx_word' id='word_1_189' title='bbox 1025 3661 1209 3717; x_wconf 91' lang='lat' dir='ltr'><strong>commu-</strong></span> 
     </span>
     <span class='ocr_line' id='line_1_26' title="bbox 76 3764 1210 3878; baseline 0.005 -36"><span class='ocrx_word' id='word_1_190' title='bbox 76 3767 134 3846; x_wconf 89' lang='lat' dir='ltr'><strong>niri</strong></span> <span class='ocrx_word' id='word_1_191' title='bbox 162 3771 285 3852; x_wconf 88' lang='lat' dir='ltr'><strong>etiam</strong></span> <span class='ocrx_word' id='word_1_192' title='bbox 315 3771 525 3853; x_wconf 88' lang='lat' dir='ltr'><strong>sanctione</strong></span> <span class='ocrx_word' id='word_1_193' title='bbox 555 3799 837 3872; x_wconf 85' lang='lat' dir='ltr'><strong>censurarum,</strong></span> <span class='ocrx_word' id='word_1_194' title='bbox 866 3764 927 3854; x_wconf 68' lang='lat' dir='ltr'><strong>vut</strong></span> <span class='ocrx_word' id='word_1_195' title='bbox 965 3769 1210 3878; x_wconf 87' lang='lat' dir='ltr'><strong>praecipitur</strong></span> 
     </span>
     <span class='ocr_line' id='line_1_27' title="bbox 76 3901 1210 4015; baseline 0.004 -41"><span class='ocrx_word' id='word_1_196' title='bbox 76 3923 113 3977; x_wconf 82' lang='lat' dir='ltr'><strong>ex</strong></span> <span class='ocrx_word' id='word_1_197' title='bbox 139 3930 224 4015; x_wconf 85' lang='lat' dir='ltr'><strong>cop.</strong></span> <span class='ocrx_word' id='word_1_198' title='bbox 260 3907 287 3984; x_wconf 81' lang='lat'><em>2</em></span> <span class='ocrx_word' id='word_1_199' title='bbox 318 3902 358 3983; x_wconf 77' lang='lat' dir='ltr'><strong>t.</strong></span> <span class='ocrx_word' id='word_1_200' title='bbox 394 3912 422 3983; x_wconf 89' lang='lat' dir='ltr'><strong>t.</strong></span> <span class='ocrx_word' id='word_1_201' title='bbox 455 3904 541 3984; x_wconf 91' lang='lat' dir='ltr'><strong>Imo</strong></span> <span class='ocrx_word' id='word_1_202' title='bbox 561 3905 638 3986; x_wconf 88' lang='lat' dir='ltr'><strong>hoc</strong></span> <span class='ocrx_word' id='word_1_203' title='bbox 659 3905 917 3986; x_wconf 87' lang='lat' dir='ltr'><strong>interdictum</strong></span> <span class='ocrx_word' id='word_1_204' title='bbox 937 3911 1069 4011; x_wconf 87' lang='lat' dir='ltr'><strong>potest</strong></span> <span class='ocrx_word' id='word_1_205' title='bbox 1090 3901 1210 4008; x_wconf 87' lang='lat' dir='ltr'><strong>dirigi</strong></span> 
     </span>
     <span class='ocr_line' id='line_1_28' title="bbox 77 4033 1212 4147; baseline 0.008 -40"><span class='ocrx_word' id='word_1_206' title='bbox 77 4033 179 4116; x_wconf 86' lang='lat' dir='ltr'><strong>eliam</strong></span> <span class='ocrx_word' id='word_1_207' title='bbox 198 4037 398 4138; x_wconf 89' lang='lat' dir='ltr'><strong>Parocho,</strong></span> <span class='ocrx_word' id='word_1_208' title='bbox 423 4045 468 4118; x_wconf 95' lang='lat' dir='ltr'><strong>ut</strong></span> <span class='ocrx_word' id='word_1_209' title='bbox 486 4038 556 4118; x_wconf 89' lang='lat' dir='ltr'><strong>tali</strong></span> <span class='ocrx_word' id='word_1_210' title='bbox 577 4039 836 4130; x_wconf 90' lang='lat' dir='ltr'><strong>matrimonio</strong></span> <span class='ocrx_word' id='word_1_211' title='bbox 857 4037 1120 4147; x_wconf 88' lang='lat' dir='ltr'><strong>prohibeatur</strong></span> <span class='ocrx_word' id='word_1_212' title='bbox 1140 4035 1212 4116; x_wconf 91' lang='lat' dir='ltr'><strong>ad-</strong></span> 
     </span>
     <span class='ocr_line' id='line_1_29' title="bbox 75 4163 1205 4279; baseline 0.005 -38"><span class='ocrx_word' id='word_1_213' title='bbox 75 4163 223 4271; x_wconf 86' lang='lat' dir='ltr'><strong>sistere,</strong></span> <span class='ocrx_word' id='word_1_214' title='bbox 271 4181 311 4250; x_wconf 89' lang='lat' dir='ltr'><strong>et</strong></span> <span class='ocrx_word' id='word_1_215' title='bbox 349 4169 586 4252; x_wconf 85' lang='lat' dir='ltr'><strong>inobediens</strong></span> <span class='ocrx_word' id='word_1_216' title='bbox 625 4169 837 4253; x_wconf 87' lang='lat' dir='ltr'><strong>Perochus</strong></span> <span class='ocrx_word' id='word_1_217' title='bbox 875 4169 1011 4279; x_wconf 92' lang='lat' dir='ltr'><strong>puniri</strong></span> <span class='ocrx_word' id='word_1_218' title='bbox 1050 4175 1205 4278; x_wconf 87' lang='lat' dir='ltr'><strong>potest,</strong></span> 
     </span>
     <span class='ocr_line' id='line_1_30' title="bbox 74 4301 1212 4412; baseline 0.003 -36"><span class='ocrx_word' id='word_1_219' title='bbox 74 4302 400 4402; x_wconf 86' lang='lat' dir='ltr'><strong>quemadmodum</strong></span> <span class='ocrx_word' id='word_1_220' title='bbox 430 4311 470 4386; x_wconf 91' lang='lat' dir='ltr'><strong>et</strong></span> <span class='ocrx_word' id='word_1_221' title='bbox 498 4311 621 4386; x_wconf 85' lang='lat' dir='ltr'><strong>testes</strong></span> <span class='ocrx_word' id='word_1_222' title='bbox 641 4303 777 4412; x_wconf 91' lang='lat' dir='ltr'><strong>puniri</strong></span> <span class='ocrx_word' id='word_1_223' title='bbox 798 4304 948 4405; x_wconf 85' lang='lat' dir='ltr'><strong>valent,</strong></span> <span class='ocrx_word' id='word_1_224' title='bbox 971 4301 1006 4384; x_wconf 88' lang='lat' dir='ltr'><strong>si</strong></span> <span class='ocrx_word' id='word_1_225' title='bbox 1033 4311 1125 4410; x_wconf 88' lang='lat' dir='ltr'><strong>post</strong></span> <span class='ocrx_word' id='word_1_226' title='bbox 1143 4325 1212 4379; x_wconf 78' lang='lat' dir='ltr'><strong>ve-</strong></span> 
     </span>
    </p>
   </div>
   <div class='ocr_carea' id='block_1_5' title="bbox 0 0 1594 5134">
    <p class='ocr_par' dir='ltr' id='par_1_6' title="bbox 0 0 1594 5134">
     <span class='ocr_line' id='line_1_31' title="bbox 0 0 1594 5134; baseline 0 0"><span class='ocrx_word' id='word_1_227' title='bbox 0 0 1594 5134; x_wconf 95' lang='lat' dir='ltr'><strong> </strong></span> 
     </span>
    </p>
   </div>
  </div>
 </body>
</html>
