<?xml version="1.0" encoding="UTF-8"?>
<!DOCTYPE html PUBLIC "-//W3C//DTD XHTML 1.0 Transitional//EN"
    "http://www.w3.org/TR/xhtml1/DTD/xhtml1-transitional.dtd">
<html xmlns="http://www.w3.org/1999/xhtml" xml:lang="en" lang="en">
 <head>
  <title>
</title>
<meta http-equiv="Content-Type" content="text/html;charset=utf-8" />
  <meta name='ocr-system' content='tesseract 3.04.00' />
  <meta name='ocr-capabilities' content='ocr_page ocr_carea ocr_par ocr_line ocrx_word'/>
</head>
<body>
  <div class='ocr_page' id='page_1' title='image "./praelectionesju00angegoog/praelectionesju00angegoog_0404.png"; bbox 0 0 3380 5132; ppageno 0'>
   <div class='ocr_carea' id='block_1_1' title="bbox 511 363 1312 430">
    <p class='ocr_par' dir='ltr' id='par_1_1' title="bbox 511 363 1312 430">
     <span class='ocr_line' id='line_1_1' title="bbox 511 363 1312 430; baseline 0 -2"><span class='ocrx_word' id='word_1_1' title='bbox 511 383 608 428; x_wconf 73' lang='lat' dir='ltr'><em>umen</em></span> <span class='ocrx_word' id='word_1_2' title='bbox 630 383 661 428; x_wconf 85' lang='lat' dir='ltr'><em>v.</em></span> <span class='ocrx_word' id='word_1_3' title='bbox 687 401 730 410; x_wconf 97' lang='lat'><em>-</em></span> <span class='ocrx_word' id='word_1_4' title='bbox 754 383 895 430; x_wconf 72' lang='lat' dir='ltr'><em>ruccas</em></span> <span class='ocrx_word' id='word_1_5' title='bbox 917 385 940 429; x_wconf 89' lang='lat'><em>1.</em></span> <span class='ocrx_word' id='word_1_6' title='bbox 1269 363 1312 428; x_wconf 77' lang='lat'><em>41</em></span> 
     </span>
    </p>
   </div>
   <div class='ocr_carea' id='block_1_2' title="bbox 133 511 1332 2760">
    <p class='ocr_par' dir='ltr' id='par_1_2' title="bbox 133 511 1332 1425">
     <span class='ocr_line' id='line_1_2' title="bbox 135 511 1315 619; baseline -0.002 -27"><span class='ocrx_word' id='word_1_7' title='bbox 135 512 329 592; x_wconf 81' lang='lat' dir='ltr'><em>eumdem</em></span> <span class='ocrx_word' id='word_1_8' title='bbox 346 511 579 618; x_wconf 82' lang='lat' dir='ltr'><em>recipienda</em></span> <span class='ocrx_word' id='word_1_9' title='bbox 595 511 854 610; x_wconf 83' lang='lat' dir='ltr'><em>testimonie3</em></span> <span class='ocrx_word' id='word_1_10' title='bbox 875 537 965 592; x_wconf 88' lang='lat' dir='ltr'><em>cum</em></span> <span class='ocrx_word' id='word_1_11' title='bbox 988 511 1198 619; x_wconf 80' lang='lat' dir='ltr'><em>inquisitio</em></span> <span class='ocrx_word' id='word_1_12' title='bbox 1209 511 1315 618; x_wconf 78' lang='lat' dir='ltr'><em>fieri</em></span> 
     </span>
     <span class='ocr_line' id='line_1_3' title="bbox 133 643 1313 756; baseline -0.002 -32"><span class='ocrx_word' id='word_1_13' title='bbox 133 644 274 726; x_wconf 85' lang='lat' dir='ltr'><em>debeat</em></span> <span class='ocrx_word' id='word_1_14' title='bbox 305 643 556 726; x_wconf 71' lang='lat' dir='ltr'><em>solummodo</em></span> <span class='ocrx_word' id='word_1_15' title='bbox 586 671 709 756; x_wconf 89' lang='lat' dir='ltr'><em>super</em></span> <span class='ocrx_word' id='word_1_16' title='bbox 742 645 841 745; x_wconf 87' lang='lat' dir='ltr'><em>illis,</em></span> <span class='ocrx_word' id='word_1_17' title='bbox 870 645 919 725; x_wconf 93' lang='lat' dir='ltr'><em>de</em></span> <span class='ocrx_word' id='word_1_18' title='bbox 949 645 1093 752; x_wconf 84' lang='lat' dir='ltr'><em>quibus</em></span> <span class='ocrx_word' id='word_1_19' title='bbox 1116 645 1313 724; x_wconf 90' lang='lat' dir='ltr'><em>clamores</em></span> 
     </span>
     <span class='ocr_line' id='line_1_4' title="bbox 134 777 1315 890; baseline -0.002 -31"><span class='ocrx_word' id='word_1_20' title='bbox 134 780 270 886; x_wconf 79' lang='lat' dir='ltr'><em>aliqui</em></span> <span class='ocrx_word' id='word_1_21' title='bbox 294 785 617 890; x_wconf 87' lang='lat' dir='ltr'><em>praecesserunt.</em></span> <span class='ocrx_word' id='word_1_22' title='bbox 644 778 751 859; x_wconf 91' lang='lat' dir='ltr'><em>Hinc</em></span> <span class='ocrx_word' id='word_1_23' title='bbox 782 779 834 858; x_wconf 82' lang='lat' dir='ltr'><em>cd</em></span> <span class='ocrx_word' id='word_1_24' title='bbox 866 803 959 858; x_wconf 86' lang='lat' dir='ltr'><em>eam</em></span> <span class='ocrx_word' id='word_1_25' title='bbox 992 803 1132 858; x_wconf 89' lang='lat' dir='ltr'><em>vocem</em></span> <span class='ocrx_word' id='word_1_26' title='bbox 1163 777 1315 858; x_wconf 90' lang='lat' dir='ltr'><em>solum-</em></span> 
     </span>
     <span class='ocr_line' id='line_1_5' title="bbox 134 911 1313 1019; baseline 0.001 -28"><span class='ocrx_word' id='word_1_27' title='bbox 134 911 253 994; x_wconf 92' lang='lat' dir='ltr'><em>modo</em></span> <span class='ocrx_word' id='word_1_28' title='bbox 285 912 342 994; x_wconf 85' lang='lat' dir='ltr'><em>ita</em></span> <span class='ocrx_word' id='word_1_29' title='bbox 373 919 487 994; x_wconf 84' lang='lat' dir='ltr'><em>natat</em></span> <span class='ocrx_word' id='word_1_30' title='bbox 527 911 700 994; x_wconf 83' lang='lat' dir='ltr'><em>Glossa:</em></span> <span class='ocrx_word' id='word_1_31' title='bbox 739 913 815 992; x_wconf 80' lang='lat' dir='ltr'><em>En</em></span> <span class='ocrx_word' id='word_1_32' title='bbox 845 913 920 994; x_wconf 87' lang='lat' dir='ltr'><em>hoc</em></span> <span class='ocrx_word' id='word_1_33' title='bbox 950 913 1092 1013; x_wconf 84' lang='lat' dir='ltr'><em>habes,</em></span> <span class='ocrx_word' id='word_1_34' title='bbox 1126 911 1234 1019; x_wconf 87' lang='lat' dir='ltr'><em>quod</em></span> <span class='ocrx_word' id='word_1_35' title='bbox 1263 911 1313 992; x_wconf 89' lang='lat' dir='ltr'><em>de</em></span> 
     </span>
     <span class='ocr_line' id='line_1_6' title="bbox 134 1045 1312 1157; baseline -0.003 -31"><span class='ocrx_word' id='word_1_36' title='bbox 134 1047 302 1128; x_wconf 88' lang='lat' dir='ltr'><em>occultis</em></span> <span class='ocrx_word' id='word_1_37' title='bbox 334 1072 414 1127; x_wconf 93' lang='lat' dir='ltr'><em>non</em></span> <span class='ocrx_word' id='word_1_38' title='bbox 445 1052 502 1125; x_wconf 88' lang='lat' dir='ltr'><em>est</em></span> <span class='ocrx_word' id='word_1_39' title='bbox 534 1045 849 1153; x_wconf 84' lang='lat' dir='ltr'><em>inquirendum;</em></span> <span class='ocrx_word' id='word_1_40' title='bbox 882 1073 953 1127; x_wconf 87' lang='lat' dir='ltr'><em>nac</em></span> <span class='ocrx_word' id='word_1_41' title='bbox 982 1071 1104 1157; x_wconf 90' lang='lat' dir='ltr'><em>super</em></span> <span class='ocrx_word' id='word_1_42' title='bbox 1135 1045 1218 1124; x_wconf 87' lang='lat' dir='ltr'><em>illis</em></span> <span class='ocrx_word' id='word_1_43' title='bbox 1237 1045 1312 1152; x_wconf 83' lang='lat' dir='ltr'><em>ju-</em></span> 
     </span>
     <span class='ocr_line' id='line_1_7' title="bbox 133 1179 1332 1293; baseline -0.003 -31"><span class='ocrx_word' id='word_1_44' title='bbox 133 1189 270 1262; x_wconf 86' lang='lat' dir='ltr'><em>ratur.</em></span> <span class='ocrx_word' id='word_1_45' title='bbox 302 1181 417 1263; x_wconf 87' lang='lat' dir='ltr'><em>Unda</em></span> <span class='ocrx_word' id='word_1_46' title='bbox 445 1181 483 1261; x_wconf 91' lang='lat' dir='ltr'><em>si</em></span> <span class='ocrx_word' id='word_1_47' title='bbox 513 1179 652 1262; x_wconf 87' lang='lat' dir='ltr'><em>dicant</em></span> <span class='ocrx_word' id='word_1_48' title='bbox 684 1188 800 1262; x_wconf 87' lang='lat' dir='ltr'><em>testes</em></span> <span class='ocrx_word' id='word_1_49' title='bbox 821 1208 943 1293; x_wconf 85' lang='lat' dir='ltr'><em>super</em></span> <span class='ocrx_word' id='word_1_50' title='bbox 964 1183 1043 1282; x_wconf 87' lang='lat' dir='ltr'><em>his,</em></span> <span class='ocrx_word' id='word_1_51' title='bbox 1068 1208 1145 1262; x_wconf 91' lang='lat' dir='ltr'><em>non</em></span> <span class='ocrx_word' id='word_1_52' title='bbox 1178 1180 1332 1262; x_wconf 84' lang='lat' dir='ltr'><em>ualent·</em></span> 
     </span>
     <span class='ocr_line' id='line_1_8' title="bbox 134 1314 856 1425; baseline 0 -29"><span class='ocrx_word' id='word_1_53' title='bbox 134 1316 242 1396; x_wconf 90' lang='lat' dir='ltr'><em>talia</em></span> <span class='ocrx_word' id='word_1_54' title='bbox 273 1314 401 1415; x_wconf 84' lang='lat' dir='ltr'><em>dicta,</em></span> <span class='ocrx_word' id='word_1_55' title='bbox 434 1321 570 1425; x_wconf 88' lang='lat' dir='ltr'><em>utpote</em></span> <span class='ocrx_word' id='word_1_56' title='bbox 600 1342 679 1396; x_wconf 94' lang='lat' dir='ltr'><em>non</em></span> <span class='ocrx_word' id='word_1_57' title='bbox 698 1315 856 1422; x_wconf 86' lang='lat' dir='ltr'><em>jurati.</em></span> 
     </span>
    </p>

    <p class='ocr_par' dir='ltr' id='par_1_3' title="bbox 134 1449 1311 2760">
     <span class='ocr_line' id='line_1_9' title="bbox 219 1449 1310 1546; baseline -0.004 -16"><span class='ocrx_word' id='word_1_58' title='bbox 219 1449 330 1530; x_wconf 88' lang='lat' dir='ltr'>Idem</span> <span class='ocrx_word' id='word_1_59' title='bbox 362 1456 522 1530; x_wconf 84' lang='lat' dir='ltr'><em>constat</em></span> <span class='ocrx_word' id='word_1_60' title='bbox 552 1475 604 1530; x_wconf 88' lang='lat' dir='ltr'><em>ex</em></span> <span class='ocrx_word' id='word_1_61' title='bbox 635 1449 786 1530; x_wconf 76' lang='lat' dir='ltr'><em>celebri</em></span> <span class='ocrx_word' id='word_1_62' title='bbox 830 1450 992 1530; x_wconf 89' lang='lat' dir='ltr'><em>decreto</em></span> <span class='ocrx_word' id='word_1_63' title='bbox 1037 1449 1237 1546; x_wconf 75' lang='lat' dir='ltr'><em>Qualiter,</em></span> <span class='ocrx_word' id='word_1_64' title='bbox 1274 1455 1310 1526; x_wconf 92' lang='lat' dir='ltr'><em>et</em></span> 
     </span>
     <span class='ocr_line' id='line_1_10' title="bbox 135 1580 1309 1690; baseline -0.002 -26"><span class='ocrx_word' id='word_1_65' title='bbox 135 1582 298 1690; x_wconf 87' lang='lat' dir='ltr'><em>quando</em></span> <span class='ocrx_word' id='word_1_66' title='bbox 343 1585 406 1667; x_wconf 78' lang='lat'><em>24</em></span> <span class='ocrx_word' id='word_1_67' title='bbox 447 1583 512 1664; x_wconf 91' lang='lat' dir='ltr'><em>tit.</em></span> <span class='ocrx_word' id='word_1_68' title='bbox 560 1588 602 1683; x_wconf 85' lang='lat'><em>1,</em></span> <span class='ocrx_word' id='word_1_69' title='bbox 652 1583 724 1665; x_wconf 86' lang='lat' dir='ltr'><em>lib.</em></span> <span class='ocrx_word' id='word_1_70' title='bbox 765 1586 794 1664; x_wconf 91' lang='lat'><em>5</em></span> <span class='ocrx_word' id='word_1_71' title='bbox 835 1585 1000 1665; x_wconf 87' lang='lat' dir='ltr'><em>Decret.</em></span> <span class='ocrx_word' id='word_1_72' title='bbox 1050 1581 1090 1662; x_wconf 91' lang='lat' dir='ltr'><em>in</em></span> <span class='ocrx_word' id='word_1_73' title='bbox 1137 1580 1309 1664; x_wconf 87' lang='lat' dir='ltr'><em>coneilio</em></span> 
     </span>
     <span class='ocr_line' id='line_1_11' title="bbox 135 1715 1309 1827; baseline -0.003 -28"><span class='ocrx_word' id='word_1_74' title='bbox 135 1716 399 1799; x_wconf 88' lang='lat' dir='ltr'><em>oecumenico</em></span> <span class='ocrx_word' id='word_1_75' title='bbox 444 1717 712 1799; x_wconf 84' lang='lat' dir='ltr'><em>Lateranensi</em></span> <span class='ocrx_word' id='word_1_76' title='bbox 755 1717 851 1799; x_wconf 85' lang='lat' dir='ltr'><em>anni</em></span> <span class='ocrx_word' id='word_1_77' title='bbox 894 1719 1002 1798; x_wconf 79' lang='lat'>1216</span> <span class='ocrx_word' id='word_1_78' title='bbox 1045 1715 1218 1827; x_wconf 82' lang='lat' dir='ltr'><em>prolato,</em></span> <span class='ocrx_word' id='word_1_79' title='bbox 1267 1717 1309 1796; x_wconf 90' lang='lat' dir='ltr'><em>in</em></span> 
     </span>
     <span class='ocr_line' id='line_1_12' title="bbox 135 1849 1311 1962; baseline -0.002 -30"><span class='ocrx_word' id='word_1_80' title='bbox 135 1878 217 1958; x_wconf 89' lang='lat' dir='ltr'><em>quo</em></span> <span class='ocrx_word' id='word_1_81' title='bbox 248 1850 309 1931; x_wconf 89' lang='lat' dir='ltr'><em>sic</em></span> <span class='ocrx_word' id='word_1_82' title='bbox 329 1851 548 1932; x_wconf 75' lang='lat' dir='ltr'><em>statuitur:</em></span> <span class='ocrx_word' id='word_1_83' title='bbox 574 1853 690 1934; x_wconf 89' lang='lat' dir='ltr'><em>Sicut</em></span> <span class='ocrx_word' id='word_1_84' title='bbox 711 1855 1010 1934; x_wconf 78' lang='lat' dir='ltr'><em>accusationem</em></span> <span class='ocrx_word' id='word_1_85' title='bbox 1038 1852 1220 1962; x_wconf 71' lang='lat' dir='ltr'><em>lepitimu</em></span> <span class='ocrx_word' id='word_1_86' title='bbox 1241 1849 1311 1932; x_wconf 92' lang='lat' dir='ltr'><em>de-</em></span> 
     </span>
     <span class='ocr_line' id='line_1_13' title="bbox 136 1983 1309 2098; baseline 0.001 -36"><span class='ocrx_word' id='word_1_87' title='bbox 136 1983 197 2062; x_wconf 84' lang='lat' dir='ltr'><em>bet</em></span> <span class='ocrx_word' id='word_1_88' title='bbox 231 1983 479 2092; x_wconf 84' lang='lat' dir='ltr'><em>praecedere</em></span> <span class='ocrx_word' id='word_1_89' title='bbox 521 1985 749 2098; x_wconf 78' lang='lat' dir='ltr'><em>inscriptio,</em></span> <span class='ocrx_word' id='word_1_90' title='bbox 782 1987 842 2066; x_wconf 88' lang='lat' dir='ltr'><em>sic</em></span> <span class='ocrx_word' id='word_1_91' title='bbox 882 1993 918 2066; x_wconf 90' lang='lat' dir='ltr'><em>el</em></span> <span class='ocrx_word' id='word_1_92' title='bbox 959 1985 1309 2068; x_wconf 83' lang='lat' dir='ltr'><em>denunciationem</em></span> 
     </span>
     <span class='ocr_line' id='line_1_14' title="bbox 136 2117 1309 2227; baseline 0 -29"><span class='ocrx_word' id='word_1_93' title='bbox 136 2117 388 2200; x_wconf 70' lang='lat' dir='ltr'><em>charitativa</em></span> <span class='ocrx_word' id='word_1_94' title='bbox 444 2119 634 2218; x_wconf 89' lang='lat' dir='ltr'><em>monitio,</em></span> <span class='ocrx_word' id='word_1_95' title='bbox 691 2127 727 2200; x_wconf 92' lang='lat' dir='ltr'><em>et</em></span> <span class='ocrx_word' id='word_1_96' title='bbox 779 2121 1080 2227; x_wconf 84' lang='lat' dir='ltr'><em>inquisitionem</em></span> <span class='ocrx_word' id='word_1_97' title='bbox 1129 2120 1309 2200; x_wconf 89' lang='lat' dir='ltr'><em>clamosa</em></span> 
     </span>
     <span class='ocr_line' id='line_1_15' title="bbox 138 2250 1310 2362; baseline -0.001 -33"><span class='ocrx_word' id='word_1_98' title='bbox 138 2251 358 2333; x_wconf 89' lang='lat' dir='ltr'><em>insinuatio</em></span> <span class='ocrx_word' id='word_1_99' title='bbox 382 2252 642 2362; x_wconf 82' lang='lat' dir='ltr'><em>praeuenire.</em></span> <span class='ocrx_word' id='word_1_100' title='bbox 677 2250 787 2356; x_wconf 82' lang='lat' dir='ltr'><em>Ergo</em></span> <span class='ocrx_word' id='word_1_101' title='bbox 817 2251 853 2330; x_wconf 90' lang='lat' dir='ltr'><em>si</em></span> <span class='ocrx_word' id='word_1_102' title='bbox 885 2252 981 2332; x_wconf 90' lang='lat' dir='ltr'><em>velit</em></span> <span class='ocrx_word' id='word_1_103' title='bbox 1020 2251 1208 2358; x_wconf 88' lang='lat' dir='ltr'><em>superior</em></span> <span class='ocrx_word' id='word_1_104' title='bbox 1238 2275 1310 2356; x_wconf 88' lang='lat' dir='ltr'><em>per</em></span> 
     </span>
     <span class='ocr_line' id='line_1_16' title="bbox 136 2383 1310 2494; baseline 0.002 -32"><span class='ocrx_word' id='word_1_105' title='bbox 136 2383 244 2465; x_wconf 84' lang='lat' dir='ltr'><em>vium</em></span> <span class='ocrx_word' id='word_1_106' title='bbox 276 2383 555 2494; x_wconf 84' lang='lat' dir='ltr'><em>inquisitionis</em></span> <span class='ocrx_word' id='word_1_107' title='bbox 587 2384 823 2493; x_wconf 85' lang='lat' dir='ltr'><em>procedere,</em></span> <span class='ocrx_word' id='word_1_108' title='bbox 857 2411 1024 2467; x_wconf 88' lang='lat' dir='ltr'><em>necesse</em></span> <span class='ocrx_word' id='word_1_109' title='bbox 1054 2391 1116 2466; x_wconf 84' lang='lat' dir='ltr'><em>est</em></span> <span class='ocrx_word' id='word_1_110' title='bbox 1145 2410 1310 2494; x_wconf 86' lang='lat' dir='ltr'><em>pracce-</em></span> 
     </span>
     <span class='ocr_line' id='line_1_17' title="bbox 135 2517 1310 2626; baseline 0.001 -28"><span class='ocrx_word' id='word_1_111' title='bbox 135 2519 240 2601; x_wconf 87' lang='lat' dir='ltr'><em>sisse</em></span> <span class='ocrx_word' id='word_1_112' title='bbox 271 2519 348 2599; x_wconf 87' lang='lat' dir='ltr'><em>Rei</em></span> <span class='ocrx_word' id='word_1_113' title='bbox 379 2517 719 2601; x_wconf 82' lang='lat' dir='ltr'><em>diffamationem.</em></span> <span class='ocrx_word' id='word_1_114' title='bbox 756 2517 886 2626; x_wconf 88' lang='lat' dir='ltr'><em>Cujus</em></span> <span class='ocrx_word' id='word_1_115' title='bbox 927 2518 1030 2626; x_wconf 85' lang='lat' dir='ltr'><em>legis</em></span> <span class='ocrx_word' id='word_1_116' title='bbox 1066 2519 1310 2600; x_wconf 84' lang='lat' dir='ltr'><em>fundamen·</em></span> 
     </span>
     <span class='ocr_line' id='line_1_18' title="bbox 134 2653 1307 2760; baseline -0.003 -24"><span class='ocrx_word' id='word_1_117' title='bbox 134 2663 242 2753; x_wconf 88' lang='lat' dir='ltr'><em>tum,</em></span> <span class='ocrx_word' id='word_1_118' title='bbox 276 2660 315 2734; x_wconf 87' lang='lat' dir='ltr'><em>ct</em></span> <span class='ocrx_word' id='word_1_119' title='bbox 345 2655 448 2734; x_wconf 83' lang='lat' dir='ltr'><em>ratio</em></span> <span class='ocrx_word' id='word_1_120' title='bbox 480 2653 539 2734; x_wconf 89' lang='lat' dir='ltr'><em>sic</em></span> <span class='ocrx_word' id='word_1_121' title='bbox 570 2653 794 2760; x_wconf 71' lang='lat' dir='ltr'><em>exponitur</em></span> <span class='ocrx_word' id='word_1_122' title='bbox 822 2653 902 2734; x_wconf 88' lang='lat' dir='ltr'><em>sub</em></span> <span class='ocrx_word' id='word_1_123' title='bbox 933 2653 1117 2760; x_wconf 87' lang='lat' dir='ltr'><em>ejusdcm</em></span> <span class='ocrx_word' id='word_1_124' title='bbox 1160 2653 1307 2734; x_wconf 83' lang='lat' dir='ltr'><em>decreti</em></span> 
     </span>
    </p>
   </div>
   <div class='ocr_carea' id='block_1_3' title="bbox 14 2786 1311 2896">
    <p class='ocr_par' dir='ltr' id='par_1_4' title="bbox 14 2786 1311 2896">
     <span class='ocr_line' id='line_1_19' title="bbox 14 2786 1311 2896; baseline 0 -29"><span class='ocrx_word' id='word_1_125' title='bbox 14 2847 15 2856; x_wconf 30' lang='lat' dir='ltr'><em>r</em></span> <span class='ocrx_word' id='word_1_126' title='bbox 134 2787 322 2868; x_wconf 85' lang='lat' dir='ltr'><em>initium:</em></span> <span class='ocrx_word' id='word_1_127' title='bbox 349 2786 537 2877; x_wconf 82' lang='lat' dir='ltr'><em>Qualiter</em></span> <span class='ocrx_word' id='word_1_128' title='bbox 558 2793 594 2867; x_wconf 90' lang='lat' dir='ltr'><em>et</em></span> <span class='ocrx_word' id='word_1_129' title='bbox 615 2787 778 2895; x_wconf 80' lang='lat' dir='ltr'><em>qraando</em></span> <span class='ocrx_word' id='word_1_130' title='bbox 809 2787 949 2868; x_wconf 85' lang='lat' dir='ltr'><em>debeat</em></span> <span class='ocrx_word' id='word_1_131' title='bbox 969 2787 1194 2869; x_wconf 89' lang='lat' dir='ltr'><em>Praelatus</em></span> <span class='ocrx_word' id='word_1_132' title='bbox 1208 2811 1311 2896; x_wconf 90' lang='lat' dir='ltr'><em>pro-</em></span> 
     </span>
    </p>
   </div>
   <div class='ocr_carea' id='block_1_4' title="bbox 135 2921 1314 4501">
    <p class='ocr_par' dir='ltr' id='par_1_5' title="bbox 135 2921 1314 4501">
     <span class='ocr_line' id='line_1_20' title="bbox 136 2921 1309 3034; baseline 0.003 -32"><span class='ocrx_word' id='word_1_133' title='bbox 136 2922 275 3003; x_wconf 88' lang='lat' dir='ltr'><em>cedere</em></span> <span class='ocrx_word' id='word_1_134' title='bbox 295 2921 352 3003; x_wconf 92' lang='lat' dir='ltr'><em>ad</em></span> <span class='ocrx_word' id='word_1_135' title='bbox 383 2921 686 3028; x_wconf 83' lang='lat' dir='ltr'><em>inquirendum,</em></span> <span class='ocrx_word' id='word_1_136' title='bbox 711 2929 747 3002; x_wconf 87' lang='lat' dir='ltr'><em>et</em></span> <span class='ocrx_word' id='word_1_137' title='bbox 772 2922 1025 3034; x_wconf 89' lang='lat' dir='ltr'><em>puniendum</em></span> <span class='ocrx_word' id='word_1_138' title='bbox 1054 2921 1309 3004; x_wconf 82' lang='lat' dir='ltr'><em>subditorum</em></span> 
     </span>
     <span class='ocr_line' id='line_1_21' title="bbox 136 3055 1312 3158; baseline -0.001 -23"><span class='ocrx_word' id='word_1_139' title='bbox 136 3081 335 3158; x_wconf 72' lang='lat' dir='ltr'><em>excessus,</em></span> <span class='ocrx_word' id='word_1_140' title='bbox 370 3081 424 3135; x_wconf 81' lang='lat' dir='ltr'><em>ea</em></span> <span class='ocrx_word' id='word_1_141' title='bbox 454 3055 768 3136; x_wconf 87' lang='lat' dir='ltr'><em>auctoritatibus</em></span> <span class='ocrx_word' id='word_1_142' title='bbox 804 3056 963 3155; x_wconf 87' lang='lat' dir='ltr'><em>ceteris,</em></span> <span class='ocrx_word' id='word_1_143' title='bbox 998 3063 1035 3136; x_wconf 90' lang='lat' dir='ltr'><em>et</em></span> <span class='ocrx_word' id='word_1_144' title='bbox 1064 3057 1159 3136; x_wconf 84' lang='lat' dir='ltr'><em>noui</em></span> <span class='ocrx_word' id='word_1_145' title='bbox 1189 3063 1312 3135; x_wconf 86' lang='lat' dir='ltr'><em>testa-</em></span> 
     </span>
     <span class='ocr_line' id='line_1_22' title="bbox 136 3187 1310 3300; baseline 0.004 -32"><span class='ocrx_word' id='word_1_146' title='bbox 136 3191 260 3272; x_wconf 88' lang='lat' dir='ltr'><em>menti</em></span> <span class='ocrx_word' id='word_1_147' title='bbox 289 3191 499 3299; x_wconf 75' lang='lat' dir='ltr'><em>collipitur</em></span> <span class='ocrx_word' id='word_1_148' title='bbox 530 3187 754 3288; x_wconf 77' lang='lat' dir='ltr'><em>euidenter5</em></span> <span class='ocrx_word' id='word_1_149' title='bbox 788 3190 1015 3298; x_wconf 69' lang='lat' dir='ltr'><em>sumtibus</em></span> <span class='ocrx_word' id='word_1_150' title='bbox 1039 3197 1184 3300; x_wconf 88' lang='lat' dir='ltr'><em>postea</em></span> <span class='ocrx_word' id='word_1_151' title='bbox 1208 3216 1310 3300; x_wconf 82' lang='lat' dir='ltr'><em>pro·</em></span> 
     </span>
     <span class='ocr_line' id='line_1_23' title="bbox 138 3321 1311 3431; baseline 0 -29"><span class='ocrx_word' id='word_1_152' title='bbox 138 3331 337 3404; x_wconf 87' lang='lat' dir='ltr'><em>cesserunt</em></span> <span class='ocrx_word' id='word_1_153' title='bbox 368 3322 589 3404; x_wconf 87' lang='lat' dir='ltr'><em>canonicae</em></span> <span class='ocrx_word' id='word_1_154' title='bbox 618 3325 874 3405; x_wconf 89' lang='lat' dir='ltr'><em>sanctiones:</em></span> <span class='ocrx_word' id='word_1_155' title='bbox 906 3324 1012 3403; x_wconf 90' lang='lat' dir='ltr'><em>sicut</em></span> <span class='ocrx_word' id='word_1_156' title='bbox 1042 3321 1141 3402; x_wconf 94' lang='lat' dir='ltr'><em>olim</em></span> <span class='ocrx_word' id='word_1_157' title='bbox 1171 3330 1311 3431; x_wconf 88' lang='lat' dir='ltr'><em>aperte</em></span> 
     </span>
     <span class='ocr_line' id='line_1_24' title="bbox 137 3455 1312 3567; baseline -0.002 -30"><span class='ocrx_word' id='word_1_158' title='bbox 137 3456 420 3558; x_wconf 80' lang='lat' dir='ltr'><em>dislinuimus,</em></span> <span class='ocrx_word' id='word_1_159' title='bbox 454 3463 490 3536; x_wconf 89' lang='lat' dir='ltr'><em>ct</em></span> <span class='ocrx_word' id='word_1_160' title='bbox 520 3483 629 3536; x_wconf 86' lang='lat' dir='ltr'><em>uuna</em></span> <span class='ocrx_word' id='word_1_161' title='bbox 668 3458 781 3538; x_wconf 87' lang='lat' dir='ltr'><em>sacri</em></span> <span class='ocrx_word' id='word_1_162' title='bbox 820 3456 1113 3567; x_wconf 80' lang='lat' dir='ltr'><em>approbatione</em></span> <span class='ocrx_word' id='word_1_163' title='bbox 1147 3455 1312 3535; x_wconf 87' lang='lat' dir='ltr'><em>concilii</em></span> 
     </span>
     <span class='ocr_line' id='line_1_25' title="bbox 137 3588 1312 3700; baseline 0 -30"><span class='ocrx_word' id='word_1_164' title='bbox 137 3591 445 3698; x_wconf 80' lang='lat' dir='ltr'><em>confirmamus.</em></span> <span class='ocrx_word' id='word_1_165' title='bbox 481 3591 652 3698; x_wconf 77' lang='lat' dir='ltr'><em>Lepitur</em></span> <span class='ocrx_word' id='word_1_166' title='bbox 693 3592 798 3672; x_wconf 89' lang='lat' dir='ltr'><em>enim</em></span> <span class='ocrx_word' id='word_1_167' title='bbox 843 3593 883 3671; x_wconf 88' lang='lat' dir='ltr'><em>in</em></span> <span class='ocrx_word' id='word_1_168' title='bbox 923 3588 1166 3700; x_wconf 66' lang='lat' dir='ltr'><em>Evangelia,</em></span> <span class='ocrx_word' id='word_1_169' title='bbox 1204 3588 1312 3696; x_wconf 86' lang='lat' dir='ltr'><em>quad</em></span> 
     </span>
     <span class='ocr_line' id='line_1_26' title="bbox 137 3723 1311 3838; baseline -0.003 -33"><span class='ocrx_word' id='word_1_170' title='bbox 137 3725 297 3807; x_wconf 75' lang='lat' dir='ltr'><em>villicus</em></span> <span class='ocrx_word' id='word_1_171' title='bbox 329 3725 412 3826; x_wconf 90' lang='lat' dir='ltr'><em>ille,</em></span> <span class='ocrx_word' id='word_1_172' title='bbox 447 3727 519 3834; x_wconf 84' lang='lat' dir='ltr'><em>qui</em></span> <span class='ocrx_word' id='word_1_173' title='bbox 547 3724 794 3833; x_wconf 73' lang='lat' dir='ltr'><em>diffamatus</em></span> <span class='ocrx_word' id='word_1_174' title='bbox 835 3735 925 3808; x_wconf 88' lang='lat' dir='ltr'><em>erut</em></span> <span class='ocrx_word' id='word_1_175' title='bbox 955 3726 1067 3838; x_wconf 89' lang='lat' dir='ltr'><em>apud</em></span> <span class='ocrx_word' id='word_1_176' title='bbox 1103 3723 1311 3804; x_wconf 91' lang='lat' dir='ltr'><em>dominum</em></span> 
     </span>
     <span class='ocr_line' id='line_1_27' title="bbox 135 3855 1310 3972; baseline -0.003 -33"><span class='ocrx_word' id='word_1_177' title='bbox 135 3885 266 3962; x_wconf 91' lang='lat' dir='ltr'><em>suum,</em></span> <span class='ocrx_word' id='word_1_178' title='bbox 301 3862 422 3968; x_wconf 83' lang='lat' dir='ltr'><em>quasi</em></span> <span class='ocrx_word' id='word_1_179' title='bbox 466 3860 703 3972; x_wconf 85' lang='lat' dir='ltr'><em>dissipasset</em></span> <span class='ocrx_word' id='word_1_180' title='bbox 739 3863 844 3942; x_wconf 85' lang='lat' dir='ltr'><em>bona</em></span> <span class='ocrx_word' id='word_1_181' title='bbox 892 3862 1033 3972; x_wconf 89' lang='lat' dir='ltr'><em>ipsius,</em></span> <span class='ocrx_word' id='word_1_182' title='bbox 1068 3857 1229 3940; x_wconf 87' lang='lat' dir='ltr'><em>audiuit</em></span> <span class='ocrx_word' id='word_1_183' title='bbox 1258 3855 1310 3937; x_wconf 86' lang='lat' dir='ltr'><em>ab</em></span> 
     </span>
     <span class='ocr_line' id='line_1_28' title="bbox 138 3993 1314 4088; baseline -0.003 -15"><span class='ocrx_word' id='word_1_184' title='bbox 138 3993 236 4074; x_wconf 93' lang='lat' dir='ltr'><em>illo:</em></span> <span class='ocrx_word' id='word_1_185' title='bbox 255 3995 357 4088; x_wconf 84' lang='lat' dir='ltr'><em>Qum</em></span> <span class='ocrx_word' id='word_1_186' title='bbox 387 4023 462 4078; x_wconf 80' lang='lat' dir='ltr'><em>noo</em></span> <span class='ocrx_word' id='word_1_187' title='bbox 492 4023 607 4077; x_wconf 77' lang='lat' dir='ltr'><em>numo</em></span> <span class='ocrx_word' id='word_1_188' title='bbox 638 4023 686 4076; x_wconf 80' lang='lat' dir='ltr'><em>uu</em></span> <span class='ocrx_word' id='word_1_189' title='bbox 717 3999 794 4076; x_wconf 67' lang='lat' dir='ltr'><em>‘inl</em></span> <span class='ocrx_word' id='word_1_190' title='bbox 817 4023 944 4076; x_wconf 78' lang='lat' dir='ltr'><em>uuuuu</em></span> <span class='ocrx_word' id='word_1_191' title='bbox 966 4019 1164 4074; x_wconf 70' lang='lat' dir='ltr'><em>uiuorum</em></span> <span class='ocrx_word' id='word_1_192' title='bbox 1194 4019 1314 4071; x_wconf 77' lang='lat' dir='ltr'><em>vum·</em></span> 
     </span>
     <span class='ocr_line' id='line_1_29' title="bbox 137 4151 1313 4213; baseline -0.004 -4"><span class='ocrx_word' id='word_1_193' title='bbox 137 4154 310 4210; x_wconf 78' lang='lat' dir='ltr'><em>onr1ou1s</em></span> <span class='ocrx_word' id='word_1_194' title='bbox 341 4159 467 4213; x_wconf 78' lang='lat' dir='ltr'><em>runc:</em></span> <span class='ocrx_word' id='word_1_195' title='bbox 500 4158 575 4211; x_wconf 80' lang='lat' dir='ltr'><em>JAM</em></span> <span class='ocrx_word' id='word_1_196' title='bbox 605 4159 699 4211; x_wconf 76' lang='lat' dir='ltr'><em>cum</em></span> <span class='ocrx_word' id='word_1_197' title='bbox 729 4157 807 4211; x_wconf 79' lang='lat' dir='ltr'><em>nou</em></span> <span class='ocrx_word' id='word_1_198' title='bbox 836 4155 998 4210; x_wconf 76' lang='lat' dir='ltr'>POTERIS</span> <span class='ocrx_word' id='word_1_199' title='bbox 1034 4151 1197 4207; x_wconf 72' lang='lat' dir='ltr'><em>Auernus</em></span> <span class='ocrx_word' id='word_1_200' title='bbox 1231 4151 1313 4204; x_wconf 78' lang='lat' dir='ltr'><em>vu-</em></span> 
     </span>
     <span class='ocr_line' id='line_1_30' title="bbox 136 4262 1307 4364; baseline 0 -22"><span class='ocrx_word' id='word_1_201' title='bbox 136 4289 272 4344; x_wconf 73' lang='lat' dir='ltr'><em>nonuu</em></span> <span class='ocrx_word' id='word_1_202' title='bbox 288 4311 347 4327; x_wconf 92' lang='lat'><em>-</em></span> <span class='ocrx_word' id='word_1_203' title='bbox 363 4273 399 4345; x_wconf 91' lang='lat' dir='ltr'><em>et</em></span> <span class='ocrx_word' id='word_1_204' title='bbox 433 4267 474 4345; x_wconf 90' lang='lat' dir='ltr'><em>in</em></span> <span class='ocrx_word' id='word_1_205' title='bbox 508 4267 655 4346; x_wconf 86' lang='lat' dir='ltr'><em>Genesi</em></span> <span class='ocrx_word' id='word_1_206' title='bbox 689 4266 893 4346; x_wconf 90' lang='lat' dir='ltr'><em>Dominus</em></span> <span class='ocrx_word' id='word_1_207' title='bbox 933 4264 1021 4344; x_wconf 89' lang='lat' dir='ltr'><em>uit:</em></span> <span class='ocrx_word' id='word_1_208' title='bbox 1054 4262 1307 4364; x_wconf 74' lang='lat' dir='ltr'><em>Duscuunnu,</em></span> 
     </span>
     <span class='ocr_line' id='line_1_31' title="bbox 136 4423 1311 4501; baseline -0.001 -24"><span class='ocrx_word' id='word_1_209' title='bbox 136 4423 183 4478; x_wconf 81' lang='lat' dir='ltr'><em>nr</em></span> <span class='ocrx_word' id='word_1_210' title='bbox 214 4425 370 4501; x_wconf 75' lang='lat' dir='ltr'><em>musco,</em></span> <span class='ocrx_word' id='word_1_211' title='bbox 394 4427 528 4480; x_wconf 78' lang='lat' dir='ltr'><em>uruuu</em></span> <span class='ocrx_word' id='word_1_212' title='bbox 549 4425 772 4500; x_wconf 74' lang='lat' dir='ltr'><em>aunuoucu,</em></span> <span class='ocrx_word' id='word_1_213' title='bbox 796 4425 995 4488; x_wconf 72' lang='lat' dir='ltr'><em>curvetur</em></span> <span class='ocrx_word' id='word_1_214' title='bbox 1016 4423 1066 4478; x_wconf 75' lang='lat' dir='ltr'><em>nu</em></span> <span class='ocrx_word' id='word_1_215' title='bbox 1093 4425 1161 4500; x_wconf 81' lang='lat' dir='ltr'><em>uu,</em></span> <span class='ocrx_word' id='word_1_216' title='bbox 1187 4423 1311 4480; x_wconf 70' lang='lat' dir='ltr'><em>occec</em></span> 
     </span>
    </p>
   </div>
   <div class='ocr_carea' id='block_1_5' title="bbox 0 0 1695 5132">
    <p class='ocr_par' dir='ltr' id='par_1_6' title="bbox 0 0 1695 5132">
     <span class='ocr_line' id='line_1_32' title="bbox 0 0 1695 5132; baseline 0 0"><span class='ocrx_word' id='word_1_217' title='bbox 0 0 1695 5132; x_wconf 95' lang='lat' dir='ltr'><em> </em></span> 
     </span>
    </p>
   </div>
  </div>
 </body>
</html>
