3356 5118
340 389 407 457 356
639 409 907 456 emmerammus
931 410 1025 458 ruam
1047 409 1204 456 cauomcr

337 535 540 617 tentiales.
565 535 814 643 Hujusmodi
848 534 1052 644 publicae,
1077 543 1117 617 et
1146 536 1352 620 solemnes
1372 543 1528 648 poeni-

335 668 486 750 tentiae
507 669 600 750 licet
616 669 775 777 jamdiu
795 669 944 750 abusu
962 667 1181 750 recessisse
1198 669 1437 774 videantur,
1460 677 1528 756 ni-

336 801 699 885 hilotamensecius
725 803 955 884 Concilium
981 801 1275 885 Tridentiuum
1304 831 1401 887 sess.
1423 813 1496 890 24
1510 875 1523 910 ,

340 939 443 1050 Cap.
479 941 508 1018 8
550 937 600 1018 de
638 937 872 1047 Reformutss
908 937 1091 1038 mandat,
1125 945 1173 1020 ut
1213 939 1376 1045 publice
1417 969 1523 1023 cum

216 1127 221 1135 .
335 1071 530 1154 scandalo
547 1071 814 1181 peccantibus
835 1070 1001 1178 publica
1021 1070 1146 1153 etiam
1168 1071 1421 1180 poenitentia
1443 1103 1522 1184 pro

334 1207 554 1316 qualitate,
604 1215 644 1290 et
688 1206 890 1315 gravitate
936 1207 1081 1314 culpae
1127 1207 1389 1316 imponatur,
1437 1211 1520 1291 nisi

333 1341 565 1451 Episcopus
590 1341 837 1449 judicaverit
857 1369 931 1450 pro
954 1341 1266 1422 circumstantia
1287 1341 1344 1423 rei
1376 1344 1519 1452 magis

295 1513 297 1518 ·
332 1477 539 1584 expedire,
566 1486 612 1558 ut
641 1475 892 1584 poenitentia
921 1475 1090 1584 publiea
1111 1475 1153 1556 in
1174 1484 1378 1559 secretam
1402 1505 1517 1560 com·

332 1619 528 1693 mutetur.

417 1744 470 1824 Et
499 1743 654 1852 optimo
685 1770 785 1825 sane
810 1745 904 1851 jure
935 1743 992 1824 ita
1022 1770 1047 1826 a
1079 1744 1124 1824 S.
1159 1743 1343 1825 Concilio
1380 1751 1513 1827 statu·

329 1887 418 1959 tum
441 1877 570 1959 luisse
592 1877 766 1958 videtur.
787 1876 1001 1985 Siquidem
1019 1876 1209 1958 Canones
1232 1877 1390 1987 antiqui
1414 1904 1514 1986 poe-

329 2011 561 2094 nitentiales
578 2011 620 2092 in
637 2010 896 2120 imponendis
917 2011 1060 2120 poenis
1086 2009 1312 2092 admodum
1332 2011 1508 2119 rigorosi

329 2145 496 2230 fuerunt
517 2149 569 2230 ob
592 2149 792 2230 fervorem
824 2147 1128 2256 primitivorum
1150 2145 1507 2248 Christianorum3

329 2281 430 2363 adeo
462 2293 507 2365 ut
537 2310 611 2392 pro
643 2311 725 2365 uno
756 2289 923 2390 peccato
954 2279 1117 2362 mortali
1147 2275 1326 2388 septem',
1355 2289 1395 2363 et
1416 2281 1508 2390 plu-

327 2413 436 2495 rium
468 2443 672 2497 annorum
699 2415 990 2524 poenitentiam
1023 2439 1337 2521 nonnumquam
1368 2413 1503 2521 injun-

327 2549 475 2632 xerint.
510 2549 574 2630 Ex
605 2577 686 2660 quo
718 2548 867 2646 evenit,
903 2555 948 2628 ut
977 2547 1123 2628 deinde
1157 2546 1331 2628 dilatata
1364 2547 1504 2630 Eccle-

326 2683 401 2781 sia,
435 2690 475 2764 et
504 2684 792 2790 refrigescente
824 2679 1023 2763 charitate
1049 2681 1102 2761 ob
1133 2681 1383 2787 gravitatem
1407 2707 1503 2789 poe·

325 2815 521 2898 nitentiae
551 2816 670 2897 multi
702 2817 1016 2926 impoenitentes
1047 2815 1339 2916 remanserint,
1365 2823 1405 2896 et
1431 2841 1503 2924 po·

265 3043 267 3050 ,
324 2949 407 3031 tius
439 2957 671 3060 contempta
690 2951 943 3062 poenitentia
958 2953 1000 3031 in
1017 2951 1270 3059 profundum
1298 2949 1497 3032 malorum

325 3085 622 3168 descenderint.
652 3087 743 3168 Hac
772 3087 822 3167 de
844 3113 886 3166 re
909 3084 977 3193 pia
997 3090 1128 3165 mater
1148 3081 1334 3164 Ecclesia
1363 3107 1501 3163 succe-

192 3261 195 3270 *
324 3219 516 3301 dentibus
536 3220 791 3330 temporibus
823 3220 872 3300 de
903 3219 971 3300 illo
1003 3215 1135 3325 primo
1176 3215 1311 3324 rigore
1349 3213 1500 3323 aliquid

323 3337 496 3452 remisit,
520 3361 560 3435 et
579 3380 654 3464 pro
680 3379 759 3435 sua
780 3352 1037 3460 amplissima
1058 3333 1258 3458 potestate
1294 3347 1494 3443 solvendi,

321 3495 360 3570 et
390 3487 543 3596 ligandi
577 3487 849 3596 poenitentias
880 3483 1126 3566 arbitrarias
1156 3483 1377 3565 concessit.

409 3622 590 3703 Priouta
621 3647 717 3702 vero
747 3619 1013 3728 poenitentia,
1047 3618 1096 3698 de
1118 3643 1199 3725 qua
1220 3617 1412 3724 superius
1428 3614 1500 3698 ali-

322 3755 419 3863 quid
452 3753 680 3854 innuimuS‚
714 3763 776 3835 est
807 3753 908 3834 illud
939 3750 1229 3861 poenitentiae,
1259 3757 1298 3830 et
1322 3757 1493 3832 secretae

321 3888 591 3971 confessionis
613 3895 937 3988 sacramentum,
962 3886 1069 3994 quod
1091 3884 1279 3966 unanimi
1297 3909 1495 3966 consensu

319 4025 529 4108 Ecclesiae
559 4039 658 4106 tunc
688 4023 950 4131 potissimum
992 4049 1017 4101 a
1058 4019 1220 4100 Christo
1266 4019 1495 4100 institutum
1624 4095 1625 4150 ,

319 4159 512 4260 creditur,
547 4157 712 4266 quando
744 4183 964 4262 resurgens
1005 4182 1030 4236 a
1070 4152 1245 4235 mortuis
1277 4149 1495 4233 insufflavit

318 4289 361 4372 in
393 4291 617 4400 discipulos
638 4315 739 4372 suos
760 4290 899 4372 dicens
920 4335 978 4351 -
998 4289 1183 4397 Accipite
1203 4285 1469 4396 SpiritumS.
1478 4309 1492 4378 ;

318 4452 489 4534 quorum
532 4427 769 4507 remiseritis
802 4431 995 4535 peccota,
1042 4423 1305 4503 remittuntur
1344 4419 1417 4510 cis,
1460 4421 1492 4496 cl
