3264 5146
552 449 660 500 meua
683 451 727 498 iv.
751 469 772 482 -
794 449 934 500 rur-ms
955 431 970 499 l
1312 439 1353 500 25

173 575 295 655 ciunt
325 573 623 680 legitimitatem
652 601 938 681 personarum,
973 581 1012 655 et
1044 583 1243 657 vocantur
1269 580 1342 657 im·

166 708 410 819 pedimenta
442 707 503 787 vel
534 707 772 788 dirimentiu
803 709 865 788 vel
899 705 1175 819 impedientia,
1204 723 1340 819 prout,

172 842 212 921 si
244 867 331 922 non
360 841 642 940 observentur,
667 842 842 923 reddunt
863 843 1173 924 matrimonium
1194 845 1256 924 vel
1281 849 1343 926 in-

175 974 376 1072 ualidum,
413 973 476 1053 vel
505 975 744 1084 simpliciter
777 959 984 1058 illicitams
1008 975 1234 1084 Utramque
1264 979 1344 1060 Ec-

172 1108 329 1190 clesiae
345 1115 588 1214 potestatem
609 1107 1026 1215 respexitConcilium
1038 1109 1338 1212 Tridentinum‚

175 1251 219 1323 ot
250 1241 416 1347 quidem
443 1241 513 1346 jus
542 1241 751 1322 Ecclesiae
781 1241 1017 1349 imponendi
1049 1242 1341 1350 impedimenta

176 1373 419 1483 praesertim
452 1373 685 1455 dirimentis
722 1401 817 1455 sess
853 1377 909 1455 24
939 1403 1029 1456 can.
1066 1379 1134 1456 Ill
1149 1386 1184 1457 et
1206 1379 1275 1460 IV
1290 1379 1340 1460 de

174 1535 356 1588 sacram.
391 1509 593 1607 matrim,
627 1514 870 1615 potestatem
911 1535 1007 1588 vero
1043 1509 1259 1614 judicandi
1296 1512 1337 1628 ip

176 1641 321 1722 causis
351 1641 725 1722 matrimonialibus
756 1641 846 1722 eud.
880 1669 991 1742 sess„
1011 1645 1067 1722 24
1103 1671 1192 1724 can.
1227 1646 1316 1724 XII
1322 1677 1335 1741 ,·

177 1778 225 1856 in
255 1802 429 1884 quorum
460 1802 664 1856 canonum
686 1775 1016 1883 interpretatione
1047 1777 1340 1885 aliquantisper

174 1919 241 1992 cst
271 1911 554 1991 insistendum.
589 1914 725 2018 Atque
756 1911 957 2018 imprimis
979 1914 1247 1995 asserendum
1278 1925 1339 1995 est
1371 2019 1374 2025 Ι

172 2070 355 2126 canones
386 2043 478 2123 illos
503 2069 594 2123 esse
615 2045 885 2150 dogmaticos
911 2046 1019 2152 quod
1041 2064 1201 2152 praeter
1221 2073 1338 2155 prae-

173 2175 308 2256 missa
337 2177 385 2256 de
415 2177 603 2255 doctrina
633 2176 682 2254 de
710 2184 964 2258 sacramento
990 2180 1247 2258 matrimonii
1265 2207 1340 2287 pa-

174 2317 234 2389 tet
263 2335 425 2415 quoque
455 2335 508 2388 ex
537 2335 586 2389 eo
617 2313 724 2417 quod
756 2309 798 2389 in
821 2310 901 2390 illis
922 2313 1149 2393 canonibus
1171 2313 1339 2394 anathe-

171 2449 285 2522 mate
316 2442 503 2548 plectitur
532 2443 602 2550 qui
633 2469 725 2523 eam
746 2444 974 2525 doctrinam
996 2473 1078 2526 nou
1104 2447 1331 2553 profitetur,

170 2576 285 2684 quod
315 2603 396 2657 uon
417 2583 550 2683 potest
569 2577 672 2678 fieri,
696 2577 774 2658 nisi
796 2579 866 2658 illa
886 2579 1072 2660 doctrina
1091 2581 1145 2660 sit
1165 2580 1213 2660 de
1241 2581 1332 2663 fide.

169 2711 257 2794 Sed
288 2708 439 2789 inillis
480 2711 708 2793 canonibus
749 2723 828 2793 non
869 2720 1124 2821 potestesse
1160 2715 1333 2814 dalida,

171 2843 254 2923 nisi
286 2851 466 2949 potestas
495 2843 702 2926 Ecclesiae
733 2846 782 2925 de
814 2848 1011 2954 ponendis
1035 2847 1335 2956 impedimentis

171 2986 214 3057 et
245 2977 297 3057 de
328 2976 465 3057 causis
496 2979 869 3061 matrimonialibus
903 2982 1156 3088 judicandis3
1199 2985 1337 3090 sequi-

172 3118 243 3190 tur
273 3109 441 3216 proinde
471 3110 578 3191 hano
607 3119 849 3219 potestatem
880 3115 1108 3196 Ecclesiam
1149 3143 1232 3196 non
1262 3115 1336 3196 ha-

172 3243 318 3323 buisse
333 3249 563 3325 mutuatam
585 3272 611 3326 a
630 3245 821 3328 civilibus
842 3251 1129 3355 potestatibus
1149 3249 1221 3328 sed
1243 3276 1334 3329 eam

171 3375 326 3456 habere
357 3376 639 3484 participatam
671 3405 695 3456 a
725 3379 904 3481 Christ03
929 3381 1027 3488 quia
1047 3381 1333 3463 concessiones

173 3511 307 3592 sactae
337 3537 362 3590 a
391 3511 644 3619 principibus
684 3513 876 3595 civilibus
914 3515 1137 3615 Ecclesiae,
1171 3542 1336 3596 eorum-

168 3669 252 3749 que
283 3642 441 3724 indulta
470 3651 509 3723 et
540 3645 591 3724 ab
622 3645 724 3752 ipsis
755 3647 999 3755 participata
1028 3647 1236 3728 Ecclesiae
1261 3677 1334 3756 po-

169 3785 301 3858 testas
332 3803 415 3856 non
444 3786 507 3858 est
536 3779 741 3886 objectum
772 3782 990 3888 dogmatis.
1020 3781 1246 3863 Videantur
1265 3784 1335 3861 Li-

168 3910 314 3989 therae
335 3909 595 4017 Apostolicae
611 3911 673 3990 Pii
686 3913 743 3992 IX
766 3915 1157 4024 ‹AdApostolicue»
1178 3915 1262 3994 diei
1277 3917 1332 3993 22

166 4044 348 4151 :inpasti
371 4046 476 4124 1851
512 4046 696 4154 (Syllabo
727 4075 867 4126 errore
899 4051 953 4128 69
975 4057 1012 4127 ct
1034 4049 1122 4154 70).
1147 4049 1331 4128 Ecclesia

167 4175 342 4283 proinde
367 4175 460 4283 jure
489 4179 653 4285 proprio
685 4178 724 4259 id
757 4190 819 4260 est
849 4180 927 4260 sibi
970 4207 995 4260 a
1034 4181 1195 4263 Christo
1236 4209 1332 4262 con-

167 4335 305 4408 cesse,
338 4337 420 4390 non
450 4336 547 4391 vero
576 4313 765 4394 'mutuato
798 4339 822 4392 a
854 4315 1107 4424 principibus
1141 4316 1332 4396 civilibus

167 4451 389 4551 utramque
418 4452 662 4552 potestatem
684 4448 819 4548 habet,
846 4457 1053 4530 utcontra
1080 4449 1333 4556 jansenistas
