3178 5134
450 415 558 466 niana
581 415 625 465 iv.
651 433 673 448 -
695 415 834 468 rrrouus
857 417 904 465 xr.
1202 403 1269 466 215

112 543 189 648 jure
216 542 450 651 particulari
482 544 605 625 etiam
636 544 770 626 clerici
802 545 993 652 majores,
1028 554 1074 626 ut
1102 543 1261 628 Romae

23 711 24 714 κ
116 675 180 782 ipsi
208 673 472 782 prohibentur
489 676 553 760 ,ab
583 675 661 757 hoc
691 703 860 758 munere
891 677 1111 785 implendo,
1136 677 1214 759 nisi
1236 705 1262 758 a

23 819 25 894 ἶ
114 807 298 888 Cardinali
314 807 480 889 Vicario
502 809 608 891 hanc
623 809 786 890 veniam
802 817 955 918 petant.
969 855 990 872 ·
1006 813 1066 890 6.⁰
1082 811 1262 892 Demum

113 949 284 1024 arcentur
299 939 492 1022 haeretici
510 950 548 1023 et
563 944 743 1050 suspecti
766 944 816 1024 de
832 943 1007 1044 haeresi,
1027 945 1085 1025 ita
1100 946 1265 1025 Gonza·

112 1075 159 1155 lez
173 1075 210 1154 in
226 1101 316 1186 cap.
331 1075 414 1182 fin.
437 1073 477 1157 lt.
491 1084 520 1156 t.
541 1103 649 1156 nom.
663 1079 703 1157 6.
724 1077 776 1157 Et
792 1078 926 1185 quoad
942 1078 1134 1158 ultimum
1151 1077 1261 1158 hunc

113 1231 236 1288 casum
266 1207 559 1289 attendendum
592 1217 669 1309 est,
694 1234 826 1316 neque
856 1210 1106 1318 permissum
1127 1209 1264 1318 ajuro

115 1339 324 1447 essequod
364 1338 557 1422 haeretici
598 1366 752 1421 munus
791 1343 940 1450 patrini
972 1349 1189 1423 exerceant
1218 1342 1260 1424 in

116 1473 299 1580 baptismo
330 1473 394 1552 vel
424 1473 731 1555 confirmatione
761 1475 959 1576 fidelium,
989 1502 1120 1583 neque
1151 1476 1260 1584 quod

115 1606 280 1687 catholici
298 1606 378 1686 tale
395 1633 548 1688 munus
569 1618 782 1690 exerceant
803 1609 845 1690 in
865 1610 1069 1717 baptismo
1091 1609 1142 1690 ab
1163 1608 1262 1690 hae·

116 1741 220 1822 retico
250 1740 440 1822 ministro
475 1742 634 1839 collato,
672 1743 750 1823 nisi
791 1743 992 1824 habeatur
1029 1769 1154 1851 super
1183 1741 1262 1823 hoc

115 1874 286 1980 specialis
312 1875 446 1976 venia,
471 1901 575 1982 quae
596 1877 833 1958 conceditur
852 1903 904 1957 ex
925 1875 1081 1958 ratione
1102 1877 1263 1984 gravis-

115 2007 216 2109 sima,
235 2016 276 2089 et
291 2008 516 2089 dummodo
535 2008 767 2118 baptismus
782 2009 858 2090 rite
875 2009 1122 2110 conteratur,
1143 2034 1261 2117 prae-

114 2141 235 2222 sertim
265 2141 310 2221 in
340 2141 454 2240 locis,
482 2142 695 2249 inquibus
725 2142 911 2224 catholici
944 2142 1159 2224 haereticis
1188 2143 1261 2223 ad-

23 2333 25 2376 3
114 2276 212 2358 mixti
243 2277 402 2358 vivunt.
438 2277 674 2360 Notandum
706 2287 843 2361 tamen
873 2289 936 2361 est
964 2279 1040 2359 has
1070 2277 1264 2359 exclusas

23 2423 25 2452 ³
115 2436 310 2515 personae,
329 2411 365 2492 si
381 2412 462 2492 tale
479 2412 659 2494 officium
681 2415 849 2514 obeunt,
869 2414 1156 2521 cognationem
1176 2413 1262 2521 spi·

23 2537 25 2568 ¹
115 2543 287 2626 ritualem
319 2545 557 2626 contrahere
595 2573 678 2628 non
713 2547 852 2628 minus
882 2547 1105 2628 catholicas
1135 2572 1260 2653 quam

24 2679 25 2690 ³
113 2673 338 2778 haereticae,
377 2705 470 2758 oum
508 2688 705 2788 utraeque
740 2681 947 2762 Ecclesiae
982 2671 1143 2787 legibus
1179 2679 1261 2760 sint

115 2809 321 2916 subjectae.

208 2945 268 3024 7.⁰
289 2945 334 3022 ln
355 2942 432 3024 hoc
448 2943 738 3051 impedimento
755 2947 1012 3054 cognationis
1033 2946 1263 3054 spiritualis

111 3072 302 3182 dispensat
331 3077 447 3156 solus
476 3078 670 3158 Pontifex
700 3078 931 3181 RomanuS,
966 3081 1063 3188 quia
1093 3081 1160 3160 lex
1190 3107 1263 3185 ge-

112 3209 242 3290 neralis
272 3218 348 3291 est.
379 3211 688 3294 Advertendum
717 3240 839 3321 porro
870 3224 932 3295 est
962 3214 1169 3295 difficilius
1200 3213 1262 3292 di-

112 3345 279 3445 spensari
311 3345 352 3423 in
384 3346 640 3451 paternitate,
675 3373 799 3453 quarn
834 3348 877 3427 in
907 3347 1256 3455 compaternitate,

113 3476 203 3558 unde
233 3503 399 3558 necesse
421 3486 497 3579 est,
522 3480 628 3560 utin
660 3481 957 3590 supplicatione
988 3481 1257 3589 exprimatur,

113 3629 154 3686 an
180 3619 344 3717 petatur
371 3612 622 3720 dispensatio
652 3643 778 3724 super
798 3616 1041 3724 paternitate
1063 3642 1115 3696 an
1136 3642 1263 3724 super

112 3745 445 3852 compaternitate.
466 3740 518 3827 Et
533 3747 686 3855 pariter
701 3751 926 3832 notandum
944 3760 1020 3850 est,
1042 3749 1265 3857 aliquando

111 3878 261 3959 concedi
292 3879 506 3962 facultates
537 3881 751 3993 Episcopis
782 3885 981 3986 locorum,
1016 3891 1061 3965 ut
1091 3883 1169 3992 ipsi
1201 3883 1264 3964 di-

110 4019 287 4111 spensent
325 4038 398 4120 per
438 4013 735 4121 delegationem
767 4017 929 4098 Summi
966 4015 1178 4096 Pontificis
1209 4015 1264 4094 ab

25 4143 27 4164 ¹
110 4133 174 4222 hoc
202 4145 506 4254 impedimento.
530 4150 574 4228 ln
596 4149 660 4230 his
693 4178 788 4232 vero
820 4151 966 4234 litteris
992 4149 1264 4256 delegationis

109 4279 311 4380 apponitur
340 4279 544 4382 limitatio,
570 4290 615 4363 ut
640 4283 694 4364 sit
725 4285 922 4366 exclusus
952 4311 1077 4367 casus
1107 4307 1264 4391 cogna-

25 4423 26 4492 ἶ
111 4403 218 4491 tionis
248 4415 354 4493 inter
385 4415 579 4496 leuantem
601 4425 636 4497 et
659 4419 848 4500 locatum.
875 4419 1003 4501 Porro
1025 4419 1130 4499 hanc
1151 4417 1264 4498 limi-
