3360 5126
348 391 414 458 282
649 406 920 454 amensamens
944 405 1036 452 sums
1059 403 1216 450 annornm

348 531 528 634 lucrum,
555 532 664 641 quod
682 559 733 613 ex
755 540 918 632 mutua,
945 529 982 608 vi
1006 529 1158 630 mutui,
1183 538 1373 610 elaeusa
1392 533 1538 614 mutui
1637 514 1661 642 J...

349 671 459 752 ultra
498 674 651 748 sortem
689 664 819 772 exigit
848 671 1046 745 mutuans
1077 688 1102 742 a
1132 663 1384 743 mutuatario
1415 671 1539 745 tam·

348 830 474 913 quam
505 800 585 882 sibi
618 801 819 900 debitum,
854 824 931 878 eeu
961 797 1078 878 docet
1109 795 1320 880 Benediet.
1355 797 1456 878 XIV
1491 799 1535 879 in

347 937 521 1047 Enopal.
559 936 650 1018 Via
674 936 878 1046 peruenit.
1649 933 1654 952 ’

435 1072 555 1150 Hane
585 1095 761 1150 usuram
782 1068 903 1149 lieere
925 1065 1125 1174 putabant
1147 1064 1305 1173 antiqui
1329 1065 1530 1166 Romani,

350 1204 460 1312 apud
492 1229 597 1312 quos
639 1201 930 1283 celeberrimae
960 1207 1076 1281 erant
1105 1225 1258 1280 usurae
1295 1204 1529 1292 unciariae,

349 1365 425 1419 seu
443 1339 685 1419 centesimae
701 1335 888 1417 omnium
906 1333 1191 1440 gravissimae,
1207 1360 1312 1440 quae
1330 1333 1529 1415 nimirum

352 1473 534 1572 unciam,
578 1499 652 1552 seu
694 1469 960 1562 centesimam
1001 1466 1125 1546 sertis
1161 1475 1320 1574 partem
1350 1467 1532 1573 singulis

350 1605 565 1686 mensibus
595 1605 837 1685 reddebant.
873 1601 1149 1682 solvebantur
1179 1607 1317 1681 autem
1349 1600 1531 1707 singulis

350 1737 554 1829 kalendis,
590 1738 699 1818 unde
732 1744 822 1817 orta
853 1735 931 1816 fuit
952 1735 1057 1815 aetio
1078 1733 1335 1834 Kalendarii,
1370 1735 1532 1842 deque

350 1872 577 1980 loquuntur
608 1871 677 1950 leat
700 1897 799 1980 pen.
825 1870 883 1976 ff.
919 1870 968 1951 Si
999 1877 1150 1950 certam
1180 1875 1364 1978 petatur,
1398 1875 1436 1948 el
1460 1869 1537 1948 lem

350 2007 425 2088 ult.
452 2006 511 2113 ff
547 2004 597 2086 de
625 2005 727 2086 Pea.

437 2141 594 2222 Earum
636 2141 710 2221 sed
746 2165 843 2219 vero
874 2137 1043 2219 medum
1077 2135 1371 2244 praefinierunt
1401 2133 1532 2214 Chri-

350 2275 473 2356 stiani
503 2275 792 2382 ImperatoreS,
826 2273 886 2355 ati
918 2273 1056 2354 videre
1087 2278 1149 2352 est
1179 2271 1220 2351 in
1245 2271 1319 2379 lep.
1356 2272 1385 2348 4
1421 2271 1529 2351 Cad.

355 2409 504 2489 meod.
549 2407 598 2488 ale
643 2409 790 2524 Usaris
831 2409 929 2515 Lep.
968 2412 1026 2488 16
1071 2404 1172 2486 Cael.
1217 2401 1267 2484 de
1302 2405 1425 2486 Usar.
1460 2405 1535 2485 Ab

350 2543 415 2622 his
445 2541 558 2622 haud
590 2541 906 2636 abhorruerunt,
944 2547 984 2620 et
1012 2539 1234 2620 abhorrent
1255 2536 1398 2617 Graeci
1420 2561 1538 2642 quo-

341 2690 430 2781 'que
446 2673 725 2772 Schismatiei,
746 2679 785 2750 et
805 2669 1247 2772 Pseudo-Reformati3
1270 2679 1314 2752 at
1324 2668 1527 2752 Catholici

350 2831 514 2911 semper
528 2811 749 2886 tenuerunt
765 2831 836 2886 eas
851 2807 962 2885 omni
971 2805 1065 2912 jure
1077 2804 1303 2912 prohibitas
1315 2803 1531 2904 esse,lieet

351 2935 520 3020 Clariss
555 2937 786 3019 Mastrelini
818 2965 956 3046 opere,
987 2939 1095 3048 quod
1126 2938 1314 3046 plurimis
1345 2940 1400 3019 ab
1431 2938 1530 3020 hine

224 3141 225 3146 a
350 3074 471 3154 annis
487 3075 686 3182 vulgavit,
713 3077 824 3156 omni
848 3081 1185 3179 argumentorum
1208 3100 1358 3180 genere
1378 3083 1526 3155 osten-

350 3209 458 3288 dere·
476 3217 650 3290 conatus
683 3209 812 3294 fuerit¹
836 3209 1094 3289 moderatum
1125 3235 1177 3288 ex
1213 3209 1367 3289 eredita
1389 3209 1528 3289 diviti-

351 3341 430 3421 bus
461 3342 636 3449 peaunia
656 3343 821 3422 luerem
845 3342 953 3422 licite
975 3341 1084 3447 exigi
1111 3367 1246 3450 posse.
1273 3343 1354 3422 Sed
1385 3350 1528 3422 tamen

349 3473 587 3580 hujusmodi
617 3476 805 3556 doctrina
837 3475 889 3554 ab
920 3474 1120 3573 Ecclesia,
1154 3474 1274 3582 eujus
1309 3475 1439 3556 solius
1461 3483 1531 3554 est

344 3606 544 3712 judicare,
581 3607 817 3714 nuperrime
846 3609 1044 3688 damnata
1076 3607 1166 3689 fuit.

434 3738 576 3820 Usura
604 3741 801 3823 dividitur
831 3743 963 3849 primo
994 3742 1036 3820 in
1068 3743 1287 3833 internam,
1313 3748 1350 3820 et
1382 3745 1529 3818 eeler-

348 3898 470 3974 nam;
489 3871 650 3954 interna
671 3884 749 3975 est,
774 3898 879 3982 quae
902 3875 944 3956 in
965 3874 1211 3955 solamente
1232 3881 1522 3975 consumatur,

349 4015 519 4089 externa
547 4017 688 4089 autem
720 4020 797 4108 est,
830 4035 935 4116 quae
966 4008 1100 4116 prodit
1130 4009 1299 4116 inopus
1321 4005 1524 4098 exterius,

348 4144 538 4225 Secunda
579 4143 774 4226 dividitur
804 4144 846 4224 in
887 4143 1117 4236 mentalem,
1158 4141 1525 4235 eonveniteaalem,

348 4283 386 4355 at
406 4277 558 4357 realem
578 4276 629 4357 ed
652 4276 964 4360 similitudinem
986 4275 1202 4358 simoniae.
1223 4275 1423 4357 Martialis
1439 4283 1525 4371 est,

347 4433 430 4516 qua
459 4409 622 4490 lucrum
654 4437 704 4491 ex
738 4419 883 4494 mutuo
915 4410 1138 4494 intenditur
1173 4418 1385 4518 tamquam
1407 4406 1531 4488 debi-
