3380 5132
290 365 334 432 36
589 384 857 430 rannnncrrouus
883 385 975 430 curus
998 382 1153 429 cuuourcr

291 514 422 594 Debet
467 519 605 592 autem
653 511 906 592 denuncians
936 511 1074 590 media
1099 509 1227 616 judici
1266 509 1461 611 indicare,

289 647 442 753 quibus
472 645 559 753 ipse
580 645 792 726 veritatem
815 644 1047 725 denunciati
1071 642 1255 738 criminis
1277 644 1464 751 detegere

287 791 423 888 queat.
459 779 566 860 Hinc
605 787 883 886 opportunum
933 778 1036 860 foret
1066 777 1203 858 libello
1248 789 1465 860 annectere

291 914 466 996 indicem
507 913 747 994 idoneorum
791 913 974 1012 testium,
1008 912 1071 992 vel
1102 913 1460 1013 documentorum,

288 1049 356 1155 qui
380 1047 503 1128 index
526 1046 791 1128 directorium
806 1047 1065 1155 probationis
1088 1045 1318 1152 nuncupari
1340 1046 1459 1128 solet.

374 1181 508 1262 Judex
553 1206 661 1278 vere,
708 1181 891 1287 inspecto
932 1180 1084 1260 libello:
1124 1183 1183 1258 1.ο
1227 1179 1464 1260 examinare

288 1315 406 1396 debet
427 1323 568 1395 utrum
600 1314 870 1394 denunciatur
898 1315 951 1393 sit
982 1313 1207 1418 legitimuS,
1232 1319 1271 1392 et
1302 1313 1463 1394 libellus

288 1449 328 1527 in
362 1447 494 1526 forma
524 1449 729 1527 redactus.
757 1450 818 1526 25²
840 1447 989 1528 Utrum
1013 1445 1148 1526 media
1175 1446 1460 1552 probationum

288 1580 445 1687 gravia,
480 1580 543 1660 vel
575 1579 720 1659 frivola
756 1580 920 1679 fuerint,
959 1589 1002 1660 ut
1032 1579 1089 1659 ita
1130 1579 1263 1658 valeat
1303 1581 1463 1660 denun-

286 1714 520 1814 ciationem,
555 1713 617 1794 vel
649 1714 856 1820 excipere,
891 1713 953 1792 vel
985 1713 1165 1819 rejicere.
1194 1715 1253 1792 3.⁰
1278 1712 1462 1792 Tandem

286 1849 393 1928 serio
434 1847 681 1955 perpendere
722 1847 856 1947 debet,
893 1857 1031 1926 utrum
1076 1845 1126 1926 ad
1159 1846 1461 1952 procedendum

286 1989 427 2061 contra
468 2007 582 2062 reum
614 1981 717 2060 satis
748 1985 801 2060 sit
832 1979 1110 2079 denunciati0,
1147 2005 1197 2058 an
1229 2004 1325 2057 vero
1362 1977 1464 2058 insi-

287 2112 374 2192 mul
406 2115 571 2220 praevia
602 2114 652 2194 de
684 2112 853 2193 crimine
888 2111 998 2190 fama
1030 2111 1276 2218 requiratur.

375 2247 671 2328 Verumtamen
705 2247 965 2327 denunciatio
992 2245 1202 2352 judicialis
1233 2273 1258 2324 c
1294 2245 1463 2351 privatis

290 2379 397 2460 facta
437 2381 623 2460 moribus
654 2390 693 2459 et
724 2381 813 2484 ipsa
844 2378 1045 2458 obsolevit
1085 2379 1227 2458 eadem
1252 2379 1377 2458 ferme
1401 2405 1465 2459 ra·

288 2511 412 2609 tione,
438 2537 520 2618 qua
541 2517 765 2592 accusatic.
792 2511 924 2590 Nemo
951 2512 1060 2590 enim
1083 2518 1220 2619 partes
1252 2538 1463 2592 assumere

289 2643 451 2724 volebat
467 2644 742 2725 denunciandi
762 2670 894 2742 reum,
919 2655 958 2724 et
976 2671 1145 2724 causam
1168 2671 1305 2725 coram
1324 2645 1463 2751 judico

288 2777 560 2885 prosequendi
580 2777 621 2857 in
644 2777 817 2858 materia
837 2778 1039 2858 criminali
1063 2786 1224 2885 praeter
1245 2779 1459 2858 officialem

286 2911 513 3016 publicum,
548 2912 616 3019 qui
650 2912 774 3018 vulgo
808 2913 1030 2992 Promotor
1068 2920 1345 3018 nuncupatur.
1382 2913 1465 2992 Re-

288 3045 439 3126 mansit
469 3045 563 3127 hinc
594 3046 789 3152 obligatio
815 3045 1006 3154 privatim
1039 3047 1232 3126 monendi
1266 3047 1464 3155 Superio-

288 3206 373 3261 rem
405 3181 454 3260 de
485 3179 656 3280 delictis
682 3206 802 3286 quae,
829 3181 914 3260 sive
947 3181 1140 3279 naturali,
1165 3181 1251 3259 sive
1287 3181 1462 3286 positivo

282 3313 374 3420 jure
407 3312 693 3394 Ecclesiastico
726 3293 901 3420 quisque
933 3313 1181 3394 denunciare
1213 3319 1387 3412 tenetur,
1419 3322 1464 3392 ut

287 3447 485 3554 Superior
515 3447 727 3554 providere
758 3447 908 3527 valeat.

373 3579 462 3657 Hac
478 3580 526 3657 de
544 3605 602 3678 re,
623 3606 672 3658 ne
696 3581 882 3660 maximo
898 3579 1108 3660 societatis
1127 3579 1464 3686 praejudicio‘de-

284 3709 379 3792 licta
410 3709 612 3816 impunita
644 3721 874 3811 manerent,
897 3739 967 3818 per
990 3714 1056 3792 ss,
1083 3712 1272 3790 Capones
1298 3721 1462 3792 ventum

283 3841 361 3920 fuit
392 3843 442 3921 ad
466 3842 640 3922 alterum
666 3845 835 3923 modum
864 3845 1011 3924 delicta
1042 3844 1331 3950 cognoscendi,
1358 3845 1463 3924 idest

282 3976 333 4056 ad
366 3975 684 4084 inquisitionem,
724 4003 806 4085 qua
834 3977 1021 4058 Ecclesia
1047 3979 1131 4086 jam
1166 3986 1287 4058 antea
1319 3977 1465 4057 identi-

284 4110 376 4188 dem
412 4137 487 4190 usa
519 4111 651 4192 luerat
690 4112 811 4192 veluti
846 4119 964 4191 extra
985 4111 1185 4194 ordinem.
1207 4113 1267 4193 De
1290 4111 1366 4192 hac
1388 4112 1464 4219 igi·

285 4249 353 4320 tur
385 4242 423 4320 in
457 4245 640 4349 sequenti
676 4245 933 4353 paragrapho
966 4247 1041 4326 erit
1072 4273 1223 4328 serm0.
