3356 5118
510 461 610 508 mua
633 463 664 509 v.
688 481 733 492 -
756 464 896 511 crunnus
919 466 996 510 xxx.
1277 446 1347 513 319

161 588 332 695 quisque
361 613 454 668 cccc
484 586 664 667 dilucide
686 595 938 698 protestatus
969 597 1042 681 est,
1078 590 1122 670 id
1153 595 1195 673 in
1231 619 1341 673 eom-

162 721 422 802 demensum
454 723 688 829 infirmare,
724 723 1029 830 testimonioque
1061 731 1236 835 proprio
1269 755 1340 810 re-

159 856 317 935 sistere.
352 853 460 934 Hinc
491 854 693 936 ordinatio
725 855 873 935 effectu
919 880 1053 936 vacua
1100 855 1218 957 foret,
1267 887 1343 942 ceu

160 990 327 1097 saepius
358 988 526 1070 tradidit
557 990 601 1070 S.
636 989 819 1069 Concilii.
839 990 1112 1097 congregatio
1144 991 1183 1072 in
1213 994 1339 1075 variis

158 1124 497 1222 resolutionibus
532 1131 572 1204 et
600 1123 841 1231 pracsertim
870 1125 912 1204 in
947 1125 1148 1234 Conprep.
1170 1125 1255 1210 diei
1278 1134 1340 1212 13

158 1259 259 1339 Feb.
297 1262 439 1344 1682.
482 1323 487 1334 .

245 1392 311 1472 Ad
343 1391 505 1474 tertiam
537 1393 702 1473 tandem
734 1392 1018 1498 quaestionem
1039 1394 1342 1500 respondemus

157 1551 313 1634 poenas
343 1533 521 1608 statutas
552 1533 695 1606 contra
725 1551 811 1624 eos
862 1525 930 1632 qui
977 1525 1126 1607 furtive
1170 1528 1336 1610 ordines

156 1661 405 1768 suscipiunt,
439 1667 657 1766 sequentes
688 1685 794 1759 esse,
814 1657 1002 1740 videlicet
1027 1660 1086 1741 l.⁰
1107 1663 1338 1768 Suspensio

156 1795 208 1874 ab
239 1794 456 1875 ordinibus
488 1793 548 1874 sio
578 1791 783 1900 susceptis
814 1794 918 1904 Cap.
937 1795 1021 1900 fin.
1048 1794 1088 1873 u.
1117 1800 1146 1874 t.
1173 1797 1237 1874 2.⁰
1258 1797 1339 1876 Su-

154 1929 335 2035 spensi0,
369 1955 421 2010 ne
452 1927 677 2009 ascendant
707 1927 758 2007 ad
781 1926 946 2008 altiores
968 1929 1133 2010 ordines
1173 1931 1276 2040 Cap.
1314 1932 1338 2010 1

154 2061 195 2143 lt.
232 2069 281 2176 t·.'‚
316 2089 397 2142 non
428 2067 571 2142 tamen
603 2061 884 2168 irregularitas
899 2093 910 2164 3
934 2063 1031 2169 quia
1046 2063 1244 2170 quidquid
1267 2063 1330 2145 di-

152 2205 251 2276 eunt
282 2195 368 2294 alii,
402 2194 442 2275 id
475 2195 584 2274 clare
614 2223 696 2275 non
727 2197 934 2302 colligitur
963 2221 1016 2274 ex
1052 2197 1121 2275 eit.
1158 2221 1250 2306 cap.
1287 2199 1327 2276 1.

150 2327 254 2410 lllud
285 2355 382 2410 vero
413 2329 657 2428 notandum,
690 2331 799 2438 quod
830 2329 864 2408 si
896 2355 968 2436 per
998 2329 1192 2409 accidens
1229 2329 1335 2436 Epi-

150 2487 303 2572 scopus
333 2463 413 2543 sub
445 2462 870 2544 excommunicatione
901 2461 1113 2570 prohibuit
1133 2463 1328 2545 furtivam

149 2595 466 2695 ordinationem,
500 2603 599 2677 tunc
630 2593 781 2676 hocin
812 2622 913 2676 casu
944 2595 1002 2677 ita
1031 2595 1225 2695 ordinati,
1258 2605 1330 2677 ut-

147 2737 243 2838 pote
282 2731 627 2812 excommunicati
673 2756 861 2811 exercere
906 2737 1119 2838 nequeunt
1163 2731 1330 2812 ordines

148 2871 271 2946 antea
310 2865 385 2946 rite
425 2872 655 2972 susceptos.
694 2865 754 2944 Ita
794 2863 984 2946 Maschat
1026 2863 1067 2944 h.
1119 2873 1168 2958 t.‚
1202 2894 1244 2947 n.
1280 2869 1328 2949 2.

237 2999 395 3081 Verum
426 2999 578 3081 adsunt
610 3025 661 3078 ne
692 3023 844 3078 causae
875 3006 1123 3078 excusantes
1159 2999 1211 3078 ab
1247 2997 1325 3079 hac

147 3132 448 3238 suspensionet
470 3131 737 3240 Respondent
756 3129 848 3211 DD.
873 3135 913 3209 et
928 3129 1197 3228 Canonistae,
1217 3131 1327 3237 quod

148 3271 350 3344 excusant
379 3265 532 3345 nedum
565 3266 819 3373 ignorantia,
854 3269 894 3343 et
924 3263 1001 3354 cis,
1036 3253 1108 3342 sed
1140 3271 1179 3342 et
1200 3274 1335 3345 metus

146 3399 301 3508 procis,
336 3423 385 3480 ac
403 3399 571 3506 justus.
594 3423 642 3478 eo
674 3398 782 3506 quod
814 3421 968 3478 causae
1000 3395 1104 3476 istae
1127 3405 1330 3478 excusant

147 3559 172 3614 a
202 3532 360 3641 poeniS,
394 3541 434 3614 et
463 3531 683 3641 suspensio
709 3531 750 3612 in
771 3531 950 3612 themate
971 3529 1197 3638 imponitur
1217 3538 1325 3612 tam·

146 3692 271 3773 quam
288 3693 435 3775 poena.
454 3667 514 3748 Ita
530 3666 901 3774 Schmalzgrueber
918 3663 959 3745 h.
980 3673 1009 3746 t.
1045 3693 1087 3746 u.
1120 3670 1178 3747 10
1196 3674 1235 3748 ct
1253 3669 1322 3748 11.

233 3801 373 3884 Posito
405 3809 559 3903 autem,
593 3803 702 3910 quod
723 3802 775 3881 ob
798 3799 993 3882 furtivam
1019 3799 1319 3881 ordinationem

145 3933 335 4016 ordinum
365 3937 670 4044 susceptionem
700 3935 965 4016 incurrantur
994 3959 1151 4042 poenae
1171 3960 1326 4041 supra·

143 4066 290 4169 diotae,
313 4067 412 4178 quia
432 4069 546 4150 nulla
567 4097 695 4152 causa
715 4095 922 4150 excusans
944 4073 1107 4175 praesto
1129 4068 1198 4167 sit,
1222 4067 1320 4176 quis

143 4227 213 4283 eas
243 4203 446 4304 relaxare,
485 4230 560 4284 seu
601 4203 841 4311 dispensare
884 4203 1046 4309 potestt
1088 4199 1217 4308 Resp.
1258 4201 1328 4282 di-

143 4335 415 4444 stinguendo:
449 4336 514 4418 vel
545 4337 639 4418 talis
669 4338 876 4446 susceptio
907 4336 1193 4416 antecedenter
1223 4362 1321 4444 pro-

142 4467 272 4552 hibita
293 4471 370 4554 tuit
390 4473 469 4554 sub
491 4470 933 4572 excommunicatione,
959 4467 1022 4550 vel
1043 4495 1140 4551 non.
1163 4467 1208 4550 Si
1224 4495 1323 4578 pro·
