3178 5134
344 413 410 479 258
630 422 920 486 rmnnncrrouns
942 423 1035 475 sums
1059 419 1229 474 cnuomcr

352 584 424 669 per
444 555 751 639 dissolutionem
772 553 865 672 talis
885 551 1077 639 connubii
1098 554 1194 635 dare
1215 577 1361 632 ansam
1381 551 1508 632 falsae

352 688 550 799 opinioni,
583 688 690 796 quod
720 685 904 770 Ecclesia
937 693 1088 766 temere
1127 684 1333 766 connubia
1362 683 1510 766 dissol-

353 834 479 924 veret;
512 830 552 904 et
580 821 727 904 deinde
757 847 809 901 ex
839 846 887 901 ec
917 819 1025 928 quod
1060 817 1162 900 tales
1192 843 1342 900 causae
1372 828 1511 899 essent

353 957 559 1038 maximae
580 953 845 1054 difficultatis,
869 953 926 1033 ita
942 959 988 1032 ut
1003 950 1119 1033 facile
1133 962 1272 1060 posset
1287 977 1400 1031 error
1416 950 1511 1031 lacti
1584 1011 1585 1016 a

352 1087 608 1170 intervenire.
637 1086 689 1166 Et
718 1085 816 1192 quia
840 1079 1040 1193 judicium
1072 1093 1159 1165 eret
1188 1079 1347 1166 tantum
1377 1083 1512 1165 decla·
1584 1143 1585 1156 ,

353 1221 545 1322 rativum,
575 1219 777 1300 debebant
806 1217 1010 1298 connubia
1039 1217 1096 1299 ita
1125 1216 1324 1298 dissoluta
1353 1217 1512 1298 instau-

352 1356 449 1456 rari,
469 1353 504 1434 si
520 1379 632 1434 error
653 1350 747 1430 lacti
768 1349 1063 1432 intercessisset
1083 1347 1126 1429 in
1146 1375 1194 1430 eo
1210 1349 1378 1456 judicic,
1401 1353 1510 1458 quod

353 1516 435 1570 non
474 1487 562 1568 sine
601 1511 752 1592 magno
791 1483 984 1565 scandalo
1023 1483 1160 1565 fiebat.
1193 1463 1229 1564 E
1259 1493 1402 1566 contra
1441 1485 1512 1565 illa

352 1621 493 1730 praxis
523 1625 664 1700 contra
692 1642 737 1698 se
767 1615 943 1697 habebat
968 1615 1236 1723 gravissimas
1255 1619 1449 1713 rationes:
1474 1620 1510 1699 si

352 1754 461 1834 enim
476 1779 557 1832 non
573 1751 850 1850 solvebantur,
869 1749 933 1830 vel
949 1749 1183 1857 potiusnon
1199 1749 1513 1833 declarabantur

354 1883 533 1967 invalida
562 1909 611 1964 ea
641 1881 846 1989 conjugia,
871 1881 912 1961 in
932 1881 1082 1990 quibus
1103 1882 1363 1984 interveniret
1384 1883 1511 1992 impe-
1584 1927 1585 1930 κ

353 2019 580 2100 dimentum
611 2016 886 2124 impotentiae,
919 2041 1015 2122 pars
1054 2023 1199 2122 potens
1239 2017 1512 2098 damnabatur

353 2153 409 2233 ud
424 2160 606 2234 coactum
622 2151 873 2249 coelibatum,
899 2175 1051 2258 exque
1072 2149 1274 2232 timcndae
1295 2160 1410 2231 erant
1430 2151 1514 2232 dis·
1584 2185 1585 2196 ψ

353 2287 558 2366 santiones
588 2295 629 2364 et
657 2283 867 2385 scandala3
891 2289 931 2364 et
951 2309 1003 2362 ex
1032 2281 1159 2364 altera
1188 2291 1302 2390 parte
1331 2311 1412 2364 uon
1443 2313 1513 2365 ve-

355 2418 592 2498 rificabatur
608 2416 650 2496 in
666 2418 783 2525 praxi
799 2411 907 2526 quod
923 2407 1104 2498 viverent
1121 2424 1166 2497 ut
1182 2416 1306 2498 frater
1320 2425 1360 2496 et
1375 2445 1509 2520 soror,

352 2553 424 2634 sed
455 2551 591 2660 potius
622 2550 878 2658 indulgerent
898 2549 1071 2651 libidini,
1096 2575 1200 2659 quae
1219 2575 1346 2631 causa
1365 2549 1512 2633 deinde

354 2685 444 2786 luit,
479 2691 523 2765 ut
553 2683 623 2763 illa
651 2681 856 2764 connubia
885 2681 1168 2762 eunuchorum
1198 2683 1507 2784 damnarentur,

356 2825 401 2899 ut
431 2816 609 2897 vidimus
651 2815 805 2897 lactum
835 2843 860 2897 a
890 2816 1007 2897 Sixto
1036 2816 1091 2916 V;
1125 2815 1222 2924 quia
1256 2816 1396 2924 praxis
1427 2811 1510 2897 rion

354 2951 696 3058 correspondebat
727 2951 843 3032 lactis
864 2949 1091 3059 promissis.
1116 2949 1169 3030 Et
1194 2957 1358 3058 propter
1377 2953 1515 3060 gravi-

355 3093 479 3166 tatem
509 3083 683 3164 istarum
713 3083 917 3163 rationum
938 3081 1072 3163 evenit
1092 3089 1207 3163 ulex
1229 3083 1361 3190 capite
1383 3084 1515 3192 impo-

354 3199 504 3298 tentiae
528 3213 751 3323 inciperent
771 3240 988 3322 processus
1009 3215 1343 3314 matrimoniales
1364 3225 1404 3298 et
1420 3243 1514 3297 sen-

354 3349 481 3432 tentia
500 3375 526 3429 a
541 3349 677 3457 judice
698 3349 875 3429 daretur.
897 3347 1062 3428 Certum
1084 3343 1145 3428 est
1165 3348 1273 3430 enim
1294 3351 1514 3458 conjugem

355 3491 561 3592 potentem
576 3482 740 3590 propria
754 3481 993 3562 auctoritate
1010 3508 1090 3561 non
1106 3474 1289 3589 potuisse
1305 3486 1509 3586 recedere,

355 3615 543 3724 quamvis
583 3623 718 3695 certus
759 3623 866 3696 esset
896 3614 944 3694 de
980 3615 1148 3696 alterius
1188 3617 1439 3725 impotentia,
1474 3632 1515 3701 et

356 3747 650 3829 multominus
681 3747 792 3828 aliud
822 3749 1129 3830 matrimonium
1159 3749 1411 3854 contrahere,
1439 3755 1515 3834 sed

356 3889 517 3963 tantum
547 3908 600 3962 ex
625 3881 776 3988 judicis
805 3881 1066 3965 ecclesiastici
1094 3884 1335 3967 auctoritate
1355 3894 1395 3969 et
1416 3888 1519 3968 deli-

356 4013 483 4096 nitiva
517 4013 718 4094 sententia
747 4041 837 4124 erp.
873 4043 962 4126 cap.
999 4017 1023 4096 3
1055 4015 1103 4096 cle
1133 4015 1279 4098 dicort.
1315 4027 1355 4100 et
1389 4017 1519 4131 judex

356 4171 438 4226 non
466 4151 624 4254 poterat
655 4171 745 4228 eam
776 4146 879 4228 ferre
908 4149 1153 4230 sententiam
1183 4151 1280 4259 quin
1307 4151 1421 4259 prius
1440 4149 1521 4231 ha-

356 4278 469 4360 beret
498 4279 660 4388 plenam
689 4281 985 4388 probationem.
1019 4285 1170 4365 Modus
1201 4291 1340 4367 autem
1376 4312 1520 4394 proce·

356 4412 475 4495 dendi
505 4441 681 4522 sequens
711 4403 820 4498 erat(
840 4417 884 4497 Si
915 4416 1032 4498 aliter
1061 4419 1110 4500 de
1141 4419 1322 4538 corporis
1353 4421 1518 4503 delectu
