3136 5138
312 385 374 450 148
597 395 889 448 rmanacuouxs
911 395 1005 446 runis
1028 394 1196 447 canorum

316 526 418 607 tioni
448 525 659 634 appositae
699 531 810 606 sunt.
854 525 1027 606 Frustra
1065 525 1173 605 enim
1213 529 1469 632 quaereretur

318 659 569 769 dispensatio
600 660 642 740 in
680 659 970 767 impedimento
1009 659 1223 740 dirimente
1264 669 1336 738 aut
1369 656 1469 763 juris

316 792 443 874 divini
474 792 635 900 positivi
667 799 739 874 aut
763 793 870 900 juris
900 791 1114 893 naturalis,
1139 791 1182 872 in
1202 790 1469 900 quibusPon-

316 927 416 1009 tifex
447 927 684 1034 dispcnsare
715 927 870 1036 nequit,
904 935 944 1008 et
974 927 1141 1034 proinde
1174 925 1366 1006 habilitas
1386 949 1471 1030 per·

316 1086 514 1142 sonarum
544 1087 626 1140 non
657 1069 796 1168 posset
824 1059 979 1140 haberi:
1008 1059 1116 1140 sicut
1137 1059 1290 1139 frustra
1309 1081 1470 1164 quaere·

317 1201 431 1275 retur
460 1193 710 1300 dispensatio
741 1191 784 1270 in
825 1191 1114 1298 impedimento
1149 1190 1255 1298 juris
1287 1189 1472 1272 ecclesia-

315 1327 423 1428 stici,
453 1326 494 1405 in
516 1353 596 1434 quo
619 1335 755 1407 tamen
777 1325 967 1406 Pontifex
988 1353 1070 1406 non
1091 1325 1220 1406 soleat
1240 1324 1471 1432 dispensare
1554 1403 1555 1414 ,

315 1468 437 1568 prout
467 1469 529 1542 est
558 1460 717 1568 primus
747 1459 901 1566 gradus
931 1459 1140 1540 affinitatis
1167 1459 1208 1538 in
1229 1457 1338 1538 linea
1366 1465 1471 1535 recta

315 1621 364 1675 ex
394 1594 542 1702 copula
571 1594 695 1694 licita,
730 1593 882 1701 inquo
913 1595 958 1675 S.
993 1595 1121 1674 Sedes
1157 1615 1383 1699 numquam
1414 1588 1471 1668 di-

314 1727 541 1836 spensavit,
574 1727 921 1835 quemadmodum
947 1727 1113 1807 demum
1134 1725 1287 1806 frustra
1307 1747 1471 1831 quaere·

315 1871 427 1942 retur
457 1861 706 1968 dispensatio
737 1861 860 1942 etiam
890 1860 934 1940 in
974 1859 1278 1968 impedimento,
1323 1855 1471 1962 inquo

312 1993 504 2075 Pontifex
525 1994 654 2076 soleat
676 1994 928 2102 dispensare,
951 1993 986 2074 si
1008 2019 1089 2073 non
1109 1992 1361 2072 haberentur
1380 2015 1471 2070 cau-

312 2155 384 2208 sae
414 2126 620 2233 legitimae
651 2127 701 2207 ad
732 2127 949 2234 petendam
986 2125 1348 2233 dispensationem,
1382 2146 1470 2203 cum

314 2259 504 2340 Pontifex
534 2286 616 2339 non
648 2261 854 2367 dispenset
883 2261 972 2340 sine
1002 2285 1186 2366 congrua
1224 2267 1263 2339 et
1293 2257 1473 2366 legitima

315 2417 456 2474 causa.
479 2391 603 2472 Hisce
625 2400 763 2472 autem
779 2392 1092 2472 limitationibus
1107 2391 1251 2499 positis
1267 2387 1472 2472 conclusio

314 2535 377 2608 est
406 2552 518 2626 vera,
552 2553 648 2606 oum
681 2525 751 2606 illa
780 2525 956 2607 conditio
978 2527 1032 2606 sit
1062 2524 1270 2632 possibilis
1291 2533 1332 2606 et
1351 2524 1471 2604 hone-

313 2669 393 2762 sta,
417 2686 465 2740 ac
485 2659 653 2769 proinde
683 2659 906 2767 sponsalia,
940 2660 1090 2768 quibus
1112 2659 1314 2766 adjicitur,
1342 2656 1472 2738 consi·

312 2801 442 2892 stunt,
477 2817 605 2899 eaque
636 2791 938 2898 dispensatione
970 2793 1186 2900 impetrata
1204 2791 1474 2896 suntobliga-

315 2925 434 3007 toria.
472 2925 613 3032 Neque
644 2933 706 3006 est
736 2926 943 3006 insuetum
974 2927 1082 3034 quod
1113 2925 1182 3005 alii
1213 2923 1338 3005 ctiam
1360 2931 1473 3004 actus

313 3066 399 3140 tarn
430 3059 533 3150 inter
562 3059 677 3140 vivos
708 3087 832 3168 quam
862 3060 1006 3141 mortis
1036 3086 1163 3140 causa
1189 3058 1384 3164 compleri
1405 3081 1472 3134 va·

316 3191 426 3274 leant
454 3194 534 3274 sub
567 3193 797 3275 conditione
828 3193 1145 3300 dispensationis
1166 3192 1229 3272 vel
1249 3216 1473 3271 consensus

316 3326 549 3433 praestandi
580 3352 606 3406 a
635 3327 832 3434 principe,
867 3327 1108 3434 praesertim
1138 3325 1301 3432 quando
1332 3325 1374 3403 in
1404 3321 1470 3402 tali

314 3485 358 3539 re
388 3487 433 3540 se
464 3461 714 3541 exorabilem
745 3461 941 3567 Princeps
971 3459 1145 3560 exibuit3
1180 3467 1225 3540 ut
1254 3459 1297 3537 in
1321 3485 1366 3539 re
1387 3481 1473 3538 ma-

313 3591 552 3692 trimoniali,
585 3593 628 3673 in
668 3621 750 3701 qua
788 3594 984 3674 Doctores
1024 3593 1199 3674 Praetici
1240 3590 1473 3700 expendunt

312 3750 476 3825 causas,
511 3725 662 3832 quibus
693 3726 965 3808 existentibus
994 3727 1097 3808 solet
1119 3725 1357 3806 aPontifice
1379 3751 1472 3803 oon·

311 3857 400 3938 cedi
431 3859 687 3940 diversorum
718 3858 1102 3967 impedimentorum
1133 3859 1398 3966 dispensatio.
1431 3856 1471 3934 ld

314 3997 453 4072 tamen
483 3999 545 4072 est
574 3991 866 4074 advertendum
896 4021 979 4074 non
1009 3991 1148 4074 statim
1180 4017 1229 4072 ea
1264 3988 1472 4100 sponsalia

312 4123 448 4204 valere
479 4151 576 4206 oum
606 4127 798 4226 eduntur,
831 4127 904 4208 sed
935 4135 1033 4208 tunc
1063 4133 1224 4206 tantum
1254 4151 1349 4206 cum
1379 4149 1473 4204 oon-

309 4257 409 4340 ditio
440 4258 628 4368 apposita
656 4260 864 4344 verificata
893 4269 969 4362 est,
1003 4269 1042 4342 et
1071 4269 1254 4367 tempore
1285 4260 1473 4340 interme-

314 4391 381 4474 dio
403 4393 625 4476 incurritur
646 4394 842 4502 obligatio
864 4396 1110 4502 procurandi
1132 4393 1472 4503 dispensationem
