3380 5132
304 359 369 423 326
590 371 882 424 rannnecrronns
904 373 997 428 sums
1020 371 1186 424 ememor

312 502 460 583 Sedem
489 500 771 608 Apostolicam
803 501 1015 583 faciendus
1045 509 1121 602 est,
1155 510 1201 582 ut
1240 528 1289 582 ex
1328 527 1470 582 conse·

312 635 532 744 quentibus
563 635 730 743 patebit.
763 681 784 696 -
815 635 872 744 (e)
895 635 1053 717 Debere
1083 643 1220 718 autem
1251 634 1338 715 fieri
1370 634 1473 718 istas
1535 686 1539 696 ·

311 767 656 875 interpellationes
674 767 954 876 judicialiter,
982 793 1057 848 nec
1077 767 1262 850 sufficere
1283 766 1474 848 monitio-

311 927 383 982 nes
399 897 727 1006 extrajudiciales
742 900 925 991 tenuisse
941 899 1101 980 videtur
1115 899 1364 980 Benedictus
1375 898 1473 979 XIV

310 1041 376 1120 De
412 1035 565 1146 Synod.
600 1037 782 1116 Diccces.
818 1035 888 1114 lib.
927 1035 979 1114 13
1009 1061 1099 1144 cap.
1135 1037 1185 1114 21
1221 1061 1330 1116 num.
1366 1036 1394 1113 4
1433 1047 1473 1114 et

313 1196 506 1278 expresse
537 1167 702 1250 Cardin.
736 1167 797 1248 De
826 1169 990 1248 Laurea
1018 1167 1122 1278 disp.
1162 1169 1212 1248 16
1243 1195 1352 1248 nunt.
1389 1169 1474 1248 202

314 1305 567 1410 suffragante
598 1303 730 1411 praxi.
881 1367 886 1384 .

433 1435 494 1516 9.⁰
513 1434 701 1515 Primum
722 1460 818 1515 vero
849 1435 1158 1516 matrimonium
1179 1435 1220 1516 in
1241 1434 1476 1516 infidelitate

317 1577 571 1650 contractum
603 1593 679 1648 nec
708 1567 846 1648 statim
879 1577 971 1674 post
995 1567 1200 1676 baptisma
1219 1577 1475 1674 susceptum,

318 1727 393 1782 nec
432 1709 524 1808 post
564 1699 808 1808 adimpletas
847 1700 1191 1808 interpellationes
1221 1708 1262 1780 et
1290 1699 1477 1780 habitum

317 1832 554 1940 negativum
593 1859 854 1941 responsum,
888 1835 958 1915 sed
992 1835 1033 1914 in
1068 1835 1158 1942 ipsa
1197 1829 1480 1915 conciliatione

317 1965 486 2046 alterius
517 1966 696 2072 conjugii
727 1966 977 2066 dissolvitur,
1011 1975 1132 2075 prout
1166 1966 1275 2046 clare
1305 1964 1478 2046 edicitur

319 2095 360 2176 in
400 2096 469 2178 cit.
510 2096 775 2206 responsione
815 2099 1041 2206 Supremas
1079 2097 1358 2206 Inquisitionis
1398 2095 1482 2178 dici

295 2235 342 2319 .l
378 2233 553 2341 Anpnsti
587 2233 695 2314 1759
727 2233 778 2314 ad
808 2233 1225 2340 quintum-dubium,
1270 2232 1378 2340 quod
1418 2233 1478 2310 sic

321 2391 564 2472 expressum
590 2374 665 2446 est:
704 2395 722 2439 ‹
744 2363 976 2445 Conversus
996 2365 1048 2446 ad
1068 2365 1189 2446 fidem
1211 2365 1363 2472 inipso
1385 2391 1505 2446 con-.

323 2495 522 2576 versionis
552 2503 759 2579 momento
790 2524 872 2578 non
898 2497 1138 2606 intelligitur
1168 2499 1328 2578 solutus
1349 2523 1374 2577 a
1394 2497 1483 2575 vin-

322 2631 414 2712 culo
431 2631 681 2712 matrimonii
703 2657 798 2711 cum
820 2631 970 2712 infideli
993 2633 1128 2714 adhuc
1148 2633 1366 2742 superstite
1387 2659 1484 2714 con·

321 2763 456 2864 tracti;
500 2764 571 2845 sed
612 2773 711 2846 tunc
745 2765 918 2872 acquirit
953 2767 1237 2847 tantummodo
1268 2766 1339 2873 jus
1374 2774 1484 2845 tran-

322 2897 468 2977 seundi
491 2899 541 2978 ad
564 2897 666 2979 alias
698 2899 864 3007 nuptias
885 2927 980 2981 cum
1001 2901 1174 3008 conjuge
1199 2915 1335 2981 tamen
1356 2898 1481 2996 fideli,

322 3029 442 3136 idque
472 3031 508 3109 si
538 3031 689 3138 conjux
726 3031 899 3112 infidelis
938 3041 1084 3113 renuat
1124 3041 1215 3142 post
1255 3031 1486 3140 interpella-

221 3177 222 3182 '
324 3161 477 3244 tionem
508 3147 702 3246 converti.
737 3143 953 3247 Caeterum
993 3176 1091 3246 tunc
1130 3166 1265 3247 solum
1305 3164 1484 3272 conjugii

326 3297 534 3378 vinculum
574 3299 825 3401 dissolvitur,
866 3299 1029 3407 quando
1070 3301 1220 3408 conjux
1262 3325 1487 3380 conversus

238 3505 242 3513 .
326 3431 472 3511 transit
501 3457 597 3512 cum
628 3433 774 3512 effectu
815 3432 866 3512 ad
907 3431 1011 3513 alias
1051 3432 1275 3540 nuptias»
1309 3431 1486 3536 Exque

325 3562 483 3642 eruitur
502 3562 600 3669 quid
623 3563 663 3643 in
684 3563 857 3654 diversis
877 3563 1043 3646 casibus
1063 3565 1116 3645 sit
1135 3565 1373 3662 tenendum;
1392 3587 1489 3642 nam

326 3703 418 3802 post
447 3706 636 3802 peractas
667 3697 1010 3805 interpellationes
1032 3711 1070 3779 et
1091 3724 1333 3806 responsum
1364 3723 1489 3805 nega-

326 3827 457 3908 tivum
473 3837 698 3934 receptum,
717 3829 753 3909 si
770 3829 914 3911 deinde
930 3839 1089 3911 mutata
1110 3831 1316 3912 voluntate
1338 3829 1489 3937 conjux

218 4026 222 4034 .
327 3959 500 4043 infidelis
541 3961 664 4044 fuerit
702 3990 941 4064 conversus;
981 3973 1078 4046 tunc
1117 3963 1180 4045 vel
1221 3947 1352 4072 primo
1393 3991 1491 4044 con-

329 4119 487 4175 versus:
511 4141 531 4154 -
552 4107 597 4188 (α)
613 4093 701 4201 jam
732 4097 783 4178 ad
812 4097 995 4178 secunda
1024 4105 1119 4178 vota
1148 4095 1348 4204 nuptialia
1378 4103 1488 4175 tran-

331 4227 441 4329 sivit,
475 4238 513 4310 et
542 4237 640 4310 tunc
671 4229 849 4313 resoluto
879 4231 1012 4339 primo
1043 4231 1233 4340 conjugio
1273 4255 1369 4338 pars
1399 4255 1503 4312 sero.

335 4362 386 4444 ad
416 4361 538 4444 fidem
570 4363 789 4445 adveniens
811 4391 905 4446 curn
927 4363 1007 4446 alia
1026 4364 1135 4446 fideli
1157 4365 1264 4446 valet
1284 4363 1495 4446 matrimo-
