3136 5138
442 439 549 490 arnus
571 441 617 490 rv.
643 459 660 472 ·
685 441 824 493 rrrutrs
847 443 891 490 iv.
981 415 983 421 ’
1193 429 1249 492 12]

10 545 11 562 ³
107 569 140 647 in
167 594 250 679 cop.
288 575 312 649 5
342 569 383 649 Ιι.
419 579 447 650 t.
477 569 599 675 juxta
619 569 830 678 antiquam
851 570 1079 650 doctrinam
1101 579 1251 678 etpra-

107 699 186 781 xim·
205 700 410 782 Ecclesiae
440 699 653 782 Romanae
684 711 724 783 et
747 701 872 810 juxta
901 703 1121 784 canonicas
1150 730 1251 784 san·

10 821 11 834 ,
107 834 241 915 diones
270 833 405 915 dicere
434 835 621 932 sufficere
651 836 702 918 ad
734 835 1059 938 matrimonium,
1092 837 1127 916 si
1145 837 1252 919 inter

10 1005 12 1042 r
108 966 292 1074 legitimas
313 994 511 1076 personas
531 995 759 1050 consensus
780 967 989 1075 legitimus
1007 969 1249 1052 interveniat

10 1099 11 1190 J
107 1101 145 1180 dc
170 1099 389 1208 praesenti,
422 1102 492 1210 qui
522 1101 558 1182 si
589 1102 705 1182 solus
735 1101 923 1202 deluerit,
943 1111 1105 1183 caetera
1125 1103 1251 1184 etiam

10 1243 11 1282 ³
106 1260 185 1314 curn
214 1235 305 1342 ipso
335 1235 446 1317 coitu
477 1235 682 1316 celebrata
704 1235 907 1316 frustrari.
928 1236 1087 1318 Sensus
1108 1237 1249 1318 catho-

10 1349 11 1352 Ι
108 1365 193 1448 licus
221 1367 391 1475 proinde
422 1369 463 1448 in
495 1369 573 1451 hac
602 1377 717 1476 parte
748 1394 897 1477 arrceps
928 1396 1008 1450 non
1041 1381 1141 1471 erat,
1177 1399 1251 1452 nec

107 1500 214 1582 dubia
242 1503 441 1585 doctrina.
477 1503 635 1585 Verum
665 1513 848 1611 tempore
870 1503 1094 1584 Alexandri
1117 1507 1181 1604 ΙΙΙ,
1207 1516 1254 1586 ut

107 1643 246 1717 constat
267 1663 320 1716 ex
341 1637 464 1718 Petro
485 1637 717 1718 Lombardo
740 1637 809 1716 lib.
830 1641 1037 1718 denotent.
1059 1637 1154 1718 dist.
1176 1639 1250 1726 27,

109 1769 273 1849 nonnulli
306 1761 458 1877 opinati
500 1779 598 1850 sunt
636 1796 780 1850 verum
820 1769 1129 1851 matrimonium
1170 1797 1252 1850 non

109 1925 183 1980 osse
209 1909 304 1982 ante
335 1901 540 1982 carnalem
571 1903 778 2010 copulam.
804 1902 919 1994 Quae
941 1929 1048 1984 nova
1068 1903 1254 1984 doctrina

108 2033 135 2111 si
159 2035 196 2114 in
225 2063 311 2117 una
341 2035 404 2117 vel
436 2037 563 2118 altera
593 2036 767 2118 dioecesi
794 2036 939 2119 habuit
960 2047 1182 2120 sectatores
1212 2047 1252 2118 et

108 2168 139 2245 in
157 2171 310 2276 praxim
327 2171 503 2252 deducta
518 2180 594 2273 est,
614 2171 795 2278 plurium
810 2170 1055 2266 Antistitum
1071 2171 1254 2252 turbavit

107 2305 375 2403 conscientias
411 2304 480 2413 qui
503 2285 745 2386 Romanam
767 2303 1013 2386 Cathedram
1034 2305 1254 2386 consulue-

109 2447 201 2520 runt.
216 2439 381 2548 Reapse
398 2438 599 2521 habemus
616 2439 656 2520 in
673 2441 824 2522 Primo
845 2440 1088 2519 Collectione
1104 2441 1256 2520 Decre-

10 2569 11 2578 '
108 2571 236 2653 toltum
258 2601 348 2684 cap.
375 2575 399 2653 6
422 2574 506 2654 et7
539 2583 578 2654 et
609 2573 651 2653 in
681 2571 967 2653 Decretalibus
988 2573 1173 2678 Gregorii
1195 2573 1254 2650 IX

108 2732 182 2816 cup.
207 2710 231 2787 3
254 2715 291 2787 et
312 2709 341 2786 4
360 2707 401 2788 h.
427 2715 456 2788 t.
481 2733 680 2815 responsa
699 2707 923 2788 Alexandri
944 2707 993 2786 ΙΙΙ
1014 2707 1065 2787 ad
1082 2705 1256 2787 Archia-

109 2835 282 2946 piscopos
312 2849 352 2920 et
381 2839 607 2948 Episcopus
637 2839 959 2952 Salernitanum,
992 2840 1255 2936 lanuensem,

111 2969 358 3072 Patauinum,
392 2973 686 3072 Senonensem‚
720 2981 760 3052 et
796 2970 1106 3070 Norvioonsem,
1150 2971 1258 3050 sicut

109 3113 141 3184 et
164 3104 425 3214 Responsum
454 3103 677 3185 innocentii
699 3105 747 3183 ΙΙΙ
779 3105 830 3184 ad
860 3103 1112 3212 Episcopum
1130 3102 1259 3182 Muti-

110 3263 277 3322 nensem.
302 3241 346 3320 ln
363 3238 557 3320 omnibus
573 3237 685 3320 hisce
701 3237 931 3345 Rescriptis
947 3236 1144 3317 asseritur
1160 3261 1259 3314 vera

10 3481 11 3486 ,
109 3371 278 3455 doctrina
307 3381 348 3454 et
377 3373 520 3481 praxis
549 3373 756 3454 Ecclesiae
787 3370 1016 3471 Romanae,
1050 3395 1145 3450 cum
1177 3395 1261 3476 qua
1404 3362 1410 3374 ’

109 3531 238 3589 omnes
268 3508 420 3590 debant
446 3507 664 3589 convenire
685 3505 908 3587 Ecclesiae:
939 3532 1026 3584 «nc
1056 3505 1187 3614 turpis
1206 3506 1261 3584 sit

104 3669 206 3748 pars,
239 3669 343 3750 quoe
371 3669 444 3722 suo
475 3670 555 3722 non
585 3643 770 3751 congruit
802 3643 1027 3721 uniuerso»
1062 3648 1107 3720 ut
1134 3639 1257 3719 habet

10 3823 11 3862 ;
108 3775 171 3858 loc.
203 3779 271 3858 cit.
305 3774 566 3857 Innocentius
585 3775 648 3856 ΠΙ.
684 3777 728 3856 ln
760 3773 872 3855 nullo
903 3783 1041 3856 autem
1072 3773 1153 3854 alio
1174 3771 1257 3852 Re·

109 3910 246 4019 scripto
275 3911 512 3991 Alexander
549 3911 598 3991 lll
638 3910 749 3992 illam
790 3910 1006 4018 pericopen
1047 3907 1260 4017 proposuit

10 4053 11 4104 Ι
110 4042 174 4123 nisi
203 4043 246 4124 in
274 4069 337 4142 eo,
373 4043 482 4151 quod
512 4042 662 4124 direxit
692 4043 742 4123 ad
773 4041 1142 4150 Archiepiscopum
1183 4039 1263 4120 Sa·

110 4173 355 4259 temitanum.
380 4177 496 4270 Quae
516 4173 785 4283 singularitas
810 4175 1063 4256 demonstrat
1083 4173 1256 4254 Archio-

112 4307 309 4418 piscopum
352 4309 659 4392 Salernitanum
704 4309 755 4389 ad
800 4291 1075 4390 defensionem
1121 4330 1256 4387 novae

112 4437 304 4526 doctrinae
326 4469 449 4526 usum
472 4443 599 4524 luisse
619 4468 782 4552 quoque
802 4441 1010 4550 aliquibus
1030 4439 1263 4549 Rescriptis
