3380 5132
550 448 658 500 arena
680 449 726 501 rr.
751 469 772 483 -
795 454 933 507 rrrunus
956 416 1025 504 iux.
1314 439 1379 503 335

208 577 580 690 opinantibus-hoc
621 579 880 687 privilegium
910 610 993 664 non
1033 589 1261 690 competere
1291 581 1371 662 nisi

209 715 283 814 εἰς,
313 712 382 822 qui
403 738 453 794 ex
485 709 720 792 infidelitate
753 715 804 795 ad
834 741 953 796 sacra
983 713 1183 796 catholica
1204 741 1373 794 conver-

210 855 365 947 tuntur,
400 871 495 926 cum
526 845 595 950 qui
625 853 743 924 extra
773 874 912 927 veram
942 848 1170 929 Ecclesiam
1207 857 1269 926 est
1299 875 1385 952 nec,

208 993 414 1060 mereatur
444 1003 592 1056 nomen
618 976 780 1082 fidelis,
801 980 977 1086 fratris,
1004 980 1067 1060 vel
1097 980 1266 1080 sororis,
1300 981 1372 1061 sed

208 1113 345 1222 potius
366 1112 566 1192 habeatur
584 1117 628 1190 ut
649 1113 865 1220 transfuga
881 1123 920 1195 et
936 1115 989 1196 sit
1004 1113 1156 1194 infideli
1178 1114 1368 1194 deterior.

208 1247 406 1328 Consulta
421 1273 446 1324 a
461 1271 527 1325 me
549 1271 643 1324 cum
665 1244 873 1327 humiliter
894 1247 1015 1328 fuerit
1031 1249 1074 1329 S.
1096 1247 1371 1354 Congregatio

210 1380 465 1466 Universalis
490 1360 768 1487 Inquisitionis
790 1384 1035 1488 respondere
1056 1382 1224 1488 dignata
1245 1389 1372 1461 estse
1423 1373 1431 1391 '

209 1499 314 1596 hano
343 1539 487 1595 casum
519 1513 773 1619 expendisse,
807 1515 879 1596 sed
911 1523 1003 1622 post
1042 1513 1171 1595 serias
1202 1515 1373 1621 inquisi-

209 1649 339 1730 tiones
354 1646 455 1726 nihil
472 1646 655 1726 decisum
678 1633 1064 1756 fuisse,·etproinde
1086 1673 1176 1728 esse
1197 1648 1372 1728 liberum

210 1805 333 1860 unam
360 1779 423 1858 vel
455 1779 623 1858 alteram
654 1780 900 1860 sententiam
930 1781 1133 1888 amplecti.
1159 1779 1211 1862 Et
1231 1805 1374 1860 revera

140 1996 147 2006 ,
209 1917 352 2024 gravia
371 1921 468 1994 sunt
489 1939 561 2021 pro
584 1921 757 2020 utraque
784 1926 1042 2021 argumenta,
1068 1924 1107 1996 et
1132 1915 1372 2023 praesertim

209 2048 380 2128 maximi
422 2045 654 2126 faciendum
691 2053 752 2126 est
793 2047 901 2154 quod
932 2047 1119 2154 Apostoli
1149 2074 1374 2154 eorumque

209 2183 435 2263 doctrinam
457 2181 677 2260 retinentes
699 2181 910 2286 apostolici
933 2181 1008 2260 viri
1029 2207 1111 2260 non
1142 2181 1375 2270 considera-

209 2315 342 2395 verint
372 2311 597 2414 haereticos
628 2319 674 2392 ut
704 2311 865 2412 fratres,
894 2313 966 2392 sed
997 2313 1133 2418 potius
1164 2321 1210 2392 ut
1240 2313 1373 2420 pervi—
1409 2379 1412 2388 .

210 2448 448 2530 cecissimos
468 2445 743 2528 hostes‘lllud
765 2455 903 2528 autem
924 2448 1146 2528 tenendum
1168 2455 1243 2547 est,
1265 2447 1373 2554 quod
1488 2492 1493 2552 4

210 2579 371 2662 etiamsi
402 2587 589 2660 teneatur
628 2579 830 2660 sententia
870 2579 1128 2680 affirmativa,
1163 2579 1374 2660 rarissime

210 2715 436 2822 applicetur
464 2713 679 2794 haereticis
711 2713 787 2794 hoc
818 2713 1095 2820 privilegium,
1119 2739 1214 2794 nam
1246 2714 1281 2794 si
1313 2722 1376 2794 est

210 2875 334 2929 casus
364 2845 637 2953 consequendi
665 2846 1011 2952 dispensationem
1033 2845 1298 2953 apostolicam
1321 2848 1375 2926 ab

211 3008 333 3062 onere
355 2979 707 3086 interpellationis
728 3005 777 3059 ea
798 3007 1019 3089 namquam
1041 2980 1256 3063 haereticis
1277 3009 1376 3062 con·

212 3113 368 3195 ceditur
398 3141 423 3194 a
452 3112 664 3192 Pontifice.

329 3250 415 3328 12.0
446 3246 758 3327 Matrimonium
800 3245 1118 3327 christianornm
1159 3254 1295 3326 ratum
1336 3253 1376 3326 et

211 3407 293 3462 non
310 3389 641 3461 consummatum
664 3381 852 3488 quamvis
868 3381 917 3462 de
934 3407 978 3459 se
994 3379 1048 3459 sit
1063 3378 1224 3479 stabile,
1245 3405 1376 3486 neque

211 3543 237 3594 a
256 3515 444 3624 partibus
466 3514 548 3594 ullo
571 3514 691 3594 modo
715 3514 864 3595 directe
890 3513 1037 3594 resolvi
1064 3513 1207 3621 possit,
1237 3521 1374 3592 tamen

211 3673 292 3728 non
323 3649 380 3730 ita
409 3657 471 3730 est
501 3648 785 3730 indissolubile
816 3657 862 3731 u't
892 3649 934 3730 in
964 3649 1077 3730 nullo
1108 3675 1207 3729 casu
1239 3647 1375 3727 valeat

212 3782 375 3863 irritari.
411 3783 543 3864 Casus
575 3810 684 3864 unus
720 3791 782 3863 est
823 3792 988 3864 notatus
1019 3783 1195 3889 injure,
1230 3807 1375 3887 nempe

211 3942 282 4022 per
297 3916 521 3996 solemnem
538 3915 747 4022 religionis
768 3916 1063 4022 professionem
1085 3915 1254 3996 alterius
1278 3941 1376 3994 con·

206 4048 370 4153 jugum,
404 4074 486 4156 quo
516 4047 735 4148 dirimitur,
770 4049 818 4128 de
859 4075 940 4155 quo
982 4046 1157 4128 habetur
1187 4074 1278 4127 con.
1318 4047 1382 4128 VI

208 4205 303 4260 sess.
338 4180 395 4260 24
429 4181 551 4260 Cone.
591 4181 706 4260 Trid.
742 4183 806 4262 Dc
834 4207 1013 4261 sacram.
1047 4183 1250 4260 marrim..·
1286 4178 1376 4260 «Si

210 4315 304 4422 quis
345 4313 493 4394 dixerit
532 4312 840 4394 matrimonium
884 4322 1018 4394 ratum
1059 4340 1140 4394 non
1182 4337 1376 4394 consum-

211 4455 369 4530 matum
399 4475 472 4555 per
500 4447 725 4528 solemnem
756 4447 965 4554 religionis
995 4447 1292 4555 professionem
1318 4446 1388 4525 al·
