3136 5138
291 363 353 427 134
574 375 867 428 enlnnuerroaus
889 375 982 428 roais
1006 375 1174 429 cauomcr

299 541 318 581 a
343 505 507 588 attentis
531 504 809 613 peculiaribus
829 505 1148 588 circumstantiis
1170 506 1211 586 in
1233 531 1333 587 casu
1354 531 1460 586 con·

299 637 595 721 »currentibus
616 637 849 720 declarandi
875 637 1020 720 dilecto
1041 637 1084 719 in
1105 638 1266 720 Christo
1289 638 1458 718 Oratori

299 809 316 848 »
337 771 390 855 N.
416 771 595 872 tolerari,
615 779 661 854 ut
681 773 860 880 recipere
880 771 1010 878 possit
1030 779 1169 852 actum
1190 769 1325 878 alege
1346 771 1461 852 civili

301 903 638 1012 »praescriptum
664 903 773 984 circa
797 902 1119 1004 matrimonium,
1146 905 1369 987 dummodo
1390 933 1466 986 ce·

301 1074 318 1112 »
339 1038 565 1119 remoniam
586 1063 697 1118 mere
718 1037 879 1119 civilem
900 1065 946 1118 se
965 1064 1154 1120 exercere
1180 1039 1377 1140 intendat,
1395 1041 1468 1119 ni·

204 1156 207 1161 ’
301 1172 475 1279 »hilque
515 1172 688 1252 suadeat
728 1175 782 1252 aa
814 1180 984 1280 peragat
1022 1183 1166 1253 contra
1205 1172 1463 1254 matrimonii

302 1305 615 1406 »sanctitatem
649 1313 721 1386 aut
750 1307 1036 1388 necessitatem
1065 1307 1165 1387 illud
1191 1306 1463 1389 contrahendi

304 1467 478 1522 »coram
508 1439 707 1542 Ecclesia,
741 1447 780 1520 et
809 1440 948 1522 fideles
979 1441 1061 1522 imo
1102 1439 1300 1542 hortetur,
1345 1448 1392 1521 ut
1424 1441 1464 1520 si

306 1573 523 1656 »nondum
552 1572 830 1654 contraxerint
849 1599 988 1654 coram
1003 1573 1201 1674 Ecclesia,
1227 1599 1352 1681 quam
1374 1574 1463 1679 pri-

306 1731 458 1787 »mum
488 1707 746 1787 contrahant.
773 1741 790 1780 »

398 1841 483 1919 lO.⁰
495 1839 623 1918 Porro
640 1839 675 1920 si
691 1839 999 1920 matrimonium
1015 1838 1133 1920 civile
1153 1840 1213 1920 sic
1229 1839 1471 1921 considera·

302 1980 415 2054 retur
435 1979 474 2053 et
493 1999 576 2054 non
596 1972 815 2054 haberetur
835 1972 877 2052 in
897 1999 946 2054 eo
967 1973 1157 2055 voluntas
1183 1975 1343 2054 interna
1365 1999 1470 2054 con-

304 2105 503 2205 trahendi,
523 2105 701 2212 profecto
722 2131 775 2185 ex
794 2105 871 2185 hoc
887 2104 1147 2187 matrimonio
1164 2133 1244 2186 non
1262 2108 1470 2214 potuisset

305 2265 487 2347 unquam
516 2240 613 2319 oriri
644 2240 980 2347 impedimentum
1005 2239 1193 2348 publicae
1220 2239 1465 2342 honestatiS,

304 2401 436 2482 neque
466 2381 623 2481 poterat
643 2373 784 2454 haberi
805 2375 1030 2454 Doctorum
1050 2375 1296 2456 concertatio
1317 2374 1394 2456 hac
1416 2377 1470 2456 de

304 2535 347 2588 re
378 2508 436 2589 ita
466 2516 511 2588 ut
532 2506 713 2587 nonnulli
745 2513 901 2588 starent
930 2533 1003 2614 pro
1035 2507 1280 2588 affirmativa
1300 2508 1369 2588 alii
1391 2535 1469 2616 pro

306 2641 511 2747 negativa,
544 2665 640 2719 nam
671 2640 748 2721 hoc
777 2641 1030 2722 connubium
1061 2642 1205 2723 luisset
1237 2643 1469 2723 invalidum

307 2803 387 2856 non
417 2774 552 2856 solum
582 2782 747 2884 propter
766 2801 847 2856 non
872 2783 1075 2856 servatam
1099 2775 1272 2857 formam
1292 2777 1470 2858 Triden-
1566 2781 1567 2790 ‘

306 2909 394 3010 tini,
427 2909 499 2989 sed
530 2934 691 3016 quoque
722 2936 772 2988 ex
804 2908 962 2990 defectu
993 2935 1234 3010 consensus
1258 2920 1298 2991 et
1322 2937 1470 2992 omnes

305 3041 552 3125 conveniunt
581 3043 688 3150 quod
719 3043 881 3149 quando
912 3068 992 3121 non
1023 3049 1085 3123 est
1114 3069 1354 3145 consensus,
1384 3071 1470 3126 non
1565 3021 1566 3071 ³

306 3179 480 3259 habetur
526 3175 628 3257 ratio
667 3175 945 3283 impedimenti
989 3175 1177 3284 publicae
1221 3175 1465 3260 honestatis

307 3313 480 3406 Quando
510 3337 607 3418 ergo
637 3311 902 3417 disputabant
940 3310 1125 3391 doctores
1161 3335 1214 3390 an
1244 3337 1294 3390 ex
1325 3314 1470 3393 matri-

307 3446 444 3526 monio
485 3445 593 3525 civili
624 3443 799 3524 oriretur
828 3469 902 3524 nec
932 3469 982 3523 ne
1022 3444 1359 3550 impedimentum
1389 3473 1469 3553 pu-

308 3579 437 3658 blicae
466 3577 691 3659 honestatis
713 3577 873 3685 utrique
895 3585 983 3658 tum
1013 3578 1265 3660 affirmantes
1285 3587 1375 3660 tum
1396 3608 1469 3662 ne·
1563 3581 1564 3613 ³

307 3719 450 3820 gentes
466 3712 751 3821 supponebant
773 3711 814 3790 in
835 3737 883 3792 eo
904 3711 1085 3792 adfuisse
1102 3711 1354 3794 voluntatem
1375 3740 1469 3820 per-

281 3871 517 3946 sonarum,
551 3871 656 3954 quae
695 3845 957 3926 intendebant
986 3847 1035 3926 de
1070 3845 1275 3953 praesenti
1305 3855 1469 3927 contra-

307 3980 403 4062 here
439 3987 558 4088 prout
586 3980 674 4088 ipse
704 3985 821 4060 actus
850 3989 1046 4061 externus
1076 3979 1117 4060 id
1147 3979 1462 4088 praeseferebat.

307 4113 366 4196 llli
412 4122 549 4196 autem
593 4113 662 4222 qui
708 4114 943 4222 negativam
987 4113 1231 4195 sententiam
1276 4114 1468 4196 tenebant
1561 4109 1562 4157 l

308 4273 353 4330 se
383 4249 605 4330 tuebantur
634 4247 798 4327 duabus
837 4245 1083 4346 rationibus,
1118 4271 1295 4354 quarum
1335 4246 1467 4354 prima

303 4383 391 4490 jam
411 4380 454 4462 in
475 4388 733 4464 antecessum
754 4379 941 4490 exposita
960 4389 1000 4462 et
1020 4379 1195 4463 refutata
1215 4388 1291 4482 est,
1315 4379 1468 4462 scilicet
1560 4367 1561 4429 l
