3380 5132
524 435 631 486 crona
653 436 700 488 ιν.
725 454 745 468 -
767 435 905 488 rimans
926 393 996 486 xix.
1284 421 1349 486 307

180 565 428 665 »fiteantun
462 564 513 644 ab
544 563 615 644 illa
651 563 865 645 hominum
906 564 1179 673 improbitate,
1214 591 1338 672 quam

180 700 418 812 ›diximu5,
442 726 486 780 se
517 699 622 778 tueri
654 727 735 780 non
767 708 954 807 possunt,
979 700 1138 780 etiamsi
1165 701 1341 780 maxime

179 833 360 913 »velint
396 857 521 940 quare
562 833 789 914 cedendum
831 832 1083 940 temporibus
1119 857 1167 912 ac
1206 833 1342 914 divor·
1379 912 1397 952 ο

181 1001 199 1038 »
222 967 372 1048 tiorum
388 967 646 1047 concedenda
663 966 850 1048 facultas
871 1011 890 1026 -
907 967 1026 1059 Quod
1043 965 1213 1048 historia
1234 966 1341 1047 idem

182 1101 315 1206 »ipsa
345 1099 538 1181 declarat.
564 1100 620 1182 Ut
650 1099 758 1180 enim
791 1101 872 1182 alia
900 1109 1219 1206 praetereamus
1244 1127 1369 1210 exe-¹

181 1266 200 1305 ³·
225 1241 320 1314 unte
345 1233 510 1314 saeculo
540 1232 765 1340 superiore,
791 1233 832 1314 in
861 1233 929 1312 illa
958 1259 1039 1312 non
1070 1241 1153 1312 tarn
1184 1241 1343 1340 pertur-

181 1401 201 1440 >
223 1365 387 1446 batione
413 1391 537 1473 quarn
568 1365 858 1472 deflagratione
889 1365 1132 1466 Galliarum,
1156 1393 1250 1446 cum
1272 1392 1338 1445 so·

180 1499 347 1580 scietas
387 1500 535 1600 omnia,
580 1509 717 1580 amoto
757 1499 856 1598 Dec,
902 1499 1207 1607 profanaretur,
1252 1509 1338 1580 turn

180 1634 386 1713 »demum
417 1634 571 1740 placuit
601 1642 711 1714 ratas
742 1633 904 1741 legibus
925 1661 1015 1715 esse
1036 1635 1258 1741 conjugum
1280 1634 1341 1713 di-

178 1765 465 1848 ›scessiones
500 1767 679 1847 Easdem
715 1775 853 1846 autern
893 1766 1004 1872 leges
1046 1767 1233 1846 renovari
1264 1764 1341 1846 hoc

184 1909 404 2007 »tempore
435 1899 553 1982 multi
595 1901 781 2008 cupiunt,
816 1909 1030 2007 propterea
1068 1899 1175 2006 quod
1206 1899 1340 1978 Deum

182 2043 261 2112 »et
280 2033 507 2115 Ecclesiam
538 2034 633 2142 pelli
656 2033 833 2114 emedio
865 2060 913 2114 ac
942 2034 1177 2114 submoveri
1203 2033 1343 2112 volunt

179 2201 199 2240 ν
224 2194 248 2246 a
277 2168 471 2248 societate
512 2167 811 2274 conjunctionis
852 2168 1075 2267 humanae;
1112 2167 1234 2248 stulte
1265 2193 1343 2272 pu-

182 2310 355 2381 »tantes
386 2311 616 2382 extremum
648 2300 852 2407 grassanti
893 2327 1055 2380 morum
1087 2299 1340 2407 corruptelae

181 2433 447 2513 »remedium
483 2434 534 2514 ab
571 2423 771 2540 ejusmodi
811 2433 972 2540 legibus
1012 2459 1102 2514 esso
1143 2457 1341 2540 quaeren-

179 2569 336 2647 »dum
357 2571 445 2646 -At
466 2595 561 2648 vero
593 2569 734 2674 quanti
766 2568 980 2648 materiam
1013 2567 1107 2648 mali
1140 2567 1247 2646 inse
1278 2567 1333 2646 di-

178 2733 196 2776 >
223 2701 353 2780 vortia
368 2699 616 2798 contineant,
637 2699 706 2778 vix
729 2700 871 2780 attinet
892 2700 1037 2780 dicere.
1059 2699 1215 2778 Eorum
1231 2699 1339 2778 onim

179 2865 197 2908 >
221 2859 371 2913 caussa
399 2833 503 2914 fiunt
533 2816 748 2914 maritalia
770 2834 933 2928 foedera
969 2833 1198 2932 mutabilia,
1232 2839 1341 2912 exte-

94 2961 98 2966 ’
182 3001 199 3040 >›
222 2975 374 3047 nuatur
390 2975 536 3048 mutua
551 2967 848 3068 benevolentia,
868 2967 1093 3048 infidelitati
1112 2967 1341 3074 perniciosa

180 3133 200 3174 >
223 3099 485 3180 incitamenta
514 3101 843 3207 suppeditantem
876 3101 1036 3180 tuitioni
1071 3110 1191 3206 atquc
1223 3099 1339 3178 insti-

180 3266 201 3308 »
223 3234 367 3314 tutioni
405 3233 628 3314 liberorum
665 3245 859 3333 nocetur;
898 3233 1131 3314 dissuendis
1166 3231 1340 3312 societa-

182 3400 200 3440 »
222 3369 332 3447 tibus
350 3367 585 3466 domesticis
606 3367 826 3475 praebetur
845 3366 1023 3466 oceasi03
1043 3365 1338 3469 discordiarum

179 3534 200 3576 a
224 3501 326 3616 inter
356 3501 534 3582 familias
565 3501 725 3581 semina
762 3507 1029 3608 sparguntur,
1062 3499 1262 3580 minuitur
1292 3524 1340 3578 ac

181 3669 200 3708 ›
223 3636 464 3744 deprimitur
480 3637 657 3743 dignitas
679 3635 915 3734 mulierum,
935 3661 1039 3742 quae
1056 3635 1097 3714 in
1113 3635 1340 3742 periculum

181 3931 294 4011 »pro
325 3905 527 3986 derelictis
558 3905 801 3986 habeantur.
819 3951 840 3964 -
860 3905 912 3984 Et
942 3903 1136 4011 quoniam
1167 3905 1218 3984 ad
1248 3931 1341 4012 per-

177 4072 197 4111 »
219 4039 373 4120 dendas
404 4039 596 4138 familiae,
631 4039 961 4145 frangendasque
992 4064 1211 4144 regnorum
1243 4064 1342 4144 opes

179 4171 318 4250 >nihil
351 4181 436 4252 tam
457 4173 577 4270 valet,
605 4199 730 4279 quam
761 4169 992 4278 corruptela
1023 4197 1199 4270 morum,
1226 4170 1341 4250 facile

181 4337 199 4376 »
222 4303 479 4411 perspicitur,
504 4305 759 4412 prosperitati
791 4301 1039 4382 familiarum
1060 4331 1107 4384 ac
1129 4303 1339 4384 civitatum

179 4467 200 4509 ›
223 4437 402 4518 maximo
424 4437 590 4518 inimica
612 4464 701 4517 esse
728 4435 915 4536 divortia,
940 4463 1044 4543 quae
1066 4463 1091 4516 a
1110 4434 1342 4544 depravatis
