3136 5138
442 433 548 483 marm
571 433 617 484 rv.
643 451 663 464 ·
685 433 826 484 rrrunus
850 436 894 484 rr.
1195 420 1257 484 125

98 562 266 643 ridendis
297 589 322 641 a
352 559 545 642 ohordato
575 563 795 670 Interprete
814 563 927 643 Juris
947 562 1132 644 eanonioi
1155 564 1253 648 rati-

99 693 170 775 neri
202 695 336 794 debet,
369 693 468 801 quia
496 693 597 774 haeo
627 703 690 776 est
730 703 821 777 tuta
860 695 1059 803 interpres
1099 721 1249 778 sensus

97 830 311 908 Canonum.
323 828 529 909 Probatur
544 837 682 910 autem
699 829 740 910 id
756 857 807 909 ex
819 831 988 937 eoquod
1005 829 1111 910 inter
1122 829 1251 911 farul-

98 973 185 1044 rates
204 989 423 1044 concessas
434 962 480 1042 S.
496 962 839 1044 Poenitentiariae
855 963 989 1046 offioio
1005 965 1122 1044 vivae
1134 965 1247 1046 voois

98 1095 249 1176 oraculo
270 1121 296 1175 a
315 1095 390 1176 Pio
411 1095 466 1172 VI
488 1121 619 1174 mense
640 1097 798 1176 Martio
825 1097 935 1177 1793
951 1097 1074 1179 Petro
1094 1098 1247 1178 Parae·

96 1227 186 1307 ciani
213 1229 258 1309 S.
279 1227 622 1310 Poenitentiariae
639 1228 813 1344 Regenti
830 1231 910 1311 sub
927 1259 1037 1312 nuru..
1063 1235 1115 1312 14
1145 1230 1246 1313 haee

96 1365 254 1470 legatur:
294 1361 607 1470 «Dispensandi
638 1390 711 1470 pro
742 1363 932 1444 fidelibus
962 1392 1087 1473 super
1116 1366 1248 1474 impe·

103 1495 306 1578 »dimento
322 1494 507 1603 justitiae
527 1495 715 1602 publicae
736 1495 962 1577 honestatis
983 1497 1246 1605 proveniente

100 1657 177 1710 »ex
203 1629 376 1712 oooultis
405 1627 672 1736 sponsalibus
703 1630 990 1736 praecedanter
1020 1629 1132 1712 initis
1156 1631 1244 1711 sive

100 1789 213 1844 »oum
242 1771 374 1843 matre
404 1775 478 1842 aut
507 1786 603 1842 oum
634 1759 719 1841 lilia
747 1787 823 1841 seu
844 1785 939 1842 oum
955 1788 1095 1842 sorore
1115 1769 1242 1870 spon-

99 1923 205 1998 »sae5
237 1897 327 1977 sive
358 1903 379 1975 b
410 1895 614 1976 oontrario
645 1905 717 1977 aut
748 1922 844 1977 oum
880 1905 995 2004 patre
1035 1906 1107 1979 aut
1146 1925 1242 1979 oum

99 2029 219 2132 ›fili0‚
253 2029 320 2109 vel
350 2057 444 2110 ourn
467 2030 591 2110 tratre
611 2030 752 2137 sponsi
768 2037 854 2110 tam
875 2057 948 2138 pro
969 2031 1243 2112 matrimoniis

98 2163 356 2264 »contractis²
375 2189 499 2271 quam
516 2190 589 2271 pro
605 2163 878 2244 matrimoniis
894 2163 1101 2265 ineundis,
1121 2165 1243 2246 durn-

98 2300 240 2380 ›modo
272 2275 612 2406 impedimentum
643 2297 874 2405 praefatum
903 2297 957 2378 sit
986 2297 1154 2380 omnino
1170 2325 1240 2380 oe·

96 2431 290 2534 multum,
310 2439 348 2512 et
364 2432 603 2532 dummodo,
623 2431 722 2512 dum
743 2431 881 2537 agitur
901 2431 950 2511 de
966 2431 1241 2515 matrimoniis

97 2563 325 2665 »ineundis
345 2563 554 2672 sponsalia
574 2571 696 2644 antea
711 2571 757 2644 ut
772 2563 1001 2671 praefertur
1016 2565 1131 2665 inita,
1152 2565 1242 2648 fue-

98 2697 199 2780 »rint
226 2707 376 2780 mutuo
411 2723 618 2779 consensu
659 2698 891 2779 rescissa.»
926 2699 1020 2792 Qua
1049 2697 1242 2782 facultate

92 2831 127 2908 S.
156 2830 475 2914 Poenitantiaria
514 2855 676 2938 semper
708 2855 786 2910 usa
815 2837 892 2931 est,
926 2838 1055 2939 eaque
1091 2831 1235 2912 utitur.

92 2961 348 3046 Cohaerenter
378 2963 428 3044 ad
459 2961 561 3044 haeo
591 2989 686 3044 oum
717 2964 762 3044 S.
791 2961 1134 3046 Poenitentiariae
1164 2991 1239 3072 pro

92 3099 254 3200 positum
276 3105 386 3179 esset
406 3121 582 3205 sequens
609 3096 799 3178 dubium:
837 3128 856 3171 ‹
876 3098 970 3178 Duo
995 3097 1169 3205 juvenes
1189 3097 1240 3178 li-

93 3231 160 3311 beri
187 3231 373 3341 Capuani
405 3230 657 3313 clandestine
692 3231 911 3312 irriverunt
950 3231 1160 3339 sponsalia
1188 3232 1239 3312 de

91 3363 224 3447 tuturo:
259 3363 407 3445 dehine
436 3389 617 3472 sponsus
657 3363 858 3444 solemnia
896 3361 1107 3471 sponsalia
1141 3389 1241 3444 oon-

90 3499 195 3580 traxit
213 3525 311 3580 uum
332 3523 472 3580 sorore
494 3522 692 3605 gennana
716 3496 874 3605 primae
894 3521 1085 3604 sponsae:
1111 3519 1239 3604 quae·

88 3629 127 3710 rit
144 3631 371 3740 Episoopus
391 3657 417 3712 a
437 3631 481 3712 S.
506 3627 829 3711 Poenitentiaria
859 3628 1114 3711 definitivum
1135 3655 1236 3711 oon-

89 3761 223 3864 silium,
244 3771 386 3846 utrum
406 3762 594 3845 videlieet
613 3788 664 3843 ex
686 3761 951 3843 clandestinis
971 3761 1237 3870 sponsalibus

88 3905 323 3981 contractum
352 3897 407 3980 sit
442 3895 781 4004 impedimentum
817 3894 1006 4004 publioae
1044 3893 1239 3977 honesta-

88 4026 188 4110 tist»
221 4031 275 4114 Et
303 4031 349 4112 S.
383 4027 705 4111 poenitentiaria
733 4028 813 4109 sub
844 4028 909 4109 die
944 4030 995 4108 10
1016 4029 1239 4132 Semptem-

9 4163 10 4236 ἴ
89 4157 155 4242 ua
185 4161 549 4273 18341espondit:
588 4160 942 4244 ‹Affirmativa›

184 4297 246 4381 8.⁰
274 4298 330 4381 At
356 4298 396 4380 si
425 4296 584 4380 oriatur
612 4321 664 4376 ex
695 4295 957 4377 matrimonio
987 4301 1092 4396 rato,
1134 4302 1234 4376 tuno

10 4539 11 4542 Ν
90 4435 166 4511 anta
206 4430 493 4515 Tridentinum
533 4427 765 4512 Concilium
809 4429 973 4512 valebat
1017 4423 1234 4537 dispositio
