3388 5136
631 383 901 431 eudaemones
926 383 1019 430 rums
1042 383 1199 434 ememor

410 645 477 726 De
504 641 623 724 mede
646 639 897 752 procedendi
929 641 1306 750 eaetrcjudiciulitcr
1338 643 1380 722 in
1422 643 1503 724 cim

323 777 478 856 decreti
512 776 689 857 Concilii
723 775 839 858 Trid.
879 775 982 886 Cup.
1021 781 1063 858 1.
1097 801 1193 857 sess.
1236 780 1328 873 14,
1352 801 1420 855 seu
1453 775 1503 856 de

323 911 442 992 modo
455 910 708 1021 procedendi
738 935 792 991 ece
824 909 1055 1018 informato
1086 909 1330 990 conscientia

410 1182 645 1288 Antequam
672 1178 785 1286 operi
816 1205 967 1260 manus
988 1179 1272 1278 admoveatur,
1302 1179 1502 1260 nonnulla

324 1313 637 1420 praemittenda,
655 1339 704 1394 ae
721 1312 901 1394 notanda
918 1311 1222 1407 existimamus
1245 1312 1349 1394 duce
1365 1311 1500 1393 Bouix

322 1454 446 1529 treet.
482 1446 532 1527 de
558 1445 737 1552 judiciis
765 1471 871 1556 pore
906 1445 1085 1528 secundo
1119 1446 1286 1528 subseet.
1331 1447 1409 1528 Ill.
1449 1446 1501 1528 Et

327 1586 385 1664 l.⁰
420 1579 722 1688 praemittimus
758 1581 856 1688 quid
899 1580 1061 1689 proprie
1102 1581 1413 1689 intelligendum
1448 1582 1503 1664 sit

322 1740 495 1822 pereas
531 1740 654 1795 voces
688 1740 742 1794 em
779 1717 1016 1823 informato
1048 1717 1308 1798 conscientia.
1344 1716 1502 1823 Hujus-

324 1848 433 1932 modi
465 1875 546 1928 vox
582 1874 664 1928 non
701 1848 903 1956 reperitur
944 1851 1130 1932 adhibita
1160 1850 1202 1930 in
1248 1850 1339 1957 ipso
1385 1859 1500 1932 textu

326 1984 444 2090 legis,
480 1981 585 2062 idest
614 1983 656 2061 in
687 1983 819 2089 eapite
849 1981 1077 2064 Tridentini
1096 1982 1405 2090 Concilii,qu0d
1438 1983 1502 2063 in·

321 2117 446 2224 cipit:
475 2117 577 2196 Cum
608 2101 814 2195 honestius
825 2146 840 2214 ;
865 2116 937 2197 sed
967 2143 992 2195 a
1025 2117 1147 2198 bullis
1184 2117 1428 2216 Pontifieiis,
1462 2126 1503 2198 et

324 2253 376 2332 ab
408 2250 647 2334 auctoribus
681 2250 913 2358 frequenter
944 2259 1159 2358 usurpata,
1196 2251 1236 2331 in
1268 2251 1500 2357 generalem

323 2387 489 2466 tandem
512 2411 652 2484 usum,
686 2394 808 2490 atque
824 2384 867 2464 in
883 2401 1126 2466 consuetam
1148 2385 1369 2468 formulam
1389 2393 1502 2468 tran-

325 2518 436 2599 sivit.
461 2517 567 2596 Eam
598 2525 737 2597 aulem
778 2515 994 2597 induxisse
1025 2495 1216 2598 videntur
1256 2517 1502 2600 Canonistae

324 2650 612 2733 concinnitatis
648 2647 796 2755 gratia,
831 2657 876 2730 ut
907 2676 1056 2757 nempe
1087 2651 1254 2732 brevius
1298 2653 1503 2759 exprime·

325 2793 415 2867 rent
444 2811 541 2865 eum
569 2781 844 2863 sententiandi
875 2784 1063 2882 modum,
1092 2785 1136 2864 in
1167 2810 1249 2892 quo
1270 2785 1502 2893 Episcopus

229 2943 236 2960 ·
324 2917 439 2998 nullo
471 2915 699 3025 praemisso
730 2915 937 2997 ordinario
974 2943 1188 3025 processu,
1231 2919 1347 3000 nulla
1384 2945 1503 3027 prae·

324 3052 454 3133 missa
478 3051 657 3159 juridica
679 3049 967 3134 informatione
998 3053 1242 3134 sententiam
1265 3053 1503 3161 pronuntiat

324 3211 376 3267 ex
398 3183 536 3266 causis
556 3183 636 3265 sibi
654 3185 777 3267 notis.
798 3183 916 3267 Unde
934 3211 1057 3266 voces
1088 3186 1183 3268 illae
1200 3213 1254 3268 erc
1271 3188 1502 3290 informate

322 3321 571 3402 conscientie
600 3319 819 3427 praecipue
835 3325 983 3400 sonant
1014 3318 1108 3400 ferri
1138 3320 1399 3419 sententiam,
1418 3345 1500 3400 non

325 3457 367 3535 in
397 3455 482 3535 vim
513 3455 639 3535 ullius
665 3452 867 3560 juridieae
904 3451 1219 3552 informationis,
1252 3453 1501 3561 juridieique

325 3613 560 3695 processuS,
594 3587 667 3664 sed
698 3586 916 3668 dumtaxat
946 3612 998 3666 ex
1031 3585 1171 3666 causis
1198 3588 1250 3666 ab
1283 3587 1374 3694 ipsa
1403 3585 1502 3694 Epi-

322 3720 436 3828 scopi
457 3717 709 3800 conscientia
739 3719 968 3826 perpensiS,
1002 3731 1043 3801 et
1075 3721 1265 3826 cognitis

468 3855 530 3934 2.⁰
559 3851 872 3932 Praemittimus
907 3861 1154 3960 potestatem
1196 3855 1319 3936 istam
1361 3879 1504 3962 proce·

321 3987 443 4071 dendi
474 4014 528 4069 erc
559 3987 791 4096 informato
821 3989 1084 4088 conscientia,
1115 4013 1238 4094 quam
1272 3987 1502 4069 Concilium

323 4123 611 4204 Tridentinum
642 4120 826 4222 indulsit,
859 4147 942 4202 non
972 4121 1111 4203 solum
1142 4129 1374 4228 competere
1405 4120 1503 4229 Epi·

325 4254 477 4360 scopis,
491 4255 564 4334 sed
575 4253 699 4335 etiam
712 4253 913 4334 Praelatis
925 4251 1207 4360 Regularibus
1214 4253 1502 4362 jurisdictione

324 4388 443 4495 quasi
489 4387 723 4496 Episcopali
770 4387 954 4487 munitiS,
992 4399 1037 4470 ut
1078 4389 1232 4497 pluries
1277 4387 1502 4471 declaravit
