3136 5138
299 357 363 421 106
454 393 456 396 -
587 367 881 420 rnnauxcrronus
904 367 999 418 rums
1023 365 1191 418 carrorum

309 499 497 581 »reticos
530 497 812 606 usquemodo
844 503 1066 598 eontracta,
1102 522 1287 604 quaeque
1317 495 1360 575 in
1400 521 1475 602 po-

311 669 328 709 »
348 642 504 715 sterum
527 631 832 731 contrahentur,
852 630 1012 712 etiamsi
1034 631 1167 712 forma
1187 658 1213 710 a
1231 628 1473 710 Tridentino

309 803 326 842 ›
347 763 599 875 praescripta
628 790 711 844 non
742 763 926 844 fueritin
947 763 998 843 iis
1014 763 1271 845 celebrandis
1291 769 1471 861 servata,

308 897 569 980 »dummodo
600 896 711 976 aliud
742 922 824 976 non
854 895 1058 978 obstiterit
1078 895 1322 977 canonicum
1344 895 1475 1003 impe-

308 1067 326 1108 »
347 1031 590 1130 dimcntum,
609 1055 683 1137 pro
699 1028 847 1111 validis
863 1028 1169 1111 habendaesse.
1194 1062 1212 1106 ›
1231 1076 1250 1090 -
1267 1032 1308 1107 2⁰
1325 1030 1474 1122 Quoad

234 1245 242 1264 ,
302 1163 565 1246 matrimonia
594 1162 759 1270 pariter,
792 1188 898 1270 quae
930 1163 972 1242 in
1003 1161 1085 1242 illis
1115 1161 1337 1270 provinciis
1366 1163 1475 1244 inter

303 1305 462 1405 partem
478 1294 721 1376 catholicam
738 1304 777 1376 et
794 1294 1040 1376 haereticam
1058 1323 1140 1376 non
1156 1303 1319 1376 servata
1340 1294 1476 1374 forma

303 1429 530 1510 Tridentini
556 1429 643 1536 jam
673 1436 896 1529 contracta,
931 1429 994 1508 vel
1030 1455 1136 1538 quae
1176 1429 1217 1508 in
1257 1437 1471 1537 posterum

304 1561 488 1645 contrahi
520 1563 744 1670 contingat,
778 1563 972 1644 declarat:
1001 1561 1306 1645 «Matrimonia
1326 1561 1475 1668 hujus-

307 1696 472 1795 ›modi‚
506 1695 586 1776 alio
626 1723 708 1778 non
748 1701 1017 1777 concurrente
1057 1695 1262 1778 canonico·
1300 1695 1475 1803 impedi-

308 1865 325 1906 »
347 1837 499 1930 mento,
533 1829 670 1910 valida
689 1829 878 1910 habenda
898 1855 1005 1930 esse,
1029 1839 1069 1912 et
1085 1838 1278 1912 neutrum
1298 1855 1349 1910 ex
1371 1855 1473 1910 oon-

307 1997 325 2038 »
341 1961 530 2071 jugibuS,
563 1963 692 2044 donec
722 1963 824 2044 alter
855 1989 998 2044 eorum
1033 1963 1323 2072 supervixerit,
1367 1963 1476 2044 ulla-

310 2106 468 2178 »tenus
498 2121 634 2204 posse,
664 2097 744 2176 sub
765 2097 935 2178 obtentu
957 2095 1088 2178 dictae
1111 2097 1265 2178 formae
1286 2123 1369 2178 non
1383 2124 1475 2178 ser-

307 2237 479 2330 »vatae,
514 2255 668 2310 novum
698 2227 1009 2311 matrimonium
1041 2229 1201 2312 inire.»
1236 2232 1336 2312 Post
1365 2257 1473 2338 quas

303 2365 408 2473 duas
428 2363 723 2445 declarationes
743 2363 948 2445 concludit
962 2363 1169 2446 Pontifex:
1199 2365 1352 2446 «Circa
1372 2393 1474 2447 con-

308 2531 326 2573 »
342 2497 473 2605 jugia,
518 2525 623 2605 quae
667 2498 967 2580 contrahuntur
1011 2498 1076 2579 vel
1121 2499 1163 2580 in
1210 2499 1472 2608 Regionibus

308 2630 585 2738 »Principum
615 2631 918 2713 Catholioorum
948 2634 1000 2713 ab
1031 2632 1097 2734 iis,
1130 2633 1200 2741 qui
1232 2635 1275 2714 in
1294 2635 1473 2716 Provin-

307 2753 420 2844 »ciis
450 2763 687 2845 Foederatis
716 2765 970 2846 domicilium
999 2765 1164 2864 habent,
1200 2766 1263 2846 vel
1294 2765 1338 2847 in
1364 2766 1473 2847 Foe-
1566 2757 1567 2781 ¹

308 2895 498 2978 ›deratis
529 2897 757 2977 Provinciis
788 2898 840 2977 ab
870 2898 1118 2980 habentibus
1147 2897 1401 2980 domicilium
1427 2900 1472 2982 in

308 3025 603 3136 ›Regionibus
634 3029 936 3113 Catholioorum
967 3032 1206 3141 Principum
1231 3033 1332 3114 nihil
1363 3034 1473 3114 San·

305 3159 463 3243 >chius
494 3162 582 3243 Sua
611 3163 660 3244 de
690 3189 796 3246 novo
818 3165 1120 3247 decernendum
1150 3175 1222 3249 aut
1256 3167 1472 3250 declaran-

306 3295 444 3376 »dum
473 3323 565 3377 esse
595 3297 724 3399 duxit,
759 3299 958 3380 volensu
959 3300 1091 3380 t''de
1067 3329 1117 3381 ns
1132 3301 1252 3408 juxta
1271 3301 1473 3384 canonica

306 3427 445 3535 »juris
475 3432 708 3512 communis
737 3431 940 3540 principia
969 3435 1243 3543 probatasque
1274 3435 1315 3515 in
1351 3433 1472 3515 simi·
1563 3367 1564 3491 l

305 3593 323 3634 »
344 3559 453 3640 libus
484 3563 651 3644 casibus
672 3565 774 3646 alias
795 3566 926 3648 editas
946 3593 972 3648 a
992 3567 1121 3649 Sacra
1140 3567 1471 3676 Congregatione
1562 3567 1563 3580 ³

305 3689 513 3772 »Concilii
543 3695 829 3799 resolutiones
863 3698 934 3780 ubi
976 3699 1200 3808 disputatio
1238 3701 1466 3809 contingat,

306 3825 613 3908 »decidatur.›
646 3875 666 3889 -
698 3829 755 3938 (e)
794 3831 908 3914 Haeo
946 3841 1085 3916 autem
1124 3833 1350 3916 Decretalis
1389 3835 1470 3916 etsi

301 3959 412 4042 edita
430 3959 486 4042 sit
506 3961 562 4042 ud
581 3963 743 4044 modum
763 3972 800 4044 et
818 3967 890 4047 aab
911 3969 1042 4078 specio
1058 3967 1364 4070 declarationis,
1383 3996 1468 4050 non

302 4097 365 4173 est
395 4099 533 4172 tamen
564 4093 739 4201 simplex
768 4095 1006 4200 declaratio,
1039 4101 1112 4182 sed
1153 4101 1356 4183 decretum
1393 4104 1469 4184 sub

291 4223 444 4332 forma
465 4226 767 4331 declarationis;
791 4229 911 4339 idque
932 4233 1103 4316 eruitur:
1121 4281 1142 4296 ·
1162 4237 1200 4315 l⁰
1220 4262 1271 4316 ex
1292 4239 1470 4346 eoquod

302 4357 490 4442 Pontifex
522 4360 630 4444 dieat
659 4390 853 4471 expresse
885 4391 931 4446 se
963 4365 1177 4451 declarare
1207 4379 1466 4500 etstatuero,
