3136 5138
305 294 389 358 108.
590 277 883 360 rmnnucrrouns
905 309 999 362 ecura
1023 307 1192 360 eruemur

307 462 413 545 quae
433 437 570 520 cautio
591 437 699 518 sicut
719 463 943 544 congruam
965 434 1138 544 suscipit
1162 434 1471 544 explicationem

308 573 349 652 in
380 598 507 653 sensu
538 597 564 650 a
593 571 712 652 nobis
743 571 922 652 indicato
951 569 1102 651 decreti
1132 570 1212 650 sub
1243 569 1374 650 forma
1405 569 1473 649 de-

306 705 557 804 clarationis,
590 705 648 785 ita
677 704 893 786 difficulter
923 703 1157 812 exponitur,
1191 703 1226 784 si
1257 702 1349 810 quis
1372 701 1474 782 insi-

306 847 389 920 stat
416 838 458 919 in
479 865 605 919 sensu
626 838 825 946 simplicis
846 835 1147 919 declarationis,
1175 836 1290 930 Quae
1311 835 1346 916 si
1369 835 1472 916 ratio

306 972 454 1053 decreti
486 971 565 1052 sub
598 972 730 1053 forma
759 971 1048 1054 declarationis
1067 970 1331 1077 suscipiatur,
1355 968 1473 1050 facile

305 1105 457 1212 pariter
487 1104 743 1212 intelligitur,
777 1133 851 1188 cur
879 1131 974 1186 nem
1005 1105 1046 1186 in
1077 1129 1127 1184 ea
1155 1101 1357 1184 Decretali
1385 1100 1470 1208 pari

307 1238 429 1320 modo
459 1245 665 1320 statuatur
694 1246 733 1320 et
763 1240 812 1320 de
851 1238 1124 1320 matrimoniis
1164 1238 1216 1318 ab
1256 1234 1473 1318 haereticis

307 1371 412 1452 iuter
442 1397 486 1452 se
516 1370 643 1472 initis,
677 1379 717 1453 et
747 1373 796 1454 de
827 1370 1101 1453 matrimoniis
1122 1369 1276 1452 mixtis,
1298 1368 1342 1448 Si
1365 1366 1472 1449 enim

307 1505 568 1586 attendamus
598 1506 793 1606 rationes,
826 1513 990 1613 propter
1020 1529 1123 1611 quas
1155 1503 1264 1584 edita
1294 1509 1358 1582 est
1373 1501 1470 1580 haec

308 1638 547 1740 DecretaliS,
581 1665 653 1720 eae
683 1637 913 1720 militabant
943 1665 1026 1719 non
1057 1638 1197 1719 minus
1226 1663 1300 1744 pro
1331 1634 1472 1716 matri-

309 1771 460 1852 moniis
486 1755 787 1854 haeretieorum
818 1771 923 1853 inter
952 1797 1013 1874 se,
1055 1795 1180 1878 quam
1220 1795 1293 1877 pro
1333 1765 1475 1848 matri·

309 1903 460 1985 moniis
490 1905 642 2006 mixtiS,
675 1905 753 1986 nisi
775 1905 987 1988 admittere
1008 1904 1183 1987 velimus
1203 1903 1297 2011 plus
1327 1926 1473 2007 urgere

308 2063 382 2144 pro
413 2036 566 2118 mixtis.
601 2037 849 2120 Referebant
878 2037 987 2120 enim
1008 2037 1162 2117 Vicerii
1183 2034 1412 2143 Apostolici
1433 2033 1470 2110 in

310 2169 530 2252 Hollandia
560 2178 599 2252 et
627 2171 818 2279 Episcopi
835 2173 1057 2279 Belgarum
1077 2197 1122 2251 se
1144 2169 1324 2250 maxime
1345 2166 1470 2276 premi

310 2303 362 2382 ab
383 2302 599 2384 haereticis
619 2303 661 2384 in
683 2304 762 2385 illis
782 2305 961 2386 statibus
982 2304 1220 2386 Foederatis
1240 2303 1472 2410 gubernen-

310 2434 422 2516 tibus
442 2437 681 2543 praesertim
704 2438 812 2520 circa
832 2437 1094 2520 matrimonia
1109 2437 1251 2536 mixtu
1270 2461 1367 2518 cum
1384 2457 1472 2543 pro·
1563 2437 1564 2448 '

311 2567 496 2652 hiberent
515 2597 566 2652 ne
587 2572 686 2652 talia
705 2571 969 2654 matrimonia
983 2573 1127 2654 fierent
1142 2597 1281 2652 coram
1297 2565 1471 2677 parocho

312 2701 525 2804 catholico,
560 2712 632 2786 aut
652 2731 790 2786 coram
811 2731 859 2787 eo
880 2713 1175 2788 renovarentur
1194 2702 1361 2786 statutis
1383 2725 1471 2809 gra·

311 2835 494 2917 vissimis
523 2837 682 2944 poenis;
715 2841 823 2946 quod
852 2839 1004 2947 pariter
1033 2838 1304 2948 prohibebant
1325 2837 1368 2918 in
1389 2859 1472 2914 ma·

311 2970 514 3052 trimoniis
545 2971 857 3076 haereticorum,
891 2974 1055 3082 quando
1086 2999 1293 3082 unapars
1325 2971 1378 3050 ad
1408 2991 1474 3048 ca·
1561 3001 1562 3008 Ν

311 3101 462 3186 tholica
490 3130 610 3185 sacre
639 3113 953 3204 converteretur,
990 3115 1036 3188 ut
1065 3114 1127 3188 est
1147 3104 1256 3213 apud
1277 3103 1473 3184 Cardina-

311 3235 392 3318 lem
422 3238 545 3318 Petra
576 3237 651 3318 loe.
686 3240 754 3318 eit.
789 3266 898 3319 nune
934 3241 1005 3338 25,
1039 3247 1079 3320 et
1108 3264 1231 3320 casus
1261 3240 1311 3320 de
1331 3231 1471 3318 matri·
1560 3215 1561 3246 ‘

310 3370 460 3450 moniis
491 3371 634 3452 mixtis
665 3381 781 3454 erant
811 3372 1119 3480 frequentiores.
1144 3371 1208 3452 Ex
1230 3371 1358 3454 altera
1379 3391 1471 3448 vero

312 3510 442 3610 parte,
461 3530 556 3585 cum
573 3505 809 3588 inhabilitas
824 3533 907 3588 non
927 3513 1035 3587 esset
1050 3533 1103 3586 ex
1123 3505 1261 3614 eliqua
1281 3504 1472 3613 qualitate

313 3660 598 3744 personarum,
616 3645 663 3719 ut
682 3647 782 3747 puta
802 3665 852 3720 ex
874 3640 1016 3722 ordine
1032 3640 1187 3748 majore
1202 3647 1394 3748 suscepto
1411 3631 1471 3714 vel
1558 3699 1559 3724 t

314 3795 364 3849 ex
383 3767 493 3850 edita
511 3768 685 3850 solemni
706 3771 958 3879 professione
988 3772 1196 3881 religiosa,
1219 3773 1292 3854 sed
1313 3799 1365 3851 ex
1397 3768 1471 3848 for·

314 3928 384 3982 ma
403 3909 637 3984 contractus
657 3931 739 3986 non
761 3906 993 4007 observata,
1007 3907 1101 4014 jure
1121 3913 1280 4016 poterat
1296 3897 1469 3987 invocari
1557 3967 1558 3978 ,

313 4037 575 4146 principium,
599 4039 707 4147 quod
728 4037 862 4122 innuit
877 4039 1126 4122 Benedictus
1140 4039 1239 4120 XIV
1255 4039 1305 4121 dc
1319 4033 1467 4149 Synod.

314 4170 484 4253 dioeces.
520 4173 588 4254 lib.
624 4175 649 4251 6
681 4199 770 4284 cap.
806 4175 963 4255 tinum.
994 4175 1059 4275 12,
1088 4173 1233 4256 «Cum
1254 4173 1469 4281 conjugum

319 4303 460 4388 »alter
489 4313 706 4414 exemptus
734 4307 789 4387 sit
819 4332 845 4385 a
883 4305 1146 4388 Tridentinae
1185 4307 1339 4415 Sp'nodi
1370 4307 1469 4410 lege,
