3360 5126
341 399 408 468 298
644 413 915 460 ranunsomouus
937 413 1029 460 rurus
1051 411 1209 460 cenorum

332 548 391 654 ff.
432 543 488 624 ud
521 541 596 650 lep.
630 541 773 648 Aqait.
799 539 851 621 Et
881 538 984 620 ratio
1016 545 1092 636 est,
1128 535 1225 644 quia
1255 535 1431 616 infantes
1456 561 1536 616 se-

338 680 520 788 ptimum
553 701 708 758 annum
742 674 853 756 haud
883 672 1055 779 egressi,
1089 673 1142 752 ob
1179 669 1382 752 defectum
1410 669 1535 777 judi·
1642 683 1645 774 l

340 815 393 898 eii
425 839 510 896 non
542 821 868 920 praesumuntur
897 808 979 890 doli
1012 833 1197 916 capaces.
1233 805 1313 914 lpsi
1346 831 1530 914 compa·
1647 879 1650 892 Ἰ

337 943 487 1030 rantur
520 945 771 1045 amentibuS,
806 942 990 1041 furiosis,
1026 951 1066 1022 et
1095 941 1303 1022 similibus
1335 967 1416 1022 usu
1448 967 1530 1022 ra-

339 1079 462 1163 tionis
497 1078 720 1174 destitutis,
757 1077 928 1182 ideoque
954 1076 1078 1183 juxta
1106 1075 1217 1181 leges
1250 1101 1346 1156 mox
1377 1073 1533 1155 citatas

338 1219 480 1295 contra
520 1237 592 1292 eos
633 1209 899 1291 criminaliter
939 1210 991 1290 ad
1031 1234 1207 1317 poenam
1254 1207 1531 1313 infligendam

299 1333 500 1457 'procedi
532 1373 614 1426 non
646 1351 794 1453 potest.
830 1343 917 1424 Nec
947 1343 1070 1424 refert
1111 1344 1221 1451 quod
1253 1342 1293 1422 in
1324 1367 1425 1444 une,
1461 1342 1531 1422 vel

339 1467 467 1562 altero
499 1506 600 1561 casu
631 1479 793 1559 malitia
822 1477 1026 1586 suppleat,
1063 1503 1111 1557 ae
1141 1485 1376 1584 praevertat
1408 1483 1527 1557 aeta-

338 1619 435 1692 tem.
471 1613 513 1692 ld
546 1613 655 1692 enirn
688 1618 827 1718 utpote
858 1637 951 1691 raro
984 1610 1225 1716 contingens
1257 1634 1341 1689 non
1373 1615 1436 1688 est
1471 1609 1527 1688 ad

339 1744 676 1851 consequentiam
709 1743 1043 1852 pertrahendum.

398 1876 506 1970 Quid
538 1884 678 1957 autern
710 1877 929 1956 dicendum
962 1878 1012 1957 de
1033 1876 1175 1984 pueris
1207 1875 1344 1983 quoad
1376 1873 1529 1955 delicta

341 2009 594 2110 omissionis,
615 2019 655 2090 et
671 2009 1003 2092 commissionis?
1021 2009 1145 2090 Pueri
1164 2009 1216 2089 ob
1233 2009 1381 2090 delicta
1395 2008 1530 2088 omis-

288 2176 290 2184 ·
340 2144 469 2225 sionis
500 2171 594 2226 raro
626 2145 678 2226 ad
701 2171 876 2253 poenam
906 2153 1098 2225 tenentur
1135 2144 1210 2252 lep.
1248 2148 1294 2227 2.
1339 2141 1442 2223 Cocl.
1466 2143 1529 2226 ‚Si

339 2279 501 2360 advers.
523 2278 680 2380 detta,
705 2279 804 2386 quia
824 2279 1102 2387 imprudentia
1119 2277 1273 2385 potius
1293 2303 1418 2385 quam
1435 2303 1528 2358 ma-

339 2411 429 2494 litia
458 2420 596 2493 actum
627 2414 810 2494 debitum
844 2411 1038 2493 omisisse
1070 2421 1418 2518 praesumuntur3
1444 2411 1527 2492 nisi

339 2547 535 2656 probetur
550 2547 695 2628 dolum
720 2549 761 2626 in
783 2545 1008 2626 omissione
1025 2545 1313 2627 intervenisse.
1331 2547 1426 2653 Lep.
1442 2546 1523 2628 14.

331 2685 391 2790 ff.
427 2682 476 2762 cle
507 2679 793 2787 Set.⁰Spllun.
888 2681 892 2690 ’

398 2812 547 2902 Quoad
566 2837 662 2891 vero
680 2810 828 2891 delicta
848 2813 1156 2894 commissionis
1174 2843 1214 2895 v.
1234 2841 1276 2920 g.
1298 2813 1423 2914 furta,
1441 2811 1526 2894 ho-

340 2942 523 3043 micidia,
544 2952 583 3024 et
600 2943 755 3026 similia
781 2945 918 3052 puniri
937 2955 1128 3053 possunt,
1162 2956 1202 3028 et
1226 2947 1376 3029 debent
1392 2974 1529 3055 poena

340 3083 478 3158 tamen
509 3078 679 3178 mitiori,
707 3087 862 3160 attenta
882 3107 964 3161 non
988 3088 1073 3163 tarn
1104 3091 1251 3182 aetate,
1277 3108 1403 3188 quam
1424 3109 1530 3190 qua·

341 3210 455 3291 litate
485 3211 582 3314 doli,
617 3220 658 3294 et
690 3213 862 3294 malitia.
898 3215 957 3294 lta
995 3216 1100 3324 Cup.
1138 3221 1180 3315 1,
1215 3216 1256 3297 h.
1292 3232 1319 3298 t.
1356 3217 1432 3324 lep.
1468 3217 1527 3298 14

330 3345 391 3453 ff.
428 3345 477 3426 dc
506 3347 591 3429 Set.
625 3347 802 3457 Syllae:
825 3375 922 3428 nam
943 3350 1078 3456 pueri,
1103 3359 1307 3456 quatenus
1338 3356 1437 3431 sunt
1457 3375 1530 3430 ca-

340 3503 463 3582 paces
485 3479 584 3578 doli,
614 3482 796 3561 subsunt
818 3507 993 3587 poenae,
1017 3491 1222 3588 quatenus
1244 3509 1340 3563 vero
1361 3482 1531 3589 petiun-

339 3620 407 3692 tur
422 3611 630 3694 defectum
642 3613 803 3720 judicii,
823 3625 1034 3696 merentur
1054 3616 1338 3698 remissionem
1355 3615 1528 3724 majoris

339 3767 511 3848 poenae,
546 3771 623 3827 ceu
656 3747 777 3828 tradit
799 3749 947 3854 regula
963 3749 1071 3855 juris
1098 3751 1177 3830 108
1203 3751 1248 3830 ff.
1275 3749 1345 3830 ubi
1377 3751 1532 3858 legitur

338 3921 397 3937 —
417 3878 524 3959 Fcre
556 3881 805 3962 inomachus
831 3883 1076 3992 poenalibus
1094 3882 1287 3988 judiciis,
1322 3892 1360 3964 et
1380 3889 1526 3985 aetati,

340 4018 378 4092 et
410 4011 712 4122 imprudentiae
740 4017 990 4098 succuritur.

397 4146 664 4229 Minorennes
696 4175 792 4230 vero
817 4153 872 4232 25
897 4177 1032 4230 annos
1054 4150 1165 4232 haud
1187 4151 1343 4260 egressi
1375 4152 1427 4234 ob
1449 4151 1528 4234 de·
1657 4169 1658 4232 t

338 4275 434 4362 licta
463 4283 771 4364 commissionis
793 4283 934 4392 puniri
958 4293 1133 4392 possunt
1158 4313 1290 4394 poena
1319 4285 1533 4368 ordinaria

340 4410 415 4521 lep.
452 4418 496 4494 9.
533 4419 558 4516 ἓ
589 4421 636 4500 2.
670 4418 747 4526 lep.
790 4423 869 4501 37.
897 4423 938 4522 ἓ.
968 4425 1010 4501 1.
1045 4419 1095 4500 de
1123 4421 1231 4503 Min.
1266 4419 1533 4528 Regulariter
