3380 5132
338 347 404 412 324
627 357 920 408 rnennnorrouns
943 355 1035 405 JURts
1058 353 1227 406 ouuourcr

345 488 423 568 loci
454 485 708 586 distantiam,
743 463 1020 565 difficultatem
1052 509 1101 564 ac
1130 484 1507 592 praesumptionem

344 647 442 702 curn
462 610 650 701 constare
672 617 817 699 debeat
836 617 886 696 de
901 592 1110 696 uoluntate
1131 615 1314 723 ipsarum
1332 645 1505 699 uxorum

346 752 588 834 infidelium.
613 783 632 828 ›
650 751 751 830 -Ex
774 775 854 857 quo
871 751 915 830 S.
936 748 1273 856 Congregationis
1293 747 1507 859 Rescripto

273 933 279 940 -
344 885 558 992 sequentia
588 891 789 964 eruuntur
817 879 1081 962 consectaria:
1106 927 1126 941 -
1157 881 1217 988 (a)
1248 881 1354 964 hano
1384 883 1508 963 inter-

343 1017 604 1127 pellationem
645 1005 797 1125 requiri
839 1015 888 1095 ad
921 1015 1056 1094 eutice
1091 1013 1412 1098 contrahendum
1448 1017 1508 1096 al·

343 1161 476 1240 terum
509 1152 763 1262 conjugium,
785 1175 880 1230 non
910 1174 1007 1227 vero
1047 1155 1206 1228 tantum
1240 1149 1292 1230 ἃᾶ
1322 1149 1506 1256 ejusdem

343 1288 576 1386 liceitatem,
611 1285 719 1393 quod
750 1283 1017 1365 confirmatur
1046 1309 1095 1364 ex
1125 1282 1205 1363 alio
1234 1309 1430 1391 responso
1458 1285 1502 1365 S.

344 1419 683 1530 Congregationis
715 1419 764 1498 de
795 1418 1068 1526 Propaganda
1098 1417 1197 1498 Fide
1227 1445 1300 1525 pro
1321 1418 1508 1499 Vicaria-

344 1566 390 1638 tu
417 1553 655 1665 Apostolico
685 1552 890 1633 Tunchini
922 1551 1196 1634 Occidentalis
1217 1551 1300 1631 diei
1332 1555 1357 1632 5
1386 1555 1508 1634 Mar-

344 1692 394 1770 to·
429 1691 555 1788 18163
588 1733 608 1746 -
639 1685 701 1792 (b)
734 1712 815 1765 non
845 1710 966 1791 posse
997 1683 1048 1764 ab
1079 1683 1156 1764 hac
1187 1682 1506 1792 interpellatione

344 1822 523 1928 aliquem
540 1819 679 1918 eximi,
699 1818 872 1924 eoquod
892 1816 993 1897 satis
1013 1823 1219 1896 constaret
1239 1816 1289 1896 de
1305 1818 1507 1898 contrario

343 1954 519 2036 infidelis
551 1953 705 2053 animo,
731 1962 830 2058 puta
860 1951 957 2058 quia
987 1946 1151 2057 conjugi
1182 1950 1233 2031 ad
1254 1951 1507 2058 baptismum

343 2087 528 2198 pergenti
560 2081 669 2167 dedit
690 2085 873 2166 libellum
901 2085 1073 2192 repudii,
1098 2085 1282 2192 aliasque
1302 2084 1346 2163 in
1367 2086 1507 2166 odium

344 2223 438 2303 fidei
471 2221 636 2330 nuptias
676 2221 807 2320 inivit,
842 2227 888 2300 ut
918 2221 1012 2300 cum
1043 2219 1252 2300 communi
1284 2217 1506 2300 Doctorum
1656 2221 1657 2292 ]

343 2356 476 2436 tenuit
505 2354 752 2435 Benedictus
772 2353 873 2432 XlV
901 2360 1000 2432 tunc
1028 2353 1223 2459 temporis
1255 2352 1508 2433 Secretarius
1656 2403 1657 2484 ἰ

344 2487 389 2568 S.
425 2485 765 2593 Congregationis
806 2484 975 2565 Concilii
1017 2485 1058 2564 in
1094 2487 1229 2565 Causa
1265 2485 1506 2565 Florentino
1656 2493 1657 2516 ¹

345 2619 412 2700 die
447 2622 497 2699 17
528 2621 732 2702 Jonuorii
766 2619 890 2719 17223
914 2664 934 2678 -
955 2619 1013 2726 (o)
1044 2617 1120 2698 has
1151 2643 1248 2698 vero
1279 2617 1510 2725 interpella-

344 2753 476 2832 tiones
516 2752 603 2832 fieri
645 2753 791 2832 debere
831 2751 965 2858 quoad
1005 2777 1075 2831 eos
1115 2751 1185 2860 qui
1216 2759 1509 2832 convertuntur

344 2911 371 2964 a
400 2894 513 2968 secta
542 2885 799 2993 permittente
839 2885 1116 2994 polygamiam
1156 2885 1313 2992 primae
1348 2893 1508 2966 tantum

346 3019 483 3120 uxori,
517 3045 622 3126 quae
654 3019 707 3100 sit
737 3046 834 3100 vera
864 3045 985 3119 uxor,
1020 3045 1101 3100 non
1127 3043 1223 3100 vero
1254 3019 1509 3125 subsequen·

343 3152 455 3231 tibus
486 3153 706 3254 uxoribus,
735 3179 840 3260 quae
871 3161 963 3259 post
994 3151 1188 3232 abolitam
1211 3177 1235 3230 a
1255 3151 1416 3232 Christo
1437 3177 1510 3258 po-

343 3286 548 3394 lygamiae
581 3288 892 3395 permissionem
923 3313 1054 3394 neque
1084 3296 1182 3368 sunt
1204 3311 1327 3366 uerae
1357 3311 1509 3365 uxores

344 3421 479 3526 quoad
521 3421 718 3501 infideles,
763 3419 960 3501 Consulto
1000 3428 1137 3502 tamen
1178 3419 1384 3501 diximus:
1434 3420 1507 3500 ‹si

344 3553 478 3659 prima
493 3555 545 3634 sit
557 3581 654 3633 vera
670 3579 821 3652 uxor»,
840 3580 1017 3662 namque
1033 3555 1122 3662 ejus
1138 3554 1331 3662 conjugio
1347 3553 1510 3634 obstare
1654 3571 1655 3642 J

345 3693 479 3792 potest¹
498 3687 563 3782 vel
588 3687 659 3794 jus
680 3687 880 3787 naturale,
904 3689 968 3770 vel
990 3689 1058 3796 jus
1078 3689 1302 3798 positivum
1323 3687 1508 3768 divinum
1654 3731 1655 3810 ξ

345 3827 446 3928 puta
475 3820 511 3898 si
542 3820 595 3900 sit
624 3821 760 3901 mariti
792 3849 922 3923 soror,
946 3824 1009 3903 vel
1040 3825 1075 3904 si
1107 3823 1229 3904 luerit
1259 3822 1309 3903 ab
1341 3821 1420 3903 alio
1445 3847 1510 3902 re·
1654 3835 1655 3852 ¹

344 3953 528 4062 pudiata,
559 3961 598 4033 et
622 3961 720 4034 tunc
739 3956 921 4036 secunda
941 3957 1017 4038 erit
1032 3983 1130 4038 vera
1150 3983 1266 4038 uxor.
1295 3999 1315 4016 -
1342 3955 1403 4064 (d)
1420 3955 1509 4034 Has

346 4086 693 4194 interpellationes
724 4088 870 4169 debere
899 4117 990 4170 esse
1021 4092 1139 4193 duas,
1169 4091 1317 4199 prima,
1350 4089 1385 4169 si
1417 4087 1508 4170 infi-

344 4219 447 4300 delis
470 4221 564 4302 velit
594 4221 645 4302 ad
666 4220 788 4302 fidem
819 4225 1015 4326 converti,
1040 4223 1169 4306 altera
1188 4223 1223 4304 si
1245 4221 1388 4304 saltem
1411 4221 1508 4302 velit

343 4352 580 4437 cohabitare
621 4355 776 4462 absque
816 4359 1062 4440 contumelia
1092 4355 1310 4439 Creatoris
1345 4355 1506 4437 Etenim
1653 4469 1654 4472 p
