3360 5126
331 355 398 420 224
637 361 904 420 rmmrcmo'xus
928 369 1020 416 runis
1043 366 1202 414 cxxomor

420 500 655 606 Antequam
687 523 783 578 vcro
815 497 865 578 ad
897 493 1159 604 quaestiones
1182 493 1420 574 enodandas
1443 494 1530 574 de-

333 633 599 730 soendamuS,
633 656 738 738 quae
770 656 795 710 a
820 627 982 736 juristis
1013 627 1092 707 sub
1124 625 1202 706 hoo
1222 623 1341 706 titulo
1363 649 1530 732 propo·

332 776 503 866 nuntur,
537 790 688 871 operae
718 763 895 871 pretium
928 760 1121 842 ducimus
1142 759 1378 867 explanare,
1410 760 1525 867 quid
1643 721 1650 842 l

332 901 386 980 sit
415 925 636 1006 exponere,
672 897 770 1007 quid
802 897 939 978 veniat
971 895 1050 976 suh
1083 894 1249 975 nomine
1287 891 1522 975 infantium

332 1042 372 1114 et
401 1033 710 1140 languidorum,
744 1031 864 1140 quale
896 1038 1128 1142 peccatum,
1162 1035 1202 1108 ot
1231 1053 1336 1136 quas
1358 1053 1524 1135 poenas

333 1193 475 1247 secum
509 1165 609 1247 ferat
645 1164 882 1273 hujusmodi
926 1164 1144 1272 expositio,
1180 1171 1226 1244 ut
1257 1163 1314 1243 ita
1351 1161 1523 1244 facilius

335 1327 483 1380 sensus
513 1299 641 1408 hujus
672 1299 863 1381 rubricae
894 1299 1160 1403 intelligatur.

421 1434 638 1541 Exponere
671 1434 711 1512 in
744 1459 891 1540 genere
921 1432 1030 1513 idern
1063 1437 1125 1511 est
1146 1457 1193 1511 ao
1214 1431 1415 1528 deserere,
1437 1455 1518 1510 seu

335 1567 630 1674 derelinquere,
657 1567 698 1646 in
730 1566 866 1674 specie
898 1573 1051 1665 autem,
1086 1591 1160 1645 seu
1183 1563 1233 1644 ad
1255 1557 1516 1672 propositum

337 1706 523 1780 nostrum
556 1725 759 1806 exponere
791 1707 852 1780 est
882 1700 1069 1780 deserere
1101 1697 1235 1796 illum,
1261 1697 1382 1805 cujus
1411 1721 1518 1777 cura

338 1832 478 1912 baberi
520 1833 700 1932 deberet,
735 1831 798 1911 vel
839 1831 892 1911 ob
923 1839 1115 1932 aetatem,
1150 1831 1212 1910 vel
1244 1831 1296 1910 ob
1334 1829 1518 1936 aegritu-

341 1965 478 2046 dinem
501 1966 756 2047 diuturnam.
780 1964 995 2072 Expositio
1017 1974 1154 2046 autem
1177 1964 1343 2072 propria
1366 1973 1427 2042 est
1448 1963 1518 2042 in·

339 2097 528 2180 fantium.

425 2234 602 2314 istorum
633 2233 797 2314 nomine
828 2231 1000 2314 veniunt
1021 2231 1083 2313 vel
1106 2231 1222 2311 liberi
1247 2257 1389 2313 recens
1410 2229 1514 2329 uati,

340 2367 402 2446 vel
433 2367 549 2447 liberi
581 2367 809 2474 septemnio
845 2367 1042 2448 minores.
1077 2365 1387 2475 Lonpuidorum
1418 2389 1516 2443 vero

339 2497 504 2581 nornine
534 2502 703 2582 veniunt
734 2501 807 2602 illi,
832 2501 901 2609 qui
933 2502 1063 2608 gravi,
1091 2527 1139 2584 ac
1160 2501 1370 2602 diuturna,
1398 2525 1517 2608 prac-

339 2633 480 2714 sertim
512 2660 608 2716 vero
639 2641 853 2743 perpetua,
887 2641 927 2715 et
958 2634 1173 2716 incurabili
1198 2636 1433 2717 detinentur
1454 2636 1517 2713 in-

340 2767 545 2867 firmitate,
580 2793 652 2874 per
687 2793 812 2876 quam
855 2769 905 2848 ad
947 2769 1125 2870 labores,
1159 2777 1200 2850 et
1229 2794 1517 2877 quaecumque

342 2898 525 3002 negotia,
550 2907 622 2980 aut
643 2902 919 3009 resgerendas
941 2901 1144 2983 inhabiles
1160 2902 1355 3003 existunt,
1375 2903 1518 3010 cujus·

276 3145 278 3150 ¹
345 3057 523 3140 cumque
554 3035 699 3117 aetatis
731 3035 808 3142 ipsi
832 3035 996 3116 fuerint.
1021 3036 1210 3116 Barbosa
1232 3037 1274 3116 in
1297 3035 1386 3117 rub.
1413 3035 1455 3116 h.
1480 3045 1510 3118 t.

341 3194 383 3247 n.
418 3170 463 3258 2,
499 3167 684 3274 Piringh.
721 3197 761 3250 n.
798 3172 842 3260 3,
877 3167 1161 3249 Reiffenstuel.
1198 3199 1237 3250 n.
1274 3174 1351 3252 27.

429 3299 679 3407 Hujusmodi
711 3301 928 3383 infantium
967 3305 1169 3410 expositio
1202 3304 1241 3384 in
1275 3331 1422 3410 genere
1454 3313 1518 3385 est

343 3443 556 3540 peccatum
570 3435 880 3542 gravissimum,
897 3461 976 3514 non
990 3444 1150 3516 tanturn
1163 3436 1197 3516 si
1211 3437 1341 3517 fiateo
1355 3436 1510 3534 animo,

342 3573 388 3646 ut
419 3567 553 3646 infans
587 3575 739 3673 pereat,
773 3569 845 3648 sed
877 3567 1000 3648 ctiam
1033 3569 1067 3648 si
1100 3569 1185 3668 liat,
1211 3577 1256 3649 ut
1277 3571 1412 3677 proles
1434 3569 1520 3650 ista

341 3699 393 3774 ab
417 3699 508 3776 aliis
530 3697 692 3798 alenda,
728 3707 850 3806 atque
882 3702 1096 3782 educanda
1117 3715 1369 3801 assumatur,
1394 3704 1519 3781 dnm-

342 3830 464 3909 modo
496 3830 829 3913 circumstantiae
861 3859 941 3914 non
973 3843 1208 3943 suppetant,
1244 3861 1347 3944 quae
1377 3835 1516 3942 ipsam

341 3963 623 4047 cohonestant.

427 4099 565 4206 Hujus
606 4099 791 4181 oriminis
832 4127 966 4208 poena
1001 4101 1153 4210 duplex
1186 4103 1274 4211 lege
1305 4103 1516 4204 indicitur,

341 4233 570 4312 criminatis
601 4242 641 4313 et
671 4235 817 4316 ciuilis.
854 4235 974 4316 Prior
1005 4237 1126 4318 modo
1157 4239 1358 4346 asperior,
1394 4239 1520 4320 modo

340 4364 471 4444 lenior
491 4375 567 4468 est,
591 4377 715 4474 prout
744 4369 806 4450 vcl
840 4370 1035 4472 atrociuS,
1060 4372 1123 4452 vel
1146 4373 1426 4454 miserabilius
1443 4399 1522 4481 pa·
