3264 5146
278 415 319 478 2l
565 427 858 498 rnpnnncrronns
881 429 974 479 nnus
998 427 1166 478 conemur

290 557 431 637 »lorte
460 556 583 637 homo
614 557 689 637 iste
720 557 894 664 probare
925 582 1008 636 non
1037 557 1177 636 valens
1208 553 1250 632 in
1271 553 1358 634 soro
1379 581 1449 634 ex-

290 723 308 804 t
330 697 443 770 terno
465 690 671 771 carnalem
692 691 881 798 copulam
904 691 956 770 ab
977 715 1022 770 se
1042 687 1225 768 habitam
1248 715 1342 769 cum
1364 689 1448 795 pri-

291 850 398 904 »ma
429 823 498 904 illa
538 824 723 924 muliere,
758 831 927 929 cogetur
965 821 1060 902 hinc
1090 848 1163 929 per
1201 820 1449 902 ecclesiasti-

290 982 420 1036 »cam
451 963 694 1064 potestatem
725 983 820 1036 cum
852 955 981 1036 altera
1010 954 1179 1034 muliere
1216 979 1441 1052 remanere,

291 1115 412 1196 »qua
441 1117 535 1170 cum
567 1090 729 1198 publice
750 1087 1059 1168 matrimonium
1081 1087 1299 1186 contraxit,
1324 1086 1446 1166 debe-

292 1231 391 1303 »rct
411 1203 456 1303 is
487 1249 663 1331 poenam
693 1223 931 1331 quamlibet,
966 1222 1180 1330 ipsamque
1205 1247 1447 1301 excommu-

291 1356 575 1438 »nicationcm
621 1357 829 1439 humiliter
874 1356 1011 1464 potius
1056 1355 1274 1454 sustinere,
1322 1381 1445 1462 quam

291 1517 423 1570 »cum
455 1490 582 1571 altera
621 1490 699 1570 hac
737 1490 910 1571 muliere
950 1489 1113 1569 carnale
1153 1488 1446 1569 commercium

291 1649 518 1704 »exercere
548 1650 629 1704 non
660 1624 748 1705 sine
779 1623 916 1704 lethali
953 1622 1089 1728 culpa,
1134 1649 1189 1702 err
1220 1623 1352 1731 capito
1387 1623 1440 1699 44

289 1755 377 1834 »dc
404 1759 601 1836 sententia
632 1757 1119 1838 caecommunicationis.»

399 1889 460 1969 9.⁰
489 1889 549 1970 De
579 1889 839 1971 matrimonio
860 1889 1082 1970 christiano
1103 1896 1301 1970 tractatus
1321 1914 1439 1996 prae-

284 2049 381 2102 sens
401 2024 620 2131 praecipue
641 2024 765 2104 verba
787 2023 896 2124 lacit,
921 2023 995 2104 etsi
1018 2023 1068 2103 de
1089 2021 1271 2128 legitimo
1296 2047 1369 2100 seu
1392 2020 1441 2100 de

286 2161 494 2238 contracto
526 2157 786 2237 matrimonio
817 2156 859 2236 in
890 2155 1125 2237 infidelitate
1155 2155 1353 2236 nonnulla
1382 2131 1445 2234 in-

285 2295 551 2370 terserantur.
587 2289 776 2370 Christus
805 2291 1009 2370 Dominus
1050 2288 1360 2370 matrimonium
1401 2287 1441 2367 in

287 2445 394 2499 nova
413 2421 502 2528 lege
523 2422 670 2503 extulit
690 2424 742 2504 ad
763 2423 1004 2529 dignitatem
1029 2421 1300 2523 sacramenti3
1324 2428 1444 2529 atque

286 2551 387 2634 haec
416 2555 567 2638 veritas
597 2557 746 2637 deiide
782 2555 983 2637 catholica
1012 2563 1075 2635 est
1104 2563 1197 2662 post
1217 2555 1445 2636 Concilium

288 2685 574 2768 Tridentinum
603 2717 698 2771 sess
734 2693 790 2773 24
821 2718 913 2770 can.
943 2693 960 2768 l
987 2689 1036 2769 dc
1054 2677 1236 2769 sacranti
1257 2691 1438 2770 matrim.

286 2819 490 2911 Quoniam
522 2849 618 2902 vero
650 2851 699 2904 ex
733 2824 918 2931 ejusdem
955 2821 1106 2902 Christi
1143 2824 1336 2904 mandato
1376 2849 1444 2902 sa-

285 2963 588 3036 cramentorum
619 2957 919 3040 administratio
950 2959 1153 3040 ecclcsiae
1190 2957 1362 3063 pertinet
1393 2956 1444 3036 ad

285 3085 511 3167 Ecclesiam
527 3089 647 3195 juxta
677 3089 777 3171 illud
798 3090 986 3198 Apostoli
1018 3093 1100 3201 Ep.
1130 3093 1147 3168 l
1173 3090 1229 3170 ud
1253 3089 1440 3170 Corinth.

285 3247 375 3330 cop.
410 3223 478 3304 IV
503 3252 539 3304 o.
579 3227 595 3303 l
637 3258 654 3298 «
689 3223 749 3306 sic
780 3251 855 3305 nos
885 3224 1091 3306 existimet
1115 3223 1238 3304 homo
1260 3233 1305 3304 ut
1325 3224 1446 3304 mini-

285 3363 392 3434 stros
423 3353 573 3436 Christi
604 3365 644 3438 et
673 3357 976 3466 dispensatores
1012 3357 1305 3464 Mysteriorum
1326 3356 1440 3436 Dei»

284 3482 380 3566 hinc
409 3489 720 3570 matrimonium
749 3489 1019 3572 christianum
1049 3491 1205 3597 regitur
1234 3492 1285 3570 ab
1307 3489 1446 3570 Eccle-

286 3617 357 3696 sia
379 3620 595 3702 ecclcsiae.
639 3623 691 3704 Et
731 3624 1060 3732 quandoquidem
1103 3624 1143 3704 in
1185 3621 1445 3706 matrimonio

284 3750 507 3836 christiano
531 3755 578 3836 id
608 3758 715 3863 quod
738 3767 800 3838 est
819 3765 1053 3840 contractus
1074 3766 1136 3839 est
1161 3759 1285 3840 etiam
1306 3783 1445 3838 sacra-

286 3895 496 3989 mentum;
530 3889 624 3970 hinc
653 3890 838 3972 Ecclesia
867 3899 944 3990 est,
979 3916 1083 3998 quae
1123 3891 1327 3971 ecclcsiae
1356 3890 1446 3998 ejus

285 4018 538 4102 honestatem
560 4031 599 4104 et
620 4022 816 4104 honorem
847 4033 986 4107 tuetur
1015 4024 1192 4130 legibuS,
1216 4031 1256 4104 et
1286 4024 1335 4104 dc
1356 4023 1444 4130 ejus

285 4153 496 4237 honestate
527 4158 748 4240 ethonore
773 4159 931 4266 judicat
966 4159 1008 4237 in
1039 4157 1204 4238 casibus
1225 4156 1447 4265 particula*

285 4286 416 4370 ribus
443 4289 574 4396 Leges
596 4289 698 4372 istae
719 4291 858 4372 habito
879 4299 1068 4398 respectu
1089 4289 1141 4370 ad
1163 4288 1339 4370 indolem
1357 4315 1443 4370 ma·

286 4421 482 4522 trimonii‚
516 4423 584 4530 qui
618 4451 697 4504 non
729 4423 878 4504 desinit
907 4450 997 4504 esse
1034 4430 1281 4520 contractus
1317 4420 1442 4528 respi-
