3264 5146
756 1868 993 1950 TITULUS
1022 1868 1069 1949 ll.

555 2137 619 2218 De
648 2136 969 2246 Desponsatione
997 2135 1267 2246 Impuberum.

453 2539 510 2618 l.⁰
541 2536 656 2630 Quae
697 2536 817 2618 unice
858 2534 1097 2645 principalis
1136 2537 1380 2646 proponitur
1416 2536 1499 2622 hoo

332 2671 451 2752 titulo
481 2669 668 2778 quaestio
698 2677 774 2752 est:
808 2695 1013 2780 quaenam
1042 2668 1097 2751 sit
1117 2677 1231 2752 aetas
1254 2678 1351 2778 apta
1370 2697 1501 2779 spon-

333 2803 506 2905 salibuS,
540 2812 613 2885 aut
641 2803 903 2885 matrimonio
939 2803 1222 2886 conciliando?
1263 2805 1365 2886 Post
1403 2829 1501 2888 eam

333 2962 429 3019 vero
459 2937 629 3019 veniunt
648 2937 921 3046 dependentes
940 2937 1045 3019 aliae
1065 2937 1341 3046 quaestiones
1366 2937 1501 3022 Porro

333 3071 442 3180 quod
472 3070 638 3180 respicit
667 3070 888 3179 sponsalia,
924 3072 1217 3154 attendendum
1247 3079 1310 3154 est
1338 3099 1390 3154 ex
1401 3073 1501 3180 jure

334 3204 611 3288 eeclesiastico
640 3203 849 3314 sponsalia
876 3229 960 3285 non
999 3203 1236 3305 eonsistere‚
1279 3203 1360 3284 nisi
1395 3203 1501 3287 fiant

335 3347 408 3421 aut
436 3339 581 3421 saltem
611 3346 702 3420 rata
729 3337 960 3420 habeantur
981 3337 1203 3445 asponsis,
1229 3347 1371 3421 eontra
1384 3339 1498 3447 quod

330 3472 423 3579 jura
453 3499 624 3554 romano
653 3479 856 3555 statutum
886 3477 987 3572 erat,
1020 3479 1067 3552 ut
1094 3471 1202 3553 filiae
1217 3497 1431 3580 sponsum,
1451 3483 1496 3554 et

332 3605 417 3685 filio
447 3632 642 3713 sponsam
672 3613 788 3713 pater
816 3632 869 3706 eir
897 3630 976 3686 sua
1000 3604 1241 3686 auctoritate
1271 3605 1393 3686 unice
1421 3603 1499 3685 eli-

335 3745 460 3846 geret.
494 3737 571 3819 Jus
610 3737 797 3847 equidem
838 3735 1162 3819 aeclesiasticum
1202 3736 1245 3817 in
1272 3735 1352 3818 hoe
1380 3761 1498 3818 reeo-

334 3869 474 3978 gnovit
502 3869 783 3953 omnimodam
812 3869 1042 3954 libertatern
1077 3868 1257 3950 filiorum
1297 3868 1495 3970 familias,

332 4016 551 4113 actumque
582 4003 794 4114 proprium
824 4002 961 4111 exegit
990 4001 1032 4084 in
1061 4001 1325 4111 sponsalibus
1355 4003 1496 4084 conei-

333 4137 483 4218 liandis
513 4137 658 4220 saltem
687 4135 978 4219 taciturnitatis
1007 4133 1172 4216 illorum
1211 4135 1493 4242 praesentium

282 4329 285 4336 .
332 4278 447 4378 patre
476 4271 750 4379 promittente,
783 4277 830 4353 ut
858 4269 1036 4378 explieat
1075 4267 1229 4351 Giraldi
1269 4270 1496 4379 Emporitio

320 4405 614 4518 jurisperitis.
641 4415 758 4518 part.
798 4409 815 4486 l
849 4412 961 4486 sert..
979 4404 1078 4484 666.
1111 4403 1175 4484 Ex
1206 4428 1287 4512 quo
1307 4403 1498 4512 sequitur
