3264 5146
276 319 322 384 tt
566 327 858 381 emmucuonas
879 327 972 379 rums
995 325 1163 379 canonici

287 469 327 542 et
356 457 571 566 regalistas
601 464 739 564 aperte
769 454 944 536 asseruit
978 454 1081 535 Pius
1112 453 1168 536 Vl
1203 454 1246 535 in
1285 453 1450 535 Consti·

287 602 362 676 tct.
391 594 648 674 ‹Auctorem
662 589 810 696 fideii»
836 589 880 670 in
895 587 1161 672 condemnata
1169 590 1450 702 propositione

290 732 344 809 59
375 735 411 807 et
443 728 497 806 60
528 724 578 806 de
607 725 789 804 matrim.
823 723 890 803 Ex
919 749 1096 832 quarum
1121 721 1449 832 propositionum

289 862 578 943 damnatarum
608 883 735 936 sensu
765 854 1030 937 manifestum
1067 855 1221 937 lactum
1260 864 1337 964 est,
1369 855 1449 936 sub

290 993 454 1074 nomine
485 988 857 1073 ecclesiasticarum
886 1015 1156 1096 personarum
1191 991 1234 1070 in
1274 989 1353 1070 illis
1382 1015 1452 1071 ca-

292 1125 469 1207 nonibus
501 1149 583 1204 non
604 1121 742 1202 venire
762 1120 999 1203 societatem
1029 1121 1348 1204 eeclesiasticam
1370 1122 1451 1202 lato

290 1284 416 1338 sensu
447 1265 672 1362 sumptam,
705 1253 886 1334 maxime
918 1280 1015 1334 vero
1041 1255 1243 1363 principes
1264 1253 1454 1335 christia·

292 1417 382 1491 noa,
417 1396 463 1469 ut
492 1388 793 1469 contendebant
818 1385 1086 1493 jansenistae,
1119 1389 1191 1490 sed
1229 1387 1453 1469 hierarchi-

287 1529 384 1605 cam
414 1529 656 1631 potestatem
687 1521 896 1602 ecclesiae.
931 1521 1047 1614 Quae
1077 1523 1222 1604 deinde
1252 1522 1358 1603 hanc
1377 1523 1455 1603 du-

294 1658 441 1768 plicem
471 1660 713 1766 potestatem
748 1655 872 1737 habet
912 1655 1036 1736 etiam
1076 1657 1280 1738 eeclesiae
1318 1657 1452 1765 quoad

293 1789 432 1872 civilia
461 1789 664 1897 gubernio
692 1815 767 1868 seu
799 1787 1002 1895 principes
1032 1788 1173 1890 laicoS,
1207 1797 1253 1870 ut
1283 1814 1335 1868 ex
1354 1788 1457 1870 cita·

296 1925 349 2006 tis
379 1923 609 2004 canonibus
639 1949 721 2003 non
751 1921 976 2028 incongrue
1006 1921 1178 2004 eruitur.
1214 1921 1325 2004 Dum
1345 1923 1454 2004 enim

297 2057 467 2138 Concilii
498 2054 726 2137 Tridentini
762 2054 1018 2163 propositum
1056 2063 1165 2136 esset
1204 2055 1456 2162 proscribere

298 2215 477 2271 errorem
507 2187 693 2287 Lutheri,
727 2187 798 2294 qui
827 2193 1070 2296 potestatem
1100 2187 1143 2268 in
1163 2188 1361 2295 ponendis
1382 2187 1460 2268 im-

299 2317 543 2428 pedimentis
573 2318 814 2427 praesertim
845 2317 1132 2401 dirimentibus
1153 2327 1192 2402 et
1212 2319 1351 2402 causis
1371 2345 1461 2400 ma·

298 2451 602 2534 trimonialibus
622 2451 821 2550 videndis,
848 2477 972 2558 quam
993 2451 1200 2533 Ecclesiae
1216 2452 1458 2560 denegabat,

225 2649 228 2653 -
301 2585 586 2668 saecularibus
615 2583 869 2693 principibus
899 2585 1117 2684 tribuebat,
1145 2586 1309 2694 quando
1331 2585 1463 2666 deter-

303 2721 456 2802 minate
486 2719 668 2800 definivit
708 2725 950 2826 potestatem
991 2718 1103 2798 illam
1134 2719 1343 2800 Ecclesiae
1373 2745 1464 2799 esse

301 2856 526 2968 propriam,
559 2880 609 2935 eo
639 2853 728 2961 ipso
770 2851 1023 2960 principibus
1062 2853 1346 2934 saecularibus
1382 2879 1464 2934 non

302 2995 533 3099 competere
559 2983 773 3094 judicavit.
800 2987 881 3066 Sed
902 3012 998 3066 oum
1017 2985 1279 3094 sequioribus
1309 2995 1467 3095 tempo-

305 3125 421 3206 ribus
442 3149 493 3204 ex
515 3119 732 3202 conatibus
753 3117 1096 3222 Jansenistarum,
1120 3119 1463 3218 Febronianismi,

178 3255 179 3258 ‘
302 3257 562 3364 aliorumque
598 3253 888 3360 regalistarum
924 3260 1106 3360 potestas
1136 3251 1238 3334 haec
1268 3253 1379 3360 leges
1411 3252 1470 3332 fe-
1553 3253 1560 3264 '

307 3388 421 3468 rendi
451 3395 491 3468 et
515 3385 726 3494 judicandi
758 3385 808 3467 de
838 3384 1112 3466 matrimoniis
1151 3384 1468 3466 christianorum

307 3521 371 3608 vel
412 3517 686 3626 potestatibus
722 3516 912 3596 civilibus
952 3515 1162 3597 exclusive
1201 3516 1463 3612 tribueretur,

309 3651 373 3732 vel
402 3651 547 3732 saltem
578 3649 639 3729 eis
669 3649 872 3730 diceretur
901 3676 991 3731 esse
1022 3677 1118 3732 cum
1148 3649 1333 3732 Ecclesia
1358 3675 1471 3730 oom-

311 3784 463 3884 munis,
497 3791 596 3863 tuno
625 3777 803 3862 Romani
834 3781 1054 3866 Pontifices
1085 3791 1306 3892 utrumque
1346 3783 1470 3864 dene·

210 3979 211 3982 *
309 3923 475 4024 gerunt,
509 3922 549 3995 et
579 3919 795 4020 utramque
826 3922 1069 4020 potestatem
1099 3915 1307 3997 Ecclesiae
1328 3915 1470 3996 exolu-

309 4051 397 4131 sive
427 4049 702 4147 vindicarunt,
736 4055 795 4147 ut,
829 4055 989 4154 praeter
1013 4049 1100 4156 jam
1131 4049 1298 4131 citatam
1319 4048 1471 4131 consti-

310 4183 508 4265 tutionem
536 4182 754 4263 Auctorem
774 4179 817 4260 F
817 4179 897 4259 idei
924 4179 1247 4264 luculentissime
1277 4190 1390 4290 patet
1419 4209 1472 4262 ex

312 4317 440 4398 Breoi
470 4315 531 4398 Pii
562 4313 619 4392 VI
650 4312 802 4394 directo
832 4313 883 4394 ad
915 4313 1166 4424 Episcopum
1195 4315 1472 4398 Motulensem
