3386 5126
302 394 369 460 202
607 408 873 458 raamsemouus
898 409 989 456 auare
1012 409 1169 456 oauomcr

304 539 511 647 scopalem
532 536 730 618 habentes
759 536 800 615 in
832 535 1034 616 territorio
1063 561 1158 632 suc,
1197 539 1259 616 4⁰
1280 537 1480 620 Praetuti

305 675 470 755 tandem
489 672 696 782 reputares
716 671 891 778 exempti
916 696 966 752 ex
988 669 1253 750 concessione
1274 669 1320 752 S.
1341 671 1475 756 PiiV.

308 808 368 888 Ita
399 805 768 912 Schmalzgrueber
799 805 839 886 h.
875 813 906 888 t.
939 833 981 886 n.
1016 805 1120 897 187,
1154 812 1191 884 ct
1225 831 1385 915 sequen.

705 1329 942 1412 TITULUS
973 1330 1079 1412 VIII.

453 1599 518 1680 De
551 1596 838 1693 schismaticis,
872 1605 909 1678 et
939 1597 1144 1680 ordinatis
1174 1598 1224 1678 ab
1260 1599 1333 1678 cis.
1443 1615 1446 1622 '

398 1864 648 1972 Compilator
679 1864 944 1947 decretalium
966 1873 1185 1974 postquam
1216 1865 1258 1945 in
1279 1865 1485 1974 superiori

312 1999 429 2080 titulo
448 1999 645 2107 loquutus
666 2005 729 2080 est
750 1999 799 2080 de
821 1998 1051 2099 haereticis
1076 1999 1220 2079 merito
1242 2024 1351 2078 rrunc
1370 2005 1487 2080 tran-

312 2132 439 2214 situm
463 2133 559 2215 facit
589 2136 641 2215 ad
663 2141 920 2242 praesentem
943 2133 1123 2231 titulum,
1151 2133 1257 2213 idest
1276 2131 1328 2212 ad
1354 2132 1489 2216 schis-

314 2268 502 2368 maticos
536 2267 634 2374 quia
664 2268 756 2349 licet
785 2266 1037 2349 schismatici
1069 2292 1150 2346 non
1172 2265 1254 2346 sint
1274 2264 1482 2368 haeretici,

315 2407 494 2480 attamen
525 2401 602 2509 ipsi
634 2402 875 2509 plerumque
907 2401 948 2480 in
989 2399 1193 2481 haeresim
1215 2399 1414 2499 incidunt,
1441 2410 1489 2483 ut

314 2531 468 2612 factum
499 2561 623 2614 suum
657 2533 940 2633 cohonestare,
974 2539 1013 2614 et
1050 2533 1265 2614 defendere
1308 2533 1484 2636 valeant,

314 2691 390 2746 ceu
422 2691 519 2747 mox
552 2667 592 2746 in
625 2665 765 2772 aprico
796 2665 1076 2747 collocabitur.

401 2801 579 2880 Duabus
610 2798 795 2906 partibus
826 2807 989 2880 constat
1018 2825 1213 2907 praesens
1245 2799 1424 2880 rubrica.
1445 2799 1490 2880 In

314 2929 447 3039 prima
488 2939 602 3038 parte
642 2931 867 3040 quaeritur,
906 2958 1110 3040 quaenam
1153 2959 1309 3040 poenae
1349 2941 1492 3014 contra

313 3065 598 3147 schismaticos
629 3066 681 3146 ab
712 3067 897 3148 Ecclesia
927 3068 1173 3148 constitutae
1209 3067 1312 3168 sint,
1347 3067 1389 3149 in
1425 3093 1492 3148 se-

314 3199 451 3280 cunda
481 3226 576 3281 vero
608 3201 835 3309 quaeritur,
864 3201 961 3308 quid
983 3201 1233 3282 censendum
1256 3201 1305 3281 de
1328 3201 1492 3283 actibus

316 3330 488 3414 istorum
510 3332 884 3448 schismaticorum,
918 3341 958 3414 ct
977 3334 1219 3440 praesertim
1252 3334 1301 3415 de
1326 3335 1494 3416 ordina-

315 3465 425 3547 tione
461 3470 513 3548 ab
546 3467 649 3576 ipsis
679 3466 888 3575 impertita
917 3467 1078 3548 Harum
1114 3475 1255 3548 tamen
1286 3467 1495 3576 quaestio-

320 3626 421 3678 num
443 3600 735 3680 resolutionem
756 3601 910 3682 claram
941 3599 1091 3682 habere
1112 3601 1224 3683 haud
1246 3601 1490 3708 poterimuS,

319 3730 396 3810 nisi
434 3732 549 3839 prius
585 3741 772 3814 exactam
813 3733 1049 3816 schismatis
1090 3735 1296 3817 notionem
1338 3735 1495 3816 habue-

318 3862 463 3946 rimus,

404 3996 595 4080 Schisma
616 3999 819 4107 generice,
845 4007 885 4082 et
910 4001 1021 4108 large
1051 4010 1267 4110 sumptum
1299 4027 1493 4110 graecum

318 4157 467 4212 nomen
489 4141 565 4234 est,
591 4135 699 4242 quod
722 4133 964 4233 scissuram,
999 4143 1039 4217 et
1069 4135 1314 4218 divisionem
1336 4136 1498 4244 signifi-

325 4269 403 4343 cat.
424 4267 483 4346 Ita
504 4269 608 4378 Cup.
629 4271 708 4368 34,
728 4295 839 4351 cous.
858 4273 937 4363 24,
957 4297 996 4378 q.
1020 4273 1083 4351 1.²
1097 4269 1291 4349 -ibi—
1306 4271 1498 4353 Schisma

321 4394 521 4504 siquidem
553 4399 699 4509 ipsum,
735 4401 844 4510 quod
877 4429 1067 4512 praecum
1089 4431 1232 4485 nomen
1253 4411 1325 4496 est,
1348 4407 1500 4486 scissu-
