3356 5118
524 421 624 496 mess
647 423 678 468 v.
705 439 748 452 -
771 423 911 469 munus
933 421 1047 469 xxxix.
1140 437 1143 447 ·
1310 407 1378 473 383

194 557 319 660 queat
348 577 401 633 ex
432 555 642 648 contextu,
691 575 744 630 cn
790 548 1009 655 suspensio
1049 547 1104 629 sit
1150 550 1203 630 ab
1239 551 1414 633 officio·

193 691 372 786 tentum,
422 710 475 765 an
520 690 682 763 tantum
728 709 753 763 e
798 681 1012 781 beneflci0,
1046 681 1217 791 intelligi
1249 686 1372 768 debet

195 822 280 902 lete
301 822 352 902 eb
377 804 565 926 utroque,
590 817 695 900 idest
716 823 801 898 tam
823 817 875 898 eb
907 815 1057 919 officio,
1092 844 1215 926 quem
1249 845 1275 898 a
1302 821 1377 902 be-

74 1043 76 1046 ,
195 953 356 1035 noficio.
391 954 452 1036 lta
481 951 574 1032 DD.

282 1085 490 1166 Dividitur
519 1083 765 1185 ineuntem,
790 1091 829 1164 et
843 1083 1084 1194 partialem.
1119 1085 1277 1166 Totalis
1299 1113 1373 1169 au-

195 1229 279 1303 tem
310 1219 591 1302 subdividitur
612 1217 654 1298 in
675 1219 841 1300 totalem
861 1219 1119 1329 simpliciter,
1145 1227 1184 1301 et
1205 1219 1246 1299 in
1267 1229 1377 1304 totu·-
1442 1205 1447 1214 ’

197 1353 275 1434 'lem
290 1352 509 1435 secundum
524 1351 640 1461 quid.
655 1351 798 1432 Prima
818 1351 1034 1459 suspendit
1049 1353 1101 1433 ub
1119 1353 1269 1456 officio,
1294 1365 1334 1438 et
1350 1383 1378 1436 a

194 1488 409 1570 beneficio.
426 1488 619 1568 Secunde
635 1485 697 1567 vel
714 1485 767 1566 eb
782 1485 920 1568 officio
934 1493 1111 1590 tautum,
1132 1488 1196 1569 vel
1213 1496 1372 1571 tentum

195 1648 221 1702 a
241 1619 458 1704 beneficio.
478 1623 696 1733 Suspensio
724 1621 864 1702 totalis
890 1621 941 1701 ab
962 1623 1110 1732 officio
1131 1648 1181 1705 ea
1201 1631 1278 1726 est,
1302 1652 1377 1732 per
1505 1725 1508 1730 Ι

194 1781 319 1864 quem
356 1755 450 1863 quis
496 1756 548 1848 eb
595 1754 706 1836 omni
738 1754 873 1836 officio
920 1755 1140 1863 spirituali,
1176 1765 1265 1839 tum
1308 1785 1377 1840 or-

193 1889 317 1990 dinis,
351 1895 440 1970 tum
466 1887 782 1996 jurisdictionis,
826 1895 866 1969 et
895 1888 1264 1971 administrationis
1294 1891 1374 1972 Ec-

193 2022 445 2104 clesiasticne
475 2027 728 2104 removetur.
767 2022 988 2134 Suspensio
1035 2049 1128 2106 cero
1175 2026 1314 2106 totalis
1345 2053 1400 2106 a.

193 2156 389 2264 beneficio
420 2164 483 2237 est
514 2183 579 2255 ea,
613 2179 687 2264 per
718 2181 844 2264 quem
880 2156 973 2263 quis
1008 2155 1278 2264 suspenditur
1318 2161 1373 2240 ab

192 2290 304 2370 omni
335 2289 536 2370 beneficio
572 2288 867 2370 Ecclesiastico
897 2290 1033 2396 quoad
1064 2289 1156 2372 eius
1187 2290 1368 2372 admini-

192 2422 450 2516 strationem,
471 2429 511 2504 et
528 2421 738 2504 fructuum
761 2421 1079 2532 perceptionem.
1118 2421 1230 2506 Pirh.
1266 2423 1308 2507 h.
1336 2435 1366 2508 t.

191 2581 234 2636 n.
274 2557 370 2638 198.
421 2555 793 2664 Sohmalzgrueber
823 2555 866 2636 h.
901 2563 930 2635 t.
965 2585 1006 2636 n.
1042 2559 1152 2648 266,
1186 2565 1224 2638 et
1252 2561 1364 2641 267.

191 2689 401 2770 Portielis
431 2692 639 2799 suspensio
664 2689 710 2770 fit
741 2689 804 2770 vel
827 2717 851 2770 a
876 2698 986 2772 certo
1018 2699 1180 2772 tantum
1211 2690 1368 2791 officio,

192 2829 265 2901 aut
309 2827 424 2928 parte
468 2820 580 2902 illius
627 2849 666 2903 v.
712 2849 775 2929 gr.
809 2823 862 2903 ab
892 2824 1035 2906 ordine
1066 2833 1244 2926 tantum,
1295 2853 1369 2935 per
1415 2839 1418 2844 '

192 2979 318 3062 quem
349 2953 590 3062 prohibetur
620 2981 742 3037 omne
767 2958 1011 3038 exercitium
1042 2960 1215 3053 ordinis
1250 2961 1314 3041 vel
1347 2989 1374 3042 a

191 3095 302 3168 corto
332 3086 488 3186 ordine,
515 3113 590 3196 per
609 3113 734 3196 quam
766 3087 1008 3197 prohibetur
1038 3091 1281 3172 exercitium
1303 3119 1372 3174 or-

191 3221 300 3302 dinis
331 3219 443 3302 illius
475 3227 553 3304 eto.

277 3353 455 3448 Quando
495 3356 715 3465 suspensio
762 3353 964 3463 infligitur
1004 3382 1078 3465 per
1121 3357 1368 3440 sententiam

190 3486 427 3595 specialem,
461 3496 501 3569 et
531 3497 576 3570 ut
606 3515 705 3570 vere
726 3508 917 3588 censura,
942 3497 1041 3571 tunc
1066 3489 1118 3571 ad
1140 3490 1370 3598 legitimam

189 3619 279 3726 ejus
330 3621 601 3728 prolationem
651 3622 832 3730 exigitur
871 3621 1039 3731 praevie
1067 3623 1255 3705 monitio
1302 3623 1368 3704 Ex

188 3781 270 3863 quo
300 3754 407 3855 fluit,
446 3757 555 3866 quod
586 3755 621 3837 si
653 3756 865 3864 infligatur
895 3783 977 3838 non
1001 3764 1047 3838 ut
1066 3783 1258 3858 censure,
1294 3758 1366 3838 sed

188 3888 247 3970 uti
281 3915 429 3996 poena,
462 3899 561 3972 tuno
591 3916 697 3999 opus
730 3917 812 3972 non
843 3897 905 3972 est
933 3889 1171 3972 monitione.
1207 3893 1307 3996 Item
1329 3888 1366 3968 si

189 4021 345 4103 feretur
385 4048 411 4103 a
449 4023 558 4133 jure,
594 4024 660 4104 vel
701 4049 774 4132 per
820 4022 1066 4105 sententiam
1113 4023 1362 4130 generalem,

188 4161 287 4237 luno
307 4159 418 4240 enim
449 4158 540 4266 ipso
562 4157 669 4240 lacto
701 4156 943 4239 incurritur.
970 4160 1040 4238 lus
1065 4155 1176 4238 enim
1207 4157 1366 4264 ipsum,

189 4313 264 4374 sou
295 4317 428 4374 canon
450 4292 646 4376 continuo
667 4291 838 4375 monitio
861 4299 936 4374 est.
962 4289 1233 4374 Reiffenstuel
1264 4289 1306 4373 b.
1332 4299 1361 4372 t.

190 4449 231 4506 n.
265 4429 337 4510 21.
371 4429 471 4511 Item
512 4429 679 4512 tandem
724 4455 808 4510 non
839 4426 1062 4537 requiritur
1107 4425 1295 4528 moniti0,
1330 4422 1366 4504 si
