3388 5136
584 375 684 422 muna
707 376 740 424 v.
765 393 809 404 -
832 376 974 424 mruuus
997 377 1045 421 111.
1343 359 1405 426 121

226 503 325 584 vitia
340 501 536 609 gratuita,
557 501 666 582 sicut
686 527 875 602 munera,
901 500 1143 610 plerumque
1164 513 1402 607 excaecant,

227 645 266 719 et
297 635 582 744 degenerando
605 635 647 715 in
669 634 962 742 obligationem
980 635 1166 742 justitiae
1182 637 1405 720 simoniam

226 798 369 854 secum
401 769 582 852 trahunt.

314 905 470 1012 Magna
515 902 642 1010 igitur
686 903 877 985 cautione
918 929 1023 1011 opus
1068 913 1146 1004 est,
1191 931 1241 985 ne
1288 904 1405 986 facile

227 1039 367 1120 divina
412 1037 519 1118 dona
563 1035 773 1144 obsequiis
818 1038 1061 1144 pendantur.
1108 1035 1260 1144 Agitur
1294 1037 1404 1118 enim

227 1174 276 1254 de
307 1172 507 1253 simoniae
553 1172 667 1270 vitio,
716 1173 824 1279 quod
857 1181 996 1282 utpote
1027 1199 1079 1252 ex
1110 1173 1297 1274 avaritia,
1333 1182 1406 1256 aut

228 1335 278 1390 ex
311 1305 468 1388 ambitu
500 1305 764 1414 proficiscens
796 1305 913 1388 facile
944 1306 1100 1389 invadit
1140 1314 1299 1388 mentes
1330 1306 1405 1389 ho-

226 1441 411 1522 minum:
447 1440 584 1548 agitur
614 1441 664 1520 de
694 1439 895 1522 simoniae
929 1441 1040 1542 vitio,
1074 1439 1184 1550 quod
1216 1439 1405 1548 speciosa

227 1573 352 1681 pallia
381 1599 594 1681 quaerere,
628 1581 668 1654 et
704 1573 896 1655 inducere
927 1574 1045 1656 solet.
1081 1575 1200 1656 Hanc
1230 1575 1283 1654 ob
1317 1600 1403 1654 rem

227 1707 289 1784 vir
319 1705 667 1814 prudentissimus
698 1707 743 1788 S.
779 1706 952 1787 Carolus
983 1708 1214 1788 Borcmeus
1241 1705 1284 1786 in
1306 1732 1404 1788 con-

227 1839 320 1922 cilio
351 1841 650 1922 Mediolanensi
680 1843 877 1944 secundo,
917 1841 958 1922 in
999 1842 1291 1924 constitutione
1331 1842 1404 1922 ad-

226 2000 371 2054 versus
402 1974 714 2056 simoniacosn.
744 1980 801 2056 13
829 1976 1004 2074 monuit,
1029 1985 1151 2084 atque
1171 1976 1403 2057 obtestatus

225 2117 287 2190 ost
317 2107 573 2214 Episcopos,
596 2108 798 2214 aliosque,
832 2108 984 2214 quibus
1021 2109 1091 2215 jus
1112 2118 1175 2190 est
1206 2109 1403 2189 beneficia

226 2241 474 2342 conserendi,
510 2247 556 2320 ut
586 2239 859 2321 familiaribus
885 2241 975 2321 suis
997 2249 1149 2322 certam
1171 2242 1401 2322 mercedem

225 2377 490 2476 constituant,
524 2401 575 2455 ne
606 2373 663 2453 illi
690 2373 769 2454 hoo
789 2374 975 2456 subsidio
996 2375 1176 2457 destituti
1200 2375 1403 2457 beneficia

224 2510 513 2594 Ecclesiastica
528 2517 740 2617 tamquam
757 2534 859 2589 suae
880 2535 1044 2617 operae,
1070 2535 1118 2590 ac
1139 2509 1291 2591 laboris
1308 2537 1403 2619 pre·

225 2647 328 2724 tium
361 2643 580 2751 praecipue
610 2641 689 2722 sibi
723 2651 968 2749 proponant.
1062 2701 1066 2704 -

313 2775 511 2860 Similiter
541 2776 728 2858 Simonia
749 2787 812 2858 est
832 2778 980 2860 offerre
1011 2803 1168 2886 preceS,
1203 2777 1267 2858 vel
1289 2804 1402 2859 com-

225 2909 507 2993 mendationes
540 2938 579 2992 r.
616 2937 656 3017 g.
692 2911 888 3011 laudabo,
932 2911 996 2992 vel
1033 2911 1331 2994 commendabo
1362 2920 1402 2995 te

225 3045 335 3152 apud
366 3042 616 3152 Principem,
650 3043 684 3124 si
723 3043 841 3146 mihi,
887 3043 949 3122 vel
991 3043 1088 3124 huic
1129 3071 1221 3125 meo
1262 3044 1399 3125 clienti

225 3175 483 3276 beneficium,
521 3177 584 3256 vel
616 3177 657 3254 in
694 3176 890 3258 electione
926 3176 1174 3283 suffragium
1212 3177 1396 3260 dederis:

224 3311 288 3392 vel
320 3320 461 3392 contra
493 3312 545 3392 do
576 3311 649 3391 tibi
682 3311 943 3412 beneficium,
978 3311 1043 3390 vel
1064 3311 1330 3416 suffragium,
1354 3320 1402 3393 ut

224 3472 290 3524 me
312 3447 422 3551 apud
444 3445 677 3553 Principem
709 3446 987 3547 commendeS,
1022 3445 1085 3526 vel
1107 3470 1181 3552 pro
1214 3470 1278 3524 me
1310 3470 1401 3552 pre·

225 3604 294 3659 ces
324 3579 560 3684 interponas
592 3586 669 3661 etc.
694 3581 853 3661 Verum
876 3579 973 3660 dare
1000 3578 1214 3688 spirituale
1235 3587 1400 3689 propter

225 3738 397 3794 causam
419 3713 686 3820 temporalem
708 3715 823 3796 nulla
845 3703 1119 3796 intercedente
1146 3714 1399 3820 obligatione

220 3847 407 3954 justitiae
437 3874 517 3930 non
565 3856 627 3932 est
666 3850 860 3934 simonia.
905 3851 965 3931 lta
1005 3850 1253 3930 communis.
1289 3847 1397 3930 Nam

225 3982 403 4064 simonia
420 3983 616 4066 fundatur
646 3985 688 4066 in
719 3993 931 4067 contractu
959 3984 1193 4092 emptionis,
1231 3991 1270 4063 et
1302 4011 1400 4064 ven-

225 4117 405 4219 ditionis,
449 4145 520 4200 seu
565 4127 611 4200 ut
651 4120 864 4228 spirituale
897 4145 970 4227 pro
1011 4116 1239 4226 temporali,
1282 4116 1345 4197 vel
1377 4143 1399 4198 e

225 4259 366 4333 contra
400 4252 519 4333 detur
554 4279 626 4362 per
651 4254 822 4335 modum
858 4253 1178 4335 commutativae
1207 4277 1399 4361 compen-

225 4385 396 4467 sationis
436 4413 485 4469 ex
518 4387 699 4496 justitia;
733 4415 830 4496 ergo
862 4389 959 4470 dare
989 4386 1203 4495 spirituale
1230 4393 1396 4495 propter
