3356 5118
476 427 576 472 mesn
597 429 629 474 v.
655 443 698 458 -
721 429 859 476 macnus
882 431 1021 476 xxxvur.
1277 409 1345 476 355

158 557 351 665 operatio
397 555 581 633 eaterior
626 554 850 646 laboriosa,
893 564 931 636 ct
963 557 1171 665 poenalis,
1203 557 1345 638 colan-

163 692 273 770 larie
308 694 520 798 assumpta
560 685 617 768 ad
658 687 950 770 vindicandum
983 697 1197 799 peccatam
1227 717 1341 771 corn·-

162 825 345 914 missam,
380 829 418 901 ct
448 821 505 902 ad
527 821 783 930 placandam
814 821 999 904 diuinam
1029 823 1244 930 offensam.
1269 824 1345 905 Est

163 965 303 1038 autern
335 956 399 1037 vel
423 957 608 1067 publica,
633 958 696 1036 vel
720 959 909 1067 priuata.
934 957 1112 1038 Publica
1133 965 1211 1059 est,
1237 984 1343 1065 quae

165 1091 405 1198 imponitur,
449 1101 489 1171 et
529 1091 740 1198 peragitur
779 1118 853 1199 pro
893 1091 1125 1174 manifestis
1165 1093 1345 1201 peccatis

154 1225 281 1331 ,juxta
315 1225 418 1334 Cap.
453 1225 684 1334 Manifesta
719 1231 761 1307 1.
797 1226 838 1307 n.
864 1233 893 1306 t.
924 1226 1105 1309 Pricata
1136 1235 1211 1327 est,
1236 1253 1344 1335 quae

166 1359 395 1468 imponitur
415 1386 488 1468 pro
510 1359 688 1468 peccatis
714 1360 876 1442 arcanis
908 1361 949 1439 in
980 1369 1076 1441 actu
1107 1387 1346 1442 sacramen·

162 1494 262 1574 talis
292 1493 577 1594 confessionis
611 1495 661 1574 de
691 1521 774 1601 qua
814 1493 1002 1576 inferius,
1042 1495 1218 1576 Publica
1249 1521 1345 1575 vero

165 1627 445 1708 subdividitur
486 1627 527 1706 in
567 1627 804 1727 solemnem,
839 1629 950 1709 etin
991 1657 1071 1710 nou
1110 1628 1341 1710 solemnem.

224 1795 227 1806 ·
254 1759 396 1840 Prima
415 1759 651 1840 solemniter
672 1760 712 1840 in
734 1760 919 1842 Ecclesia
949 1789 1046 1843 cum
1077 1760 1346 1843 caeremoniis

161 1895 290 1976 oertis
320 1894 592 1995 indicebatur,
617 1903 656 1976 et
676 1897 968 2003 peragebatur,
1002 1921 1107 2003 quae
1137 1921 1345 1975 caeremo-

165 2029 261 2111 niae
292 2029 583 2110 desoribuntur
611 2030 654 2110 in
691 2031 794 2112 Can.
832 2035 909 2123 64,
944 2030 1039 2111 dist.
1075 2031 1154 2123 50,
1189 2038 1235 2110 ut
1266 2029 1346 2110 sci-

167 2163 262 2244 licet
292 2161 409 2243 initio
444 2163 786 2269 quadragesimae
827 2163 980 2269 publici
1022 2171 1271 2269 peccatores
1307 2168 1347 2241 et

167 2287 422 2405 poenitente's
452 2295 583 2376 induti
615 2296 764 2394 sancia,
789 2307 829 2376 et
849 2296 971 2376 nudis
999 2294 1173 2402 pedibus
1195 2295 1247 2376 ad
1269 2295 1347 2375 Ec·

163 2432 335 2514 alesiam
353 2430 553 2528 venirent,
576 2439 617 2510 et
638 2430 732 2510 inde
747 2454 773 2509 a
788 2428 988 2509 ministris
1005 2428 1214 2511 Ecclesiae
1235 2435 1344 2509 certo

167 2564 267 2665 ritu,
291 2571 331 2646 et
351 2565 473 2645 certis
504 2563 761 2644 orationibus
793 2562 1106 2670 expellerentur.
1141 2562 1256 2644 Haeo
1277 2588 1347 2642 so-

168 2697 316 2777 lemnis
342 2696 592 2802 poenitentia
620 2696 840 2802 separabat
872 2696 1147 2804 poenitentem
1179 2723 1204 2776 a
1234 2721 1348 2776 com-

170 2828 366 2910 munione
384 2826 587 2927 fidelium,
607 2837 692 2932 eta
712 2837 1068 2910 sacramentorum
1085 2829 1345 2937 perceptione

170 2965 360 3072 (excepto
392 2959 536 3041 mortis
557 2960 748 3067 articulo)
783 2988 914 3069 usque
946 2963 998 3042 ad
1030 2963 1193 3069 plenam
1224 2963 1348 3043 satis-

171 3097 403 3193 factionem,
428 3093 526 3202 quia
547 3119 643 3174 vero
673 3094 888 3175 minuebat
918 3093 1283 3194 existimationem,
1308 3102 1349 3176 et

170 3232 324 3310 famam
356 3226 617 3334 poenitentis
647 3238 864 3336 propterea
894 3226 1078 3326 ClericiS,
1113 3227 1192 3310 nisi
1224 3229 1349 3336 depo-

170 3365 273 3462 sitis,
320 3361 475 3469 imponi
514 3387 598 3442 non
628 3368 813 3469 poterat:
858 3360 942 3441 imo
983 3359 1163 3468 publice,
1204 3356 1346 3441 etso-

170 3497 358 3580 lemniter
389 3494 659 3604 poenitentes
697 3502 910 3602 tamquam
945 3493 1136 3595 infames,
1170 3502 1209 3574 et
1239 3494 1346 3576 irre-

170 3633 337 3740 gulares
367 3631 419 3710 ad
450 3629 689 3710 clericatum
732 3622 814 3708 non
854 3627 1190 3708 admittebantur.
1239 3628 1344 3708 Can.

175 3762 519 3874 Confirmandarn
550 3763 626 3854 65,
661 3771 700 3844 et
730 3789 892 3870 sequen.
927 3760 1023 3842 dist.
1058 3763 1135 3843 50.

257 3897 355 3978 Non
383 3892 573 3978 solemnis
616 3905 756 3976 autem
796 3903 900 3993 erat,
944 3919 1051 4001 quaa
1091 3921 1142 3973 ex
1186 3891 1370 3999 publica

170 4031 335 4140 quidem
352 4029 627 4129 confessione,
646 4055 721 4109 seu
738 4028 905 4135 publico
923 4027 1086 4126 delicto,
1100 4027 1174 4107 sed
1190 4027 1350 4134 absque

171 4164 439 4248 caeremoniis
468 4163 677 4246 Ecclesiae
704 4163 979 4261 indicebatur,
1004 4168 1051 4241 ut
1071 4161 1106 4240 si
1129 4160 1251 4242 alicui
1273 4187 1351 4269 pu·

174 4299 275 4380 blica
301 4298 521 4406 jejunium,
556 4297 619 4378 vel
660 4293 938 4404 peregrinatio
970 4295 1265 4402 imponeretur,
1300 4295 1350 4376 de

171 4431 322 4540 quibus
353 4431 611 4543 poenitentiis
634 4431 761 4514 videri
785 4436 978 4540 poterunt
999 4451 1178 4512 canones
1199 4429 1348 4539 poeni-
