3386 5126
552 429 652 478 umus
675 432 707 476 v.
733 447 774 460 -
798 429 1010 478 r1runus1u.
1303 415 1371 482 147

194 553 300 636 laeto
332 555 497 662 proprio
528 555 764 656 viderentur
794 583 1018 663 agnoscere
1054 557 1365 666 dependentiam

191 688 387 794 aliquam,
424 695 464 768 et
494 687 875 769 subordinationem
901 689 1110 770 Ecclesiae
1140 715 1239 798 erga
1268 694 1367 773 civi-

189 820 270 902 lem
303 829 547 929 potestatem
578 821 620 900 in
651 822 866 903 collatione
902 823 1218 924 beneficiorum,
1252 828 1365 907 etin

189 955 383 1036 exercitio
415 955 714 1062 jurisdictionis
755 957 998 1064 spiritualis,
1042 959 1151 1066 quod
1191 986 1364 1066 prorsus

189 1089 348 1170 admitti
381 1090 535 1197 nequit,
558 1117 633 1171 ceu
655 1098 895 1171 tractatores
912 1091 1020 1198 juris
1042 1092 1194 1201 publici
1220 1092 1364 1175 Eccle-

188 1223 343 1302 siastici
367 1223 686 1304 evidentissimis
717 1225 974 1333 argumentis
1004 1227 1301 1308 demonstrant.

276 1355 573 1438 Verumtamen
604 1357 712 1439 sicut
732 1357 834 1438 haec
860 1358 1007 1465 agendi
1038 1359 1143 1440 ratio
1175 1368 1364 1466 exparte

188 1489 492 1570 Guberniorum
524 1491 773 1573 considerari
796 1499 943 1599 potest,
968 1492 1026 1572 uti
1059 1491 1213 1597 injusta
1238 1518 1365 1572 vexa-

114 1733 116 1738 Ι
185 1621 257 1722 tio,
276 1622 373 1703 hinc
403 1624 453 1704 ad
475 1626 643 1706 vitanda
672 1625 783 1706 mala
812 1625 971 1732 majora
1001 1624 1252 1732 permittitur
1272 1625 1363 1707 Cle·

184 1755 296 1856 riciS,
334 1764 387 1837 -ut
427 1757 593 1866 impunc
639 1759 871 1868 persolvere
916 1759 1077 1868 possint
1121 1761 1359 1868 hujusmodi

183 1897 321 1970 actum
357 1893 543 2002 obsequii
582 1921 680 2001 erga
715 1895 1000 1976 auctoritatem
1022 1895 1198 1996 civilem,
1225 1895 1360 2002 prouti

182 2032 342 2107 constat
362 2053 412 2107 ex
441 2028 560 2134 praxi
582 2028 804 2126 Ecclesiae,
835 2027 932 2108 tum
947 2027 1071 2107 relate
1103 2029 1155 2109 ad
1181 2027 1361 2109 Clericos

180 2159 376 2260 minoreS,
402 2167 441 2241 et
470 2159 682 2260 beneficia,
707 2168 794 2240 turn
827 2161 951 2240 relate
978 2162 1029 2239 ad
1050 2161 1293 2267 EpiscopOS,
1320 2170 1361 2241 et

180 2293 366 2374 Abbates
383 2293 539 2374 nullius
556 2319 652 2374 curn
663 2292 948 2400 jurisdictione
965 2294 1083 2400 quasi
1101 2293 1354 2402 Episcopali.

179 2425 332 2533 Agitur
363 2429 473 2508 enim
507 2427 556 2508 de
597 2426 835 2508 redimenda
879 2425 1034 2532 injusta
1063 2426 1280 2508 vexatione
1310 2427 1352 2506 in

180 2560 374 2642 exercitio
401 2561 509 2668 juris
528 2561 613 2668 jam
651 2561 768 2669 plene
800 2561 1018 2668 acquisitu.
1054 2561 1112 2641 lta
1152 2561 1359 2670 Suprema

179 2692 393 2798 Inquisitio
425 2693 490 2773 die
521 2695 549 2774 2
580 2693 785 2773 Novemb.
826 2695 952 2774 1876.

596 2959 832 3042 TITULUS
865 2959 937 3040 IV.

315 3164 383 3246 Nc
412 3165 607 3247 Proeloti
638 3167 741 3246 uices
771 3189 884 3263 suas,
919 3163 979 3244 cel
1008 3163 1221 3245 Ecclesiae

440 3301 512 3381 sub
534 3326 672 3380 annuo
704 3325 821 3380 censu
853 3296 1091 3377 concedunt.

265 3495 461 3574 Materies
482 3494 608 3573 huius
630 3493 735 3574 tituli
755 3491 993 3573 affinitatem
1011 3490 1218 3599 quandam
1232 3490 1358 3573 habet

177 3653 272 3710 curn
294 3626 569 3734 praecedenti,
594 3626 690 3706 hinc
711 3627 856 3708 merito
873 3627 924 3708 B.
948 3625 1225 3736 Raymundus
1241 3627 1354 3708 huno

175 3761 345 3842 titulum
377 3759 615 3868 appendicis
645 3759 734 3841 loco
766 3759 856 3841 heio
886 3760 1106 3842 subnectit.

262 3895 380 3974 Duae
412 3894 453 3974 in
485 3893 575 4001 ipso
606 3902 895 4002 proponuntur
934 3893 1212 4001 quaestiones,
1246 3919 1353 4001 quae

175 4027 413 4109 relationem
455 4027 608 4108 habent
649 4054 744 4108 curn
786 4027 852 4128 iis,
888 4055 993 4135 quae
1028 4027 1108 4107 sub
1149 4027 1351 4134 superiori

175 4161 341 4244 rubrica
371 4170 641 4270 pertractatae
672 4162 854 4262 suerunt,
888 4161 1058 4254 scilicet,
1081 4161 1148 4240 An
1181 4159 1354 4267 permis-

175 4321 268 4376 sum
299 4297 354 4377 sit
374 4295 576 4377 Praelatis
598 4295 712 4377 alteri
736 4297 877 4377 cedere
908 4295 1020 4376 vices
1040 4319 1141 4376 suas
1172 4295 1252 4375 sub
1279 4319 1353 4373 an-

12 4463 13 4466 *
173 4455 256 4509 nuo
287 4455 431 4532 censu,
465 4455 540 4512 seu
573 4455 625 4510 an
657 4429 908 4538 permissum
932 4428 1033 4537 ipsis
1063 4427 1118 4509 sit
1148 4427 1264 4508 alteri
1286 4452 1353 4506 oe-
