3264 5146
335 427 376 491 70
617 437 909 490 amnuncuonus
932 435 1026 488 mars
1049 432 1221 487 canonrcr

340 566 581 649 exercitium
611 591 713 646 suae
742 563 952 672 religionis
981 571 1022 644 et
1062 562 1256 643 universa
1295 560 1429 669 proles
1458 562 1503 642 in

340 699 470 783 sacris
499 698 640 779 itidem
670 695 882 780 catholicis
911 696 1122 777 educetur.
1147 695 1257 788 Quin
1278 693 1374 793 imo,
1405 721 1502 776 cum

341 829 538 913 nonnulla
567 828 768 937 gubernia
795 827 934 910 civilia
962 826 1068 910 hanc
1098 826 1413 936 promissionem
1452 827 1505 908 de

340 966 581 1048 educatione
611 963 828 1045 universae
857 961 983 1070 prolis
1014 963 1056 1042 in
1086 961 1281 1068 religione
1302 959 1505 1042 catholica

336 1103 570 1208 juramento
588 1097 744 1178 firmari
765 1103 919 1204 aparte
935 1095 1162 1177 acatholica
1177 1093 1501 1203 prohibuissent,

341 1243 386 1316 ut
414 1233 507 1314 Rex
537 1231 760 1313 Borussiao
790 1229 922 1312 edicto
952 1229 1048 1310 doto
1080 1230 1192 1310 atiel
1228 1231 1348 1310 Junii
1391 1231 1506 1309 1855

341 1393 414 1476 pro
436 1391 522 1448 ¹suo
553 1362 736 1445 exercitu
766 1363 910 1463 vetuit,
942 1388 1075 1469 neque
1095 1361 1273 1469 amplius
1294 1387 1345 1441 ox
1366 1361 1506 1443 indul-

340 1499 478 1607 gentia
492 1497 700 1579 Ecclesiae
715 1495 793 1577 hoc
809 1495 1091 1603 juramentum
1108 1495 1150 1575 in
1167 1493 1247 1575 illis
1263 1494 1507 1609 regionibus

341 1631 533 1739 exigitur,
566 1631 638 1712 sed
667 1629 833 1731 sufficit,
856 1630 892 1710 si
913 1629 1114 1712 habeatur
1134 1629 1256 1710 etiam
1277 1654 1505 1737 quaecum-

341 1791 419 1874 que
449 1774 675 1873 spontanea
703 1763 936 1870 promissio.
970 1809 991 1825 -
1015 1763 1124 1856 Quia
1143 1771 1282 1842 tamen
1301 1759 1403 1842 haec
1423 1759 1505 1841 Ec-

341 1898 489 1980 clasiae
519 1895 729 1976 concessio
758 1921 841 1975 non
861 1902 923 1975 est
942 1894 1022 1988 nisi
1042 1919 1156 1974 mera
1170 1893 1386 1975 tolerantia
1404 1891 1505 1974 hinc

341 2032 563 2136 denegatae
595 2025 759 2108 luerunt
794 2027 1116 2108 denuntiationes
1156 2053 1231 2107 seu
1263 2028 1504 2138 proctame-

342 2165 467 2244 tiones
492 2160 637 2242 talium
657 2159 1012 2241 matrimoniorum
1034 2187 1060 2240 a
1079 2158 1269 2269 parochis
1289 2159 1503 2242 catholicis

343 2294 565 2391 faciendae,
598 2300 720 2399 prout
748 2291 888 2372 docuit
917 2291 1019 2374 Pius
1049 2293 1105 2372 VI
1135 2292 1177 2374 in
1211 2293 1404 2403 Epistola
1443 2293 1507 2373 nd

345 2425 610 2508 Cardinniem
644 2425 1005 2536 Archiepiscopum
1042 2425 1376 2508 illeehtiniensem
1415 2427 1501 2507 diei

347 2561 397 2638 13
426 2559 535 2641 Jntii
567 2559 693 2654 178&
726 2565 848 2665 atque
868 2557 988 2639 hodie
1008 2558 1050 2638 in
1072 2583 1220 2664 genere
1241 2559 1299 2638 ita
1312 2567 1505 2640 servatur

214 2754 219 2768 .
341 2701 537 2799 excaepto
567 2692 676 2798 quod
706 2691 746 2771 in
777 2691 985 2800 aliquibus
1015 2691 1252 2799 regionibus
1292 2700 1391 2799 puta
1422 2691 1506 2773 Ba·

343 2825 457 2908 varia
485 2851 557 2932 per
576 2827 885 2906 Instructionem
909 2823 1149 2904 Cordinolis
1164 2823 1351 2903 Bernctti
1366 2823 1416 2904 dc
1435 2824 1507 2905 die

346 2962 398 3039 12
413 2959 657 3070 Septembris
683 2961 793 3038 1834
813 2958 985 3067 aliisque
1000 2957 1240 3066 regionibus
1256 2957 1507 3052 Germaniae

341 3102 382 3176 et
411 3092 651 3200 Hungariae
681 3119 753 3200 per
782 3093 1039 3174 tolerantiam
1060 3091 1297 3174 conceditur
1316 3101 1363 3174 nt
1382 3120 1409 3173 a
1428 3121 1507 3202 pa»

342 3229 465 3311 rocho
481 3227 680 3310 catholico
696 3236 784 3307 tum
795 3235 1016 3308 consuetae
1027 3226 1367 3335 proclamationes
1380 3226 1499 3332 fiant,

342 3371 431 3444 turn
446 3362 570 3444 etiam
586 3363 636 3443 de
653 3360 770 3442 factis
781 3360 1172 3469 proclamationibus
1187 3361 1348 3441 litterae
1363 3386 1508 3445 merae

341 3495 636 3577 testimoniales
665 3495 955 3596 concedantur,
987 3493 1030 3574 in
1064 3495 1215 3604 quibus
1255 3493 1309 3601 (si
1340 3495 1507 3577 nullum·

342 3629 449 3711 adsit
487 3628 684 3709 dirimens
724 3627 1079 3737 impedimentum)
1118 3627 1236 3708 unice
1261 3627 1505 3710 enuncietur
1615 3707 1616 3728 ,

343 3759 443 3841 nihil
473 3759 585 3842 aliud
615 3767 776 3867 praeter
805 3760 975 3842 vetitum
1006 3759 1214 3842 Ecclesiae
1243 3761 1296 3841 ob
1331 3759 1507 3870 impedi-

342 3901 526 3976 mentum
556 3892 711 3974 mixtae
730 3893 940 4000 religionis
960 3893 1220 3976 matrimonio
1247 3893 1510 3977 conciliando·

342 4027 519 4128 obstare,
542 4027 656 4109 nullo
678 4027 759 4108 alio
780 4027 918 4110 addito
938 4030 1079 4128 verbu,
1103 4054 1154 4108 ex
1175 4053 1256 4138 quo
1272 4053 1509 4110 consensus.
1615 4109 1616 4138 ,

342 4165 415 4241 aut
443 4159 749 4267 approbationis
779 4161 843 4242 vol
873 4161 975 4242 levis
1013 4160 1196 4268 suspicio
1236 4160 1291 4240 sit
1328 4159 1504 4242 oritura,
1615 4139 1616 4194 i

342 4292 406 4374 Ex
427 4293 570 4375 eadem
586 4292 770 4401 ipsorum
787 4293 1143 4376 matrimoniorum
1159 4321 1274 4374 mera
1288 4293 1505 4376 tolerantia

344 4427 496 4510 lactum
526 4435 602 4528 est,
638 4436 682 4510 ut
718 4429 880 4536 quando
921 4428 1213 4535 praecessisset
1251 4427 1506 4536 dispensatio
