3360 5126
500 435 600 482 mua
622 435 651 480 v.
678 453 722 463 -
744 435 884 483 munus
906 437 996 484 xvm„
1274 419 1339 484 277

166 587 218 643 no
249 561 451 669 putabant
482 561 636 642 lurtum
664 560 914 669 appellatum
946 561 1074 642 luisse
1106 589 1133 644 n
1159 562 1337 674 froude,

163 693 259 775 hinc
279 693 517 774 fraudolosa
538 692 595 773 rei
620 693 888 775 contrectatio
910 693 1059 775 dieitur
1080 695 1155 804 lep.
1171 700 1342 806 sartum

166 832 224 909 1².
253 829 391 940 prino.
420 827 478 935 ff.
504 827 545 908 b.
572 835 601 909 t.
632 833 673 932 §-
699 832 742 910 3.
779 827 918 937 Aliqui
941 836 1080 910 autem
1102 829 1343 912 existimant

167 962 323 1043 lurtum
355 961 541 1044 derivare
572 990 597 1044 a
626 961 822 1071 ferendo,
856 989 931 1044 seu
973 962 1229 1073 noserendo;
1262 962 1342 1043 sibi

164 1096 274 1176 enirn
307 1095 373 1176 fur
394 1095 526 1196 affert,
547 1103 586 1178 et
606 1095 699 1176 aliis
729 1097 876 1179 aufert.
903 1096 996 1178 Non
1023 1097 1146 1206 pauci
1177 1097 1342 1178 tandem

168 1255 360 1337 agraeco
385 1230 585 1312 vocabulo
607 1229 726 1324 nbor,
756 1231 865 1339 quod
886 1229 1010 1312 latine
1034 1231 1099 1310 fur
1119 1231 1338 1338 significat.

258 1365 415 1446 Verum
433 1364 629 1473 quidquid
646 1366 700 1446 sit
715 1366 764 1446 de
781 1365 877 1446 furti
897 1365 1175 1479 ethymologia
1195 1365 1344 1473 duplex

170 1505 232 1580 est
262 1499 352 1606 ejus
383 1498 579 1582 definitio.
614 1497 813 1606 Theologi
845 1491 955 1579 enirn
986 1525 1080 1580 cum
1114 1499 1158 1579 S.
1184 1497 1345 1579 Thema

169 1636 215 1718 2.
249 1637 295 1718 2.
320 1638 476 1740 quaest.
513 1639 588 1714 66.
614 1659 655 1712 α.
682 1637 726 1714 3.
762 1631 862 1712 illud
894 1631 1093 1714 definiunt
1112 1633 1345 1713 —occnlta

169 1767 348 1876 acceptio
390 1771 452 1848 rei
472 1769 648 1868 alienae,
672 1767 836 1848 domino
864 1767 1170 1849 rationabiliter
1201 1769 1340 1849 incito.

171 1897 206 1976 E
237 1907 379 1982 contra
404 1901 579 2008 juristae
610 1928 705 1982 curn
732 1899 1028 2008 jurisconsulto
1070 1900 1203 1980 Paulo
1239 1900 1343 1981 defi-

172 2029 626 2141 niunt—frondolosa
657 2036 942 2133 contrectatio,
975 2037 1058 2116 sine
1084 2034 1262 2142 acceptio
1285 2034 1347 2115 rei

171 2161 347 2257 alienae,
384 2165 444 2244 cel
475 2167 558 2272 ejus
600 2193 710 2258 usus,
755 2175 827 2246 ont
860 2167 1127 2275 possessionis
1168 2165 1345 2271 ejusdem

169 2297 276 2381 lucri
294 2297 492 2407 faciendi
519 2302 674 2408 pratia.

255 2431 431 2512 Furtum
458 2431 552 2540 jure
578 2431 743 2531 Divino,
769 2437 1002 2512 et-naturae
1025 2430 1213 2513 illicitum
1235 2459 1343 2534 esse,

170 2572 259 2646 tum
291 2592 344 2646 ex
374 2565 605 2674 praeceptis
635 2565 846 2672 Decalogi,
880 2572 968 2646 tum
991 2593 1041 2647 ex
1065 2565 1140 2676 lep.
1166 2567 1206 2647 1.
1232 2571 1273 2669 ἓ.
1298 2569 1342 2647 3.

170 2697 379 2780 docemur.
422 2701 542 2781 Unus
582 2707 719 2781 tamen
759 2725 883 2780 casus
924 2700 1142 2807 excipitur,
1188 2699 1227 2779 in
1266 2723 1346 2806 quo

169 2857 258 2911 rem
290 2831 406 2913 elteri
437 2833 651 2939 subripere
682 2857 762 2911 non
794 2839 857 2912 est
888 2833 1075 2934 vetitum,
1104 2831 1259 2916 scilicet
1279 2858 1348 2914 ca·

172 2991 245 3044 sus
276 2972 485 3047 extremae
516 2963 787 3064 necessitatis
821 2963 855 3045 si
890 2964 992 3046 forte
1023 2966 1144 3064 lame,
1172 2967 1235 3047 vel
1267 2965 1347 3047 alio

172 3096 387 3180 incomodo
409 3099 666 3207 pereundum
689 3105 812 3180 esset.
838 3094 961 3178 Ratio
992 3107 1068 3200 est,
1093 3101 1191 3207 quia
1212 3099 1254 3178 in
1276 3099 1347 3180 tali

172 3231 416 3313 necessitate
452 3239 659 3314 remeatur
698 3233 749 3312 ad
780 3231 1033 3339 primaevam
1066 3241 1275 3334 naturam,
1309 3240 1349 3312 et

42 3361 46 3370 ’
172 3389 238 3445 res
278 3365 383 3448 fiunt
423 3391 679 3468 communes,
723 3391 819 3448 narn
862 3365 914 3445 ab
956 3364 1072 3446 initio
1108 3391 1252 3444 omnes
1282 3391 1348 3444 res

169 3507 354 3582 terrenae
386 3500 427 3581 in
458 3499 826 3582 substentationem
858 3499 1037 3581 hominis
1058 3499 1345 3599 communiter,

171 3641 211 3715 et
242 3634 450 3715 indivisim
492 3661 565 3742 pro
604 3634 799 3715 omnibus
840 3643 999 3716 creatae
1039 3642 1152 3736 sunt,
1186 3641 1226 3714 et
1256 3632 1349 3714 licet

171 3797 224 3852 ex
254 3767 457 3878 postfacto
489 3767 637 3849 divisio
668 3794 807 3850 rerum
829 3768 934 3850 inter
954 3768 1143 3850 homines
1174 3765 1350 3848 interve·
1405 3827 1411 3836 .

179 3901 301 4002 nerit‚
334 3901 572 4009 hujusmodi
593 3908 728 3983 tamen
751 3901 897 3982 divisio
919 3901 1115 4008 derogare
1147 3900 1255 3980 haud
1279 3925 1350 3979 va-

172 4035 227 4116 let
259 4035 409 4116 rationi
440 4035 634 4137 naturali,
664 4063 770 4145 quae
801 4036 926 4117 dictat
955 4063 1006 4116 ex
1038 4036 1163 4115 rebus
1184 4041 1348 4139 tempo-

173 4169 330 4252 ralibus
352 4169 681 4252 subveniendum
704 4196 794 4251 esse
816 4177 1023 4250 extremae
1045 4165 1260 4249 hominum
1281 4191 1351 4246 ne-

174 4303 369 4406 cessitati,
390 4304 442 4386 ad
464 4329 641 4412 quorum
663 4328 788 4384 usum
810 4302 1020 4384 ordinatae
1043 4298 1352 4384 luerunt.Unde

181 4435 225 4517 S.
250 4437 499 4520 Ambrosius
531 4438 684 4520 relatus
708 4437 750 4518 in
776 4437 881 4548 Cap.
901 4437 1017 4520 Sicut
1040 4437 1073 4517 ii
1086 4439 1131 4529 3,
1151 4433 1246 4518 dist.
1272 4434 1348 4525 47,
