3360 5126
530 387 630 434 uisus
652 389 682 434 r.
709 404 751 418 -
775 389 913 436 mrunus
936 390 992 435 xm
1285 369 1350 435 229

173 511 372 593 scendum
404 539 572 593 necesse
602 521 677 612 est,
714 521 761 594 ut
790 513 1032 616 divisioneS,
1076 541 1151 596 seu
1192 517 1372 624 species,

173 643 383 727 homicidii
416 645 458 725 in
489 645 673 728 medium
704 647 980 755 proferamus¹

261 779 513 888 Multiplices
544 781 764 862 traduntur
794 809 819 864 a
849 781 1112 882 DuctoribuS,
1151 791 1191 865 et
1221 783 1351 867 Cano·

174 913 295 994 nistis
314 913 553 1022 hujusmodi
577 913 785 996 homicidii
809 915 1048 1017 divisiones,
1073 943 1148 997 seu
1169 918 1350 1026 species3

174 1047 246 1128 sed
278 1047 398 1130 nobis
430 1047 542 1128 aliud
574 1054 636 1130 est
667 1049 956 1143 uoluntarium,
986 1049 1098 1130 aliud
1123 1050 1353 1132 incolente-

175 1185 299 1276 rium,
334 1211 408 1264 seu
439 1185 619 1284 causale,
655 1193 700 1265 ut
730 1185 895 1266 rubrica
926 1183 1050 1292 hujus
1082 1184 1189 1266 tituli
1221 1189 1354 1266 mani-

175 1318 277 1397 feste
306 1316 506 1424 perhibet.
542 1317 834 1400 Voluntarium
867 1326 944 1419 est,
979 1320 1087 1426 quod
1110 1319 1154 1398 [it
1174 1345 1269 1400 cum
1293 1319 1354 1399 in-

174 1448 368 1552 tentione,
402 1457 442 1532 et
472 1451 696 1533 deliberato
729 1452 868 1534 animo
905 1451 1132 1553 occidendi,
1181 1451 1245 1531 vel
1290 1451 1355 1534 di-

175 1588 292 1674 recto,
327 1591 367 1664 et
399 1585 441 1664 in
469 1611 526 1678 sc,
562 1593 607 1666 ut
637 1585 673 1664 si
707 1585 844 1692 gladio
876 1585 1043 1666 Bertam
1071 1583 1194 1666 serias
1216 1585 1354 1665 animo

174 1715 383 1798 occidendi
415 1718 540 1822 illam,
573 1718 636 1799 vel
669 1719 876 1818 indirecte,
909 1727 950 1800 et
992 1719 1033 1798 in
1080 1746 1208 1800 causa
1253 1719 1355 1800 adeo

174 1849 418 1958 propinqua,
456 1859 501 1932 ut
532 1851 742 1933 moraliter
771 1861 881 1934 certo
912 1851 1183 1932 homicidium
1215 1852 1269 1932 sit
1290 1879 1353 1933 se·

175 1991 385 2086 cuturum,
420 1984 513 2066 licet
545 1985 586 2065 in
617 2013 661 2065 se
689 2013 772 2066 non
795 1986 1030 2068 intendatur
1054 1985 1292 2086 formaliter,
1317 1998 1359 2067 et

175 2117 375 2224 explicite,
411 2125 454 2197 ut
484 2119 520 2197 si
557 2119 650 2226 quis
695 2119 891 2226 poculum
938 2128 1186 2199 venenatum
1233 2119 1354 2199 alicui

174 2249 387 2356 praeberet
417 2275 512 2330 cum
545 2249 690 2331 morali
722 2251 904 2359 periculo
935 2251 1084 2331 mortis
1116 2258 1350 2350 secuturae,

175 2382 268 2465 licet
298 2382 387 2465 sine
418 2410 615 2492 expresso
646 2385 871 2493 pronosim,
904 2411 980 2466 sau
1014 2384 1226 2465 voluntate
1248 2383 1357 2466 occi-

175 2518 309 2618 dendi,
347 2519 411 2599 vel
441 2519 476 2599 si
507 2519 673 2600 Bertam
706 2526 1000 2626 praegnantem
1045 2518 1226 2624 graviter
1266 2545 1357 2626 per-

176 2654 324 2753 cutiaS,
358 2660 399 2734 et
429 2655 521 2735 inde
552 2661 750 2760 sequatur
780 2679 893 2734 mors
920 2651 1057 2732 foetus
1080 2652 1267 2734 animati.
1292 2653 1356 2732 ln-

178 2785 472 2887 voluntarium,
505 2814 580 2868 seu
611 2786 778 2867 casuale
808 2795 887 2887 est,
921 2788 1030 2894 quod
1061 2787 1108 2868 fit
1142 2787 1231 2868 sine
1273 2786 1357 2867 ulla

176 2916 399 2998 intentione
432 2919 598 3016 directe,
633 2919 696 2999 vel
729 2918 924 3000 indirecte
961 2919 1186 3018 occidendi,
1232 2930 1280 3002 ut
1319 2903 1369 3000 si*

176 3052 356 3159 projecta
387 3053 428 3132 in
460 3053 554 3134 lusu
589 3054 673 3161 pila
704 3053 884 3161 aliquem
916 3052 1083 3133 fortuito
1116 3052 1351 3133 interficias.

262 3184 557 3266 Voluntarium
588 3185 857 3268 homicidium
890 3184 1170 3266 subdividitur
1201 3185 1242 3264 in
1266 3185 1357 3268 tiet-

178 3323 277 3410 tum,
312 3307 570 3426 seu'justum
603 3319 729 3426 (quod
761 3320 884 3400 etiam
919 3319 1186 3400 homicidium
1223 3345 1356 3398 neccs-

177 3451 337 3534 sarium
367 3477 392 3532 a
422 3451 580 3559 legistis
611 3451 883 3532 communiter
918 3453 1053 3532 vocari
1085 3451 1213 3560 solet).
1238 3458 1278 3530 et
1309 3449 1356 3530 il-

177 3581 248 3662 lud
281 3592 355 3684 est,
392 3587 501 3693 quod
543 3585 606 3667 vel
637 3613 711 3695 pro
743 3585 978 3668 necessaria
1017 3585 1082 3667 sui
1119 3583 1356 3666 defensione

178 3725 340 3802 servato
370 3721 652 3804 moderamine
674 3721 905 3828 inculpatae
932 3722 1101 3824 tutelae,
1127 3721 1189 3802 vel
1212 3747 1264 3801 ex
1286 3745 1357 3801 vo-

178 3853 349 3956 luntate,
384 3863 455 3936 aut
486 3864 703 3964 praecepto
734 3856 969 3964 Superioris
1009 3854 1080 3960 jus
1126 3853 1250 3960 gladii
1283 3851 1358 3930 ha-

177 3987 328 4088 bentis,
364 3987 425 4070 val
453 3989 622 4096 jubente
653 3989 760 4096 lege,
794 3995 1092 4096 consequenter
1132 3985 1254 4068 etiam
1287 4009 1358 4065 ne-

178 4122 372 4221 cessario,
409 4129 448 4204 et
479 4121 543 4203 vel
575 4120 669 4203 inde
694 4121 821 4230 juste,
857 4150 904 4204 ac
940 4121 1049 4203 licite
1079 4120 1139 4202 fit.
1173 4115 1358 4199 Homici-

180 4257 292 4338 dium
325 4266 506 4342 econtra
539 4256 744 4350 illicitum,
770 4283 844 4338 seu
869 4255 1062 4366 injustum
1084 4254 1210 4364 (quod
1233 4249 1354 4333 etiam

179 4387 467 4472 homicidium·
491 4395 533 4473 in
577 4393 722 4502 specie,
772 4402 812 4472 et
857 4389 1126 4474 homicidium
1173 4385 1357 4490 dolosum
