3264 5146
320 361 362 424 28
573 360 577 368 '
606 371 896 424 ranuuucuouns
919 370 1011 422 cums
1035 372 1222 424 carorum

326 531 369 584 se
401 503 720 610 incompetentes
752 502 828 584 hac
857 501 900 582 in
929 529 972 582 re
1004 512 1342 610 recognoverunt,
1378 512 1422 586 ut
1447 507 1481 584 si

236 653 237 656 ‘
324 637 474 718 vellent
503 637 800 742 legislationem
831 635 909 716 hac
938 663 1062 746 super
1085 663 1128 717 re
1149 637 1479 740 modificandam,

325 773 377 852 ad
407 769 634 852 Ecclesiam
666 779 934 870 recurrerent,
968 777 1014 852 ut
1053 797 1131 851 sua
1170 771 1411 854 auctoritate
1442 771 1483 852 id

324 910 563 1011 praestaret3
586 912 708 1011 prout
722 903 957 1010 exemplum
977 903 1348 986 luculentissimum
1367 931 1484 1012 prac-

238 1071 239 1074 *
326 1039 502 1118 buerunt
532 1036 668 1143 Reges
698 1037 869 1137 Galliac,
903 1063 998 1118 cum
1036 1063 1107 1144 per
1146 1048 1329 1119 oratores
1363 1063 1484 1145 roga·

325 1177 472 1252 verunt
502 1170 645 1250 Patres
676 1170 844 1251 Concilii
876 1169 1104 1250 Tridentini
1135 1179 1181 1251 ut
1211 1169 1359 1252 vellent
1394 1171 1485 1252 irri-

324 1315 411 1387 tare
441 1302 703 1384 matrimonia
733 1303 986 1384 clandestina
1015 1311 1055 1384 et
1085 1311 1293 1385 contracta
1322 1333 1347 1384 a
1386 1305 1482 1386 filiis

326 1436 501 1520 familias
531 1438 686 1544 absque
717 1446 932 1544 parentum
963 1463 1184 1537 consensu,
1218 1464 1321 1544 quas
1342 1465 1483 1545 preces

324 1573 457 1680 quoad
490 1571 665 1678 primam
695 1581 852 1679 partem
884 1571 1089 1651 admissae
1118 1579 1232 1672 sunt,
1267 1573 1400 1679 quoad
1421 1574 1482 1652 al-

324 1715 454 1787 teram
485 1705 658 1812 rejectac
689 1713 734 1784 ut
764 1711 874 1813 patet
903 1730 954 1784 ex
984 1731 1079 1785 sess.
1105 1707 1162 1785 24
1182 1733 1273 1816 cap.
1308 1707 1400 1786 lde
1420 1733 1485 1788 re-

315 1841 451 1950 sorm.
486 1841 755 1920 matrimonii.
790 1837 1014 1945 Antiquam
1040 1838 1146 1919 hanc
1167 1847 1207 1920 et
1228 1840 1480 1922 exclusivum

324 1971 533 2053 Ecclesiae
574 1971 877 2075 possessionem
919 1973 1155 2078 recognovit
1175 1973 1264 2080 ipse
1294 1973 1486 2054 Van-Es-

324 2133 416 2214 pen,
437 2105 506 2213 qui
523 2107 619 2188 Jur,
639 2106 797 2185 Eccles.
819 2108 929 2186 unic.
944 2115 1059 2215 port.
1080 2109 1107 2184 2
1125 2109 1187 2186 tit.
1214 2109 1265 2186 l3
1281 2135 1391 2186 num.
1413 2108 1479 2206 16,

325 2245 381 2322 ita
420 2241 491 2321 ait:
540 2240 758 2322 «Constat
782 2240 870 2348 jam
902 2266 927 2319 a
966 2240 1153 2349 pluribus
1199 2241 1377 2322 saeculis
1406 2241 1484 2320 Ec

330 2373 550 2473 »clesiam,
584 2381 623 2454 et
653 2373 816 2480 quidem
843 2375 1050 2483 parientiae
1079 2383 1119 2453 et
1148 2399 1243 2453 cum
1280 2374 1484 2456 exclusio·

329 2533 418 2588 »ne
463 2507 692 2614 principum
737 2507 1012 2589 saecularium
1060 2507 1351 2614 impedimenta
1386 2508 1484 2588 diri-

328 2677 346 2715 »
367 2641 519 2722 mentia
535 2642 638 2722 inter
654 2640 874 2722 catholicos
896 2640 1123 2740 ordinasse,
1143 2667 1272 2748 eaque
1288 2667 1363 2749 pro
1379 2651 1483 2721 tcm-

329 2801 515 2884 »porum
545 2784 584 2854 et
614 2773 798 2854 locorum
828 2773 1146 2854 circumstantiis
1172 2801 1481 2882 nonnumquam
1538 2863 1552 2892 Ι

329 2943 347 2980 »
368 2905 599 2988 extendisse
622 2905 685 2985 vel
705 2905 920 3006 limitasse,
945 2905 1161 2987 autetiam
1184 2906 1408 3007 relaxasse;
1433 2931 1481 2988 ac

330 3073 345 3112 »
368 3066 440 3147 per
459 3065 714 3146 consequens
741 3039 880 3145 negari
903 3065 984 3119 non
1012 3046 1160 3146 potest,
1179 3039 1278 3146 quin
1299 3038 1484 3122 Ecclesia

329 3175 445 3255 »hac
490 3181 688 3282 potestate
734 3199 759 3251 a
798 3171 942 3281 primis
981 3173 1159 3253 saeculis
1196 3173 1362 3282 pacifice
1408 3199 1485 3254 usa

330 3307 548 3388 »luerit.»
1146 3293 1150 3300 ’

443 3439 531 3523 10.ο
561 3439 617 3520 At
646 3467 741 3521 vcro
771 3439 1041 3522 nonnullaab
1064 3438 1389 3520 assentatoribus
1411 3465 1484 3548 po-

321 3573 481 3652 tcstatis
512 3571 643 3653 civilis
674 3575 716 3653 et'
743 3580 880 3654 vetera
910 3581 950 3653 et
970 3598 1077 3652 nova
1098 3583 1385 3680 proponuntur
1414 3599 1483 3653 so-

322 3705 528 3814 phismata
559 3732 634 3786 seu
664 3706 940 3807 difficultates
974 3707 1090 3814 queis
1127 3715 1272 3815 putant
1310 3708 1483 3815 probare

324 3837 452 3918 fuisse
483 3863 534 3917 cx
561 3837 768 3918 Ecclesiae
790 3839 1072 3948 usurpatione,
1097 3841 1205 3947 quod
1227 3866 1278 3920 ea
1296 3839 1373 3920 sibi
1395 3839 1484 3919 vin·

322 3971 520 4052 dicaverit
549 3970 654 4052 hane
688 3979 931 4079 potestatem
971 3973 1082 4080 leges
1124 3973 1277 4054 ferendi
1308 3981 1347 4055 et
1373 3972 1483 4082 judi·

322 4105 440 4187 candi
472 4105 523 4188 de
554 4105 827 4187 matrimoniis
857 4105 1106 4207 christianis;
1140 4114 1180 4186 et
1199 4107 1368 4214 proinde
1388 4132 1480 4188 cam

322 4267 413 4322 csse
442 4239 696 4349 principibus
717 4239 831 4321 laicis
853 4239 1198 4346 reintegrandam,
1222 4249 1344 4348 prout
1366 4267 1483 4349 prae-

320 4373 422 4454 senti
456 4399 556 4453 aevo
587 4399 659 4480 per
689 4370 935 4454 matrimonii
968 4371 1099 4453 civilis
1130 4373 1341 4455 inventum
1365 4373 1480 4454 lacti-
