<?xml version="1.0" encoding="UTF-8"?>
<!DOCTYPE html PUBLIC "-//W3C//DTD XHTML 1.0 Transitional//EN"
    "http://www.w3.org/TR/xhtml1/DTD/xhtml1-transitional.dtd">
<html xmlns="http://www.w3.org/1999/xhtml" xml:lang="en" lang="en">
 <head>
  <title>
</title>
<meta http-equiv="Content-Type" content="text/html;charset=utf-8" />
  <meta name='ocr-system' content='tesseract 3.04.00' />
  <meta name='ocr-capabilities' content='ocr_page ocr_carea ocr_par ocr_line ocrx_word'/>
</head>
<body>
  <div class='ocr_page' id='page_1' title='image "./praelectionesju00angegoog/praelectionesju00angegoog_0184.png"; bbox 0 0 3096 5138; ppageno 0'>
   <div class='ocr_carea' id='block_1_1' title="bbox 400 457 1213 524">
    <p class='ocr_par' dir='ltr' id='par_1_1' title="bbox 400 457 1213 524">
     <span class='ocr_line' id='line_1_1' title="bbox 400 457 1213 524; baseline -0.002 -2"><span class='ocrx_word' id='word_1_1' title='bbox 400 473 507 524; x_wconf 74' lang='lat' dir='ltr'>creua</span> <span class='ocrx_word' id='word_1_2' title='bbox 530 474 576 522; x_wconf 80' lang='lat' dir='ltr'>ru.</span> <span class='ocrx_word' id='word_1_3' title='bbox 601 491 621 506; x_wconf 93' lang='lat'>-</span> <span class='ocrx_word' id='word_1_4' title='bbox 644 473 783 524; x_wconf 77' lang='lat' dir='ltr'>rrrunus</span> <span class='ocrx_word' id='word_1_5' title='bbox 805 473 852 522; x_wconf 82' lang='lat' dir='ltr'>rr.</span> <span class='ocrx_word' id='word_1_6' title='bbox 1151 457 1213 520; x_wconf 82' lang='lat'>173</span> 
     </span>
    </p>
   </div>
   <div class='ocr_carea' id='block_1_2' title="bbox 73 599 1213 4580">
    <p class='ocr_par' dir='ltr' id='par_1_2' title="bbox 73 599 1213 4580">
     <span class='ocr_line' id='line_1_2' title="bbox 73 599 1209 709; baseline 0.004 -35"><span class='ocrx_word' id='word_1_7' title='bbox 73 601 241 682; x_wconf 75' lang='lat' dir='ltr'>»moveri</span> <span class='ocrx_word' id='word_1_8' title='bbox 272 601 430 709; x_wconf 83' lang='lat' dir='ltr'>possint</span> <span class='ocrx_word' id='word_1_9' title='bbox 461 601 512 682; x_wconf 87' lang='lat' dir='ltr'>ad</span> <span class='ocrx_word' id='word_1_10' title='bbox 542 601 777 709; x_wconf 78' lang='lat' dir='ltr'>superiores</span> <span class='ocrx_word' id='word_1_11' title='bbox 798 599 976 680; x_wconf 76' lang='lat' dir='ltr'>ordines:</span> <span class='ocrx_word' id='word_1_12' title='bbox 1002 599 1209 680; x_wconf 77' lang='lat' dir='ltr'><strong>Sanctitas</strong></span> 
     </span>
     <span class='ocr_line' id='line_1_3' title="bbox 73 731 1210 841; baseline 0.003 -32"><span class='ocrx_word' id='word_1_13' title='bbox 73 737 193 835; x_wconf 64' lang='lat' dir='ltr'>§Sua</span> <span class='ocrx_word' id='word_1_14' title='bbox 225 735 389 816; x_wconf 86' lang='lat' dir='ltr'>attentis</span> <span class='ocrx_word' id='word_1_15' title='bbox 419 734 626 832; x_wconf 91' lang='lat' dir='ltr'>omnibus,</span> <span class='ocrx_word' id='word_1_16' title='bbox 662 741 702 814; x_wconf 92' lang='lat' dir='ltr'>et</span> <span class='ocrx_word' id='word_1_17' title='bbox 723 760 774 813; x_wconf 84' lang='lat' dir='ltr'>ex</span> <span class='ocrx_word' id='word_1_18' title='bbox 795 731 963 841; x_wconf 90' lang='lat' dir='ltr'>speciali</span> <span class='ocrx_word' id='word_1_19' title='bbox 985 733 1119 840; x_wconf 88' lang='lat' dir='ltr'>gratia</span> <span class='ocrx_word' id='word_1_20' title='bbox 1139 734 1210 812; x_wconf 92' lang='lat' dir='ltr'>be·</span> 
     </span>
     <span class='ocr_line' id='line_1_4' title="bbox 73 863 1211 975; baseline 0.004 -34"><span class='ocrx_word' id='word_1_21' title='bbox 73 869 211 973; x_wconf 83' lang='lat' dir='ltr'>›nigne</span> <span class='ocrx_word' id='word_1_22' title='bbox 240 866 507 975; x_wconf 79' lang='lat' dir='ltr'><strong>dispensavit,</strong></span> <span class='ocrx_word' id='word_1_23' title='bbox 542 874 587 948; x_wconf 90' lang='lat' dir='ltr'>ut</span> <span class='ocrx_word' id='word_1_24' title='bbox 617 873 820 973; x_wconf 88' lang='lat' dir='ltr'>quatenus</span> <span class='ocrx_word' id='word_1_25' title='bbox 855 863 954 944; x_wconf 88' lang='lat' dir='ltr'>nihil</span> <span class='ocrx_word' id='word_1_26' title='bbox 995 863 1106 946; x_wconf 92' lang='lat' dir='ltr'>aliud</span> <span class='ocrx_word' id='word_1_27' title='bbox 1137 865 1211 946; x_wconf 92' lang='lat' dir='ltr'>ob-</span> 
     </span>
     <span class='ocr_line' id='line_1_5' title="bbox 74 998 1211 1108; baseline -0.001 -28"><span class='ocrx_word' id='word_1_28' title='bbox 74 1009 184 1099; x_wconf 82' lang='lat' dir='ltr'>›stet,</span> <span class='ocrx_word' id='word_1_29' title='bbox 215 999 322 1082; x_wconf 88' lang='lat' dir='ltr'>licite</span> <span class='ocrx_word' id='word_1_30' title='bbox 354 1001 585 1108; x_wconf 90' lang='lat' dir='ltr'>promoveri</span> <span class='ocrx_word' id='word_1_31' title='bbox 617 999 857 1108; x_wconf 76' lang='lat' dir='ltr'>possintad</span> <span class='ocrx_word' id='word_1_32' title='bbox 889 998 1141 1080; x_wconf 88' lang='lat' dir='ltr'>Diaconatus</span> <span class='ocrx_word' id='word_1_33' title='bbox 1163 1026 1211 1080; x_wconf 91' lang='lat' dir='ltr'>ao</span> 
     </span>
     <span class='ocr_line' id='line_1_6' title="bbox 74 1132 1211 1241; baseline 0 -29"><span class='ocrx_word' id='word_1_34' title='bbox 74 1172 86 1204; x_wconf 78' lang='lat'><strong>»</strong></span> <span class='ocrx_word' id='word_1_35' title='bbox 103 1133 402 1241; x_wconf 74' lang='lat' dir='ltr'>presbyteratus</span> <span class='ocrx_word' id='word_1_36' title='bbox 419 1133 597 1232; x_wconf 77' lang='lat' dir='ltr'>ordineS,</span> <span class='ocrx_word' id='word_1_37' title='bbox 619 1160 666 1214; x_wconf 91' lang='lat' dir='ltr'>ao</span> <span class='ocrx_word' id='word_1_38' title='bbox 683 1133 845 1214; x_wconf 88' lang='lat' dir='ltr'>valeant</span> <span class='ocrx_word' id='word_1_39' title='bbox 861 1132 1031 1240; x_wconf 86' lang='lat' dir='ltr'>insuper</span> <span class='ocrx_word' id='word_1_40' title='bbox 1051 1132 1093 1212; x_wconf 93' lang='lat' dir='ltr'>in</span> <span class='ocrx_word' id='word_1_41' title='bbox 1114 1159 1211 1214; x_wconf 91' lang='lat' dir='ltr'>oon-</span> 
     </span>
     <span class='ocr_line' id='line_1_7' title="bbox 74 1267 1207 1376; baseline -0.002 -28"><span class='ocrx_word' id='word_1_42' title='bbox 74 1303 86 1336; x_wconf 79' lang='lat'><strong>»</strong></span> <span class='ocrx_word' id='word_1_43' title='bbox 98 1268 201 1375; x_wconf 85' lang='lat' dir='ltr'>jugie</span> <span class='ocrx_word' id='word_1_44' title='bbox 211 1267 296 1374; x_wconf 85' lang='lat' dir='ltr'>jam</span> <span class='ocrx_word' id='word_1_45' title='bbox 314 1274 521 1348; x_wconf 86' lang='lat' dir='ltr'>contracto</span> <span class='ocrx_word' id='word_1_46' title='bbox 538 1293 791 1376; x_wconf 89' lang='lat' dir='ltr'>permanere.</span> <span class='ocrx_word' id='word_1_47' title='bbox 812 1267 925 1348; x_wconf 88' lang='lat' dir='ltr'>Haec</span> <span class='ocrx_word' id='word_1_48' title='bbox 942 1274 1080 1347; x_wconf 89' lang='lat' dir='ltr'>autem</span> <span class='ocrx_word' id='word_1_49' title='bbox 1098 1268 1207 1372; x_wconf 92' lang='lat' dir='ltr'>Apo-</span> 
     </span>
     <span class='ocr_line' id='line_1_8' title="bbox 74 1399 1208 1508; baseline -0.002 -27"><span class='ocrx_word' id='word_1_50' title='bbox 74 1401 253 1482; x_wconf 79' lang='lat' dir='ltr'>»stolicae</span> <span class='ocrx_word' id='word_1_51' title='bbox 283 1401 403 1482; x_wconf 88' lang='lat' dir='ltr'>Sedis</span> <span class='ocrx_word' id='word_1_52' title='bbox 435 1401 690 1508; x_wconf 88' lang='lat' dir='ltr'>indulgentia</span> <span class='ocrx_word' id='word_1_53' title='bbox 719 1401 810 1482; x_wconf 92' lang='lat' dir='ltr'>illos</span> <span class='ocrx_word' id='word_1_54' title='bbox 841 1409 1000 1483; x_wconf 86' lang='lat' dir='ltr'>tantum</span> <span class='ocrx_word' id='word_1_55' title='bbox 1043 1399 1208 1507; x_wconf 83' lang='lat' dir='ltr'>respicit</span> 
     </span>
     <span class='ocr_line' id='line_1_9' title="bbox 76 1533 1210 1642; baseline 0.004 -34"><span class='ocrx_word' id='word_1_56' title='bbox 76 1533 272 1634; x_wconf 65' lang='lat' dir='ltr'>»elericos</span> <span class='ocrx_word' id='word_1_57' title='bbox 306 1535 355 1615; x_wconf 92' lang='lat' dir='ltr'>de</span> <span class='ocrx_word' id='word_1_58' title='bbox 387 1533 538 1642; x_wconf 91' lang='lat' dir='ltr'>quibus</span> <span class='ocrx_word' id='word_1_59' title='bbox 569 1561 763 1642; x_wconf 87' lang='lat' dir='ltr'>expresse</span> <span class='ocrx_word' id='word_1_60' title='bbox 779 1533 961 1642; x_wconf 89' lang='lat' dir='ltr'>loquitur</span> <span class='ocrx_word' id='word_1_61' title='bbox 981 1543 1210 1614; x_wconf 88' lang='lat' dir='ltr'>memorata</span> 
     </span>
     <span class='ocr_line' id='line_1_10' title="bbox 75 1663 1212 1774; baseline 0.001 -30"><span class='ocrx_word' id='word_1_62' title='bbox 75 1667 274 1774; x_wconf 74' lang='lat' dir='ltr'>»Epistola</span> <span class='ocrx_word' id='word_1_63' title='bbox 302 1675 389 1748; x_wconf 89' lang='lat' dir='ltr'>tua.</span> <span class='ocrx_word' id='word_1_64' title='bbox 422 1712 443 1740; x_wconf 93' lang='lat'>-.</span> <span class='ocrx_word' id='word_1_65' title='bbox 472 1665 664 1747; x_wconf 88' lang='lat' dir='ltr'>Ceterum</span> <span class='ocrx_word' id='word_1_66' title='bbox 700 1667 855 1764; x_wconf 71' lang='lat' dir='ltr'>Sanus</span> <span class='ocrx_word' id='word_1_67' title='bbox 895 1665 947 1745; x_wconf 90' lang='lat' dir='ltr'>D.</span> <span class='ocrx_word' id='word_1_68' title='bbox 990 1663 1044 1746; x_wconf 90' lang='lat' dir='ltr'>N.</span> <span class='ocrx_word' id='word_1_69' title='bbox 1089 1663 1212 1745; x_wconf 87' lang='lat' dir='ltr'>vehe-</span> 
     </span>
     <span class='ocr_line' id='line_1_11' title="bbox 78 1799 1207 1908; baseline 0.001 -30"><span class='ocrx_word' id='word_1_70' title='bbox 78 1810 246 1881; x_wconf 82' lang='lat' dir='ltr'>»menter</span> <span class='ocrx_word' id='word_1_71' title='bbox 265 1800 453 1881; x_wconf 85' lang='lat' dir='ltr'>hortatur</span> <span class='ocrx_word' id='word_1_72' title='bbox 474 1799 514 1879; x_wconf 92' lang='lat' dir='ltr'>in</span> <span class='ocrx_word' id='word_1_73' title='bbox 536 1799 713 1881; x_wconf 91' lang='lat' dir='ltr'>Domino</span> <span class='ocrx_word' id='word_1_74' title='bbox 728 1799 1055 1908; x_wconf 89' lang='lat' dir='ltr'>Amplitudinem</span> <span class='ocrx_word' id='word_1_75' title='bbox 1071 1800 1207 1879; x_wconf 91' lang='lat' dir='ltr'>Tuam</span> 
     </span>
     <span class='ocr_line' id='line_1_12' title="bbox 79 1930 1212 2040; baseline 0 -30"><span class='ocrx_word' id='word_1_76' title='bbox 79 1941 138 2011; x_wconf 84' lang='lat' dir='ltr'>»et</span> <span class='ocrx_word' id='word_1_77' title='bbox 163 1932 429 2013; x_wconf 89' lang='lat' dir='ltr'>Venerabiles</span> <span class='ocrx_word' id='word_1_78' title='bbox 455 1932 681 2040; x_wconf 86' lang='lat' dir='ltr'>Episcopus</span> <span class='ocrx_word' id='word_1_79' title='bbox 703 1931 823 2013; x_wconf 88' lang='lat' dir='ltr'>istius</span> <span class='ocrx_word' id='word_1_80' title='bbox 843 1930 1102 2030; x_wconf 80' lang='lat' dir='ltr'>Provinciae,</span> <span class='ocrx_word' id='word_1_81' title='bbox 1126 1931 1212 2010; x_wconf 91' lang='lat' dir='ltr'>Vo-</span> 
     </span>
     <span class='ocr_line' id='line_1_13' title="bbox 78 2063 1211 2172; baseline 0.001 -30"><span class='ocrx_word' id='word_1_82' title='bbox 78 2063 234 2172; x_wconf 81' lang='lat' dir='ltr'>»bisque</span> <span class='ocrx_word' id='word_1_83' title='bbox 266 2064 378 2146; x_wconf 82' lang='lat' dir='ltr'>addit</span> <span class='ocrx_word' id='word_1_84' title='bbox 408 2064 583 2166; x_wconf 63' lang='lat' dir='ltr'>animoa</span> <span class='ocrx_word' id='word_1_85' title='bbox 617 2073 663 2145; x_wconf 94' lang='lat' dir='ltr'>ut</span> <span class='ocrx_word' id='word_1_86' title='bbox 683 2065 827 2146; x_wconf 90' lang='lat' dir='ltr'>maiori</span> <span class='ocrx_word' id='word_1_87' title='bbox 852 2089 982 2172; x_wconf 92' lang='lat' dir='ltr'>usque</span> <span class='ocrx_word' id='word_1_88' title='bbox 1003 2063 1211 2144; x_wconf 86' lang='lat' dir='ltr'>alacritate</span> 
     </span>
     <span class='ocr_line' id='line_1_14' title="bbox 78 2196 1208 2308; baseline -0.001 -33"><span class='ocrx_word' id='word_1_89' title='bbox 78 2199 365 2279; x_wconf 72' lang='lat' dir='ltr'>»ministerium</span> <span class='ocrx_word' id='word_1_90' title='bbox 387 2207 570 2280; x_wconf 86' lang='lat' dir='ltr'>vestrum</span> <span class='ocrx_word' id='word_1_91' title='bbox 593 2199 822 2308; x_wconf 68' lang='lat' dir='ltr'>implentes</span> <span class='ocrx_word' id='word_1_92' title='bbox 841 2199 984 2280; x_wconf 89' lang='lat' dir='ltr'>sedulo</span> <span class='ocrx_word' id='word_1_93' title='bbox 1006 2196 1208 2296; x_wconf 87' lang='lat' dir='ltr'>nitamini,</span> 
     </span>
     <span class='ocr_line' id='line_1_15' title="bbox 78 2331 1209 2440; baseline 0 -30"><span class='ocrx_word' id='word_1_94' title='bbox 78 2339 144 2411; x_wconf 69' lang='lat' dir='ltr'>»ut</span> <span class='ocrx_word' id='word_1_95' title='bbox 168 2332 405 2412; x_wconf 83' lang='lat' dir='ltr'>elericorum</span> <span class='ocrx_word' id='word_1_96' title='bbox 436 2333 685 2414; x_wconf 88' lang='lat' dir='ltr'>continentia</span> <span class='ocrx_word' id='word_1_97' title='bbox 724 2333 867 2440; x_wconf 90' lang='lat' dir='ltr'>purior</span> <span class='ocrx_word' id='word_1_98' title='bbox 906 2332 1049 2412; x_wconf 88' lang='lat' dir='ltr'>floreat</span> <span class='ocrx_word' id='word_1_99' title='bbox 1079 2355 1127 2410; x_wconf 90' lang='lat' dir='ltr'>ac</span> <span class='ocrx_word' id='word_1_100' title='bbox 1158 2331 1209 2410; x_wconf 90' lang='lat' dir='ltr'>ad</span> 
     </span>
     <span class='ocr_line' id='line_1_16' title="bbox 79 2463 1213 2571; baseline -0.001 -31"><span class='ocrx_word' id='word_1_101' title='bbox 79 2487 279 2544; x_wconf 80' lang='lat' dir='ltr'>»normam</span> <span class='ocrx_word' id='word_1_102' title='bbox 309 2465 514 2571; x_wconf 81' lang='lat' dir='ltr'>genuinae</span> <span class='ocrx_word' id='word_1_103' title='bbox 534 2465 744 2546; x_wconf 88' lang='lat' dir='ltr'>orientalis</span> <span class='ocrx_word' id='word_1_104' title='bbox 765 2463 1003 2571; x_wconf 85' lang='lat' dir='ltr'>disciplinae</span> <span class='ocrx_word' id='word_1_105' title='bbox 1023 2463 1213 2543; x_wconf 87' lang='lat' dir='ltr'>restituta</span> 
     </span>
     <span class='ocr_line' id='line_1_17' title="bbox 78 2593 1210 2707; baseline 0.004 -36"><span class='ocrx_word' id='word_1_106' title='bbox 78 2593 281 2679; x_wconf 77' lang='lat' dir='ltr'>»inviolate</span> <span class='ocrx_word' id='word_1_107' title='bbox 301 2599 508 2707; x_wconf 86' lang='lat' dir='ltr'>persistat.</span> <span class='ocrx_word' id='word_1_108' title='bbox 534 2599 654 2692; x_wconf 84' lang='lat' dir='ltr'>Quod</span> <span class='ocrx_word' id='word_1_109' title='bbox 675 2599 710 2680; x_wconf 88' lang='lat' dir='ltr'>si</span> <span class='ocrx_word' id='word_1_110' title='bbox 732 2598 858 2707; x_wconf 89' lang='lat' dir='ltr'>aliqui</span> <span class='ocrx_word' id='word_1_111' title='bbox 875 2598 1066 2705; x_wconf 90' lang='lat' dir='ltr'>deinceps</span> <span class='ocrx_word' id='word_1_112' title='bbox 1085 2595 1210 2706; x_wconf 92' lang='lat' dir='ltr'>(quod</span> 
     </span>
     <span class='ocr_line' id='line_1_18' title="bbox 77 2727 1212 2842; baseline 0.004 -37"><span class='ocrx_word' id='word_1_113' title='bbox 77 2727 203 2811; x_wconf 82' lang='lat' dir='ltr'>&gt;Deus</span> <span class='ocrx_word' id='word_1_114' title='bbox 234 2736 406 2842; x_wconf 89' lang='lat' dir='ltr'>avertat)</span> <span class='ocrx_word' id='word_1_115' title='bbox 431 2741 524 2842; x_wconf 90' lang='lat' dir='ltr'>post</span> <span class='ocrx_word' id='word_1_116' title='bbox 544 2760 699 2833; x_wconf 90' lang='lat' dir='ltr'>sacros,</span> <span class='ocrx_word' id='word_1_117' title='bbox 733 2743 779 2814; x_wconf 90' lang='lat' dir='ltr'>ut</span> <span class='ocrx_word' id='word_1_118' title='bbox 799 2733 1039 2840; x_wconf 83' lang='lat' dir='ltr'>praefertur,</span> <span class='ocrx_word' id='word_1_119' title='bbox 1073 2733 1212 2813; x_wconf 81' lang='lat' dir='ltr'>matri-</span> 
     </span>
     <span class='ocr_line' id='line_1_19' title="bbox 78 2865 1213 2977; baseline 0.001 -32"><span class='ocrx_word' id='word_1_120' title='bbox 78 2867 274 2948; x_wconf 73' lang='lat' dir='ltr'>»monium</span> <span class='ocrx_word' id='word_1_121' title='bbox 296 2875 495 2950; x_wconf 87' lang='lat' dir='ltr'>attentare</span> <span class='ocrx_word' id='word_1_122' title='bbox 517 2869 883 2977; x_wconf 89' lang='lat' dir='ltr'>praesumpserint,</span> <span class='ocrx_word' id='word_1_123' title='bbox 908 2867 1087 2949; x_wconf 88' lang='lat' dir='ltr'>decernit</span> <span class='ocrx_word' id='word_1_124' title='bbox 1107 2865 1213 2947; x_wconf 88' lang='lat' dir='ltr'>San-</span> 
     </span>
     <span class='ocr_line' id='line_1_20' title="bbox 79 3000 1212 3102; baseline 0.001 -25"><span class='ocrx_word' id='word_1_125' title='bbox 79 3000 210 3080; x_wconf 74' lang='lat' dir='ltr'>»ctitas</span> <span class='ocrx_word' id='word_1_126' title='bbox 241 3003 342 3102; x_wconf 87' lang='lat' dir='ltr'>Sua,</span> <span class='ocrx_word' id='word_1_127' title='bbox 377 3011 423 3083; x_wconf 90' lang='lat' dir='ltr'>ut</span> <span class='ocrx_word' id='word_1_128' title='bbox 454 3003 506 3084; x_wconf 88' lang='lat' dir='ltr'>ad</span> <span class='ocrx_word' id='word_1_129' title='bbox 535 3003 721 3084; x_wconf 87' lang='lat' dir='ltr'>tramites</span> <span class='ocrx_word' id='word_1_130' title='bbox 752 3003 974 3084; x_wconf 87' lang='lat' dir='ltr'>Sacrorum</span> <span class='ocrx_word' id='word_1_131' title='bbox 996 3001 1212 3080; x_wconf 89' lang='lat' dir='ltr'>Canonum</span> 
     </span>
     <span class='ocr_line' id='line_1_21' title="bbox 79 3134 1212 3244; baseline 0.001 -34"><span class='ocrx_word' id='word_1_132' title='bbox 79 3157 230 3216; x_wconf 67' lang='lat' dir='ltr'>»severe</span> <span class='ocrx_word' id='word_1_133' title='bbox 258 3136 501 3244; x_wconf 87' lang='lat' dir='ltr'>puniantur,</span> <span class='ocrx_word' id='word_1_134' title='bbox 535 3145 581 3218; x_wconf 89' lang='lat' dir='ltr'>ut</span> <span class='ocrx_word' id='word_1_135' title='bbox 620 3163 724 3244; x_wconf 89' lang='lat' dir='ltr'>quos</span> <span class='ocrx_word' id='word_1_136' title='bbox 764 3136 947 3218; x_wconf 92' lang='lat' dir='ltr'>studium</span> <span class='ocrx_word' id='word_1_137' title='bbox 988 3134 1212 3214; x_wconf 86' lang='lat' dir='ltr'>servandae</span> 
     </span>
     <span class='ocr_line' id='line_1_22' title="bbox 80 3263 1212 3375; baseline 0 -33"><span class='ocrx_word' id='word_1_138' title='bbox 80 3263 331 3375; x_wconf 79' lang='lat' dir='ltr'>»disciplinae</span> <span class='ocrx_word' id='word_1_139' title='bbox 362 3295 410 3349; x_wconf 88' lang='lat' dir='ltr'>ac</span> <span class='ocrx_word' id='word_1_140' title='bbox 440 3294 556 3350; x_wconf 88' lang='lat' dir='ltr'>amor</span> <span class='ocrx_word' id='word_1_141' title='bbox 576 3269 849 3351; x_wconf 90' lang='lat' dir='ltr'>continentiae</span> <span class='ocrx_word' id='word_1_142' title='bbox 870 3295 951 3349; x_wconf 92' lang='lat' dir='ltr'>non</span> <span class='ocrx_word' id='word_1_143' title='bbox 973 3273 1122 3362; x_wconf 86' lang='lat' dir='ltr'>movet,</span> <span class='ocrx_word' id='word_1_144' title='bbox 1149 3264 1212 3343; x_wconf 87' lang='lat' dir='ltr'>vel</span> 
     </span>
     <span class='ocr_line' id='line_1_23' title="bbox 78 3401 1210 3510; baseline 0.003 -35"><span class='ocrx_word' id='word_1_145' title='bbox 78 3421 314 3500; x_wconf 82' lang='lat' dir='ltr'>»poenarum</span> <span class='ocrx_word' id='word_1_146' title='bbox 345 3401 468 3482; x_wconf 90' lang='lat' dir='ltr'>timor</span> <span class='ocrx_word' id='word_1_147' title='bbox 497 3411 745 3510; x_wconf 87' lang='lat' dir='ltr'>compescat.</span> <span class='ocrx_word' id='word_1_148' title='bbox 778 3445 799 3462; x_wconf 93' lang='lat'>-</span> <span class='ocrx_word' id='word_1_149' title='bbox 828 3401 942 3481; x_wconf 91' lang='lat' dir='ltr'>Haec</span> <span class='ocrx_word' id='word_1_150' title='bbox 972 3406 1070 3480; x_wconf 91' lang='lat' dir='ltr'>sunt</span> <span class='ocrx_word' id='word_1_151' title='bbox 1105 3424 1210 3506; x_wconf 91' lang='lat' dir='ltr'>quae</span> 
     </span>
     <span class='ocr_line' id='line_1_24' title="bbox 80 3527 1211 3643; baseline 0.004 -36"><span class='ocrx_word' id='word_1_152' title='bbox 80 3527 298 3616; x_wconf 76' lang='lat' dir='ltr'>»Sanctitas</span> <span class='ocrx_word' id='word_1_153' title='bbox 315 3535 403 3618; x_wconf 84' lang='lat' dir='ltr'>Sua</span> <span class='ocrx_word' id='word_1_154' title='bbox 417 3534 512 3615; x_wconf 90' lang='lat' dir='ltr'>Tibi</span> <span class='ocrx_word' id='word_1_155' title='bbox 534 3543 573 3616; x_wconf 91' lang='lat' dir='ltr'>et</span> <span class='ocrx_word' id='word_1_156' title='bbox 593 3534 710 3616; x_wconf 72' lang='lat' dir='ltr'>nnis</span> <span class='ocrx_word' id='word_1_157' title='bbox 730 3534 946 3643; x_wconf 82' lang='lat' dir='ltr'>Episcopis</span> <span class='ocrx_word' id='word_1_158' title='bbox 967 3532 1088 3614; x_wconf 88' lang='lat' dir='ltr'>istius</span> <span class='ocrx_word' id='word_1_159' title='bbox 1109 3532 1211 3612; x_wconf 92' lang='lat' dir='ltr'>Pro·</span> 
     </span>
     <span class='ocr_line' id='line_1_25' title="bbox 80 3665 1211 3776; baseline 0.006 -37"><span class='ocrx_word' id='word_1_160' title='bbox 80 3665 250 3749; x_wconf 71' lang='lat' dir='ltr'>&gt;vinciae</span> <span class='ocrx_word' id='word_1_161' title='bbox 281 3667 514 3774; x_wconf 87' lang='lat' dir='ltr'>significare</span> <span class='ocrx_word' id='word_1_162' title='bbox 544 3669 768 3752; x_wconf 89' lang='lat' dir='ltr'>mandavit.</span> <span class='ocrx_word' id='word_1_163' title='bbox 794 3669 941 3763; x_wconf 80' lang='lat' dir='ltr'>Quoad</span> <span class='ocrx_word' id='word_1_164' title='bbox 961 3667 1119 3775; x_wconf 91' lang='lat' dir='ltr'>reliqua</span> <span class='ocrx_word' id='word_1_165' title='bbox 1138 3694 1211 3776; x_wconf 94' lang='lat' dir='ltr'>op-</span> 
     </span>
     <span class='ocr_line' id='line_1_26' title="bbox 79 3799 1212 3909; baseline 0.006 -36"><span class='ocrx_word' id='word_1_166' title='bbox 79 3823 90 3858; x_wconf 76' lang='lat'><strong>»</strong></span> <span class='ocrx_word' id='word_1_167' title='bbox 106 3807 260 3898; x_wconf 85' lang='lat' dir='ltr'>portuno</span> <span class='ocrx_word' id='word_1_168' title='bbox 290 3801 588 3909; x_wconf 91' lang='lat' dir='ltr'>providebitur.</span> <span class='ocrx_word' id='word_1_169' title='bbox 621 3802 788 3884; x_wconf 85' lang='lat' dir='ltr'>Interim</span> <span class='ocrx_word' id='word_1_170' title='bbox 817 3803 918 3883; x_wconf 91' lang='lat' dir='ltr'>haec</span> <span class='ocrx_word' id='word_1_171' title='bbox 948 3801 1076 3882; x_wconf 88' lang='lat' dir='ltr'>Sacra</span> <span class='ocrx_word' id='word_1_172' title='bbox 1105 3799 1212 3882; x_wconf 88' lang='lat' dir='ltr'>Con-</span> 
     </span>
     <span class='ocr_line' id='line_1_27' title="bbox 79 3933 1211 4044; baseline 0.005 -35"><span class='ocrx_word' id='word_1_173' title='bbox 79 3933 270 4038; x_wconf 68' lang='lat' dir='ltr'>»gregatio</span> <span class='ocrx_word' id='word_1_174' title='bbox 301 3935 575 4043; x_wconf 83' lang='lat' dir='ltr'>Amplitudini</span> <span class='ocrx_word' id='word_1_175' title='bbox 606 3937 722 4018; x_wconf 90' lang='lat' dir='ltr'>Tuae</span> <span class='ocrx_word' id='word_1_176' title='bbox 753 3937 981 4044; x_wconf 90' lang='lat' dir='ltr'>ceterisque</span> <span class='ocrx_word' id='word_1_177' title='bbox 1023 3961 1211 4043; x_wconf 90' lang='lat' dir='ltr'>compro-</span> 
     </span>
     <span class='ocr_line' id='line_1_28' title="bbox 78 4059 1210 4178; baseline 0.01 -41"><span class='ocrx_word' id='word_1_178' title='bbox 78 4059 334 4150; x_wconf 82' lang='lat' dir='ltr'>›vincialibus</span> <span class='ocrx_word' id='word_1_179' title='bbox 365 4069 582 4178; x_wconf 89' lang='lat' dir='ltr'>Episcopis</span> <span class='ocrx_word' id='word_1_180' title='bbox 614 4097 662 4153; x_wconf 89' lang='lat' dir='ltr'>ac</span> <span class='ocrx_word' id='word_1_181' title='bbox 682 4070 797 4178; x_wconf 82' lang='lat' dir='ltr'>gregi</span> <span class='ocrx_word' id='word_1_182' title='bbox 819 4069 1049 4152; x_wconf 89' lang='lat' dir='ltr'>concredito</span> <span class='ocrx_word' id='word_1_183' title='bbox 1070 4067 1210 4150; x_wconf 90' lang='lat' dir='ltr'>omnia</span> 
     </span>
     <span class='ocr_line' id='line_1_29' title="bbox 79 4191 1209 4312; baseline 0.01 -42"><span class='ocrx_word' id='word_1_184' title='bbox 79 4191 200 4279; x_wconf 76' lang='lat' dir='ltr'>»bona</span> <span class='ocrx_word' id='word_1_185' title='bbox 227 4229 274 4284; x_wconf 91' lang='lat' dir='ltr'>ac</span> <span class='ocrx_word' id='word_1_186' title='bbox 304 4201 440 4284; x_wconf 82' lang='lat' dir='ltr'>felicia</span> <span class='ocrx_word' id='word_1_187' title='bbox 469 4203 512 4284; x_wconf 93' lang='lat' dir='ltr'>in</span> <span class='ocrx_word' id='word_1_188' title='bbox 533 4204 710 4286; x_wconf 89' lang='lat' dir='ltr'>Domino</span> <span class='ocrx_word' id='word_1_189' title='bbox 732 4205 991 4312; x_wconf 89' lang='lat' dir='ltr'>adprecatur.</span> <span class='ocrx_word' id='word_1_190' title='bbox 1015 4249 1035 4264; x_wconf 95' lang='lat'>-</span> <span class='ocrx_word' id='word_1_191' title='bbox 1054 4203 1209 4283; x_wconf 88' lang='lat' dir='ltr'>Datum</span> 
     </span>
     <span class='ocr_line' id='line_1_30' title="bbox 81 4327 1208 4422; baseline 0.005 -16"><span class='ocrx_word' id='word_1_192' title='bbox 81 4327 163 4408; x_wconf 74' lang='lat' dir='ltr'>»die</span> <span class='ocrx_word' id='word_1_193' title='bbox 189 4337 241 4415; x_wconf 71' lang='lat'>24</span> <span class='ocrx_word' id='word_1_194' title='bbox 271 4339 425 4418; x_wconf 82' lang='lat' dir='ltr'>Martii</span> <span class='ocrx_word' id='word_1_195' title='bbox 459 4341 628 4420; x_wconf 80' lang='lat'>1858.»</span> <span class='ocrx_word' id='word_1_196' title='bbox 668 4385 689 4400; x_wconf 93' lang='lat'>-</span> <span class='ocrx_word' id='word_1_197' title='bbox 728 4337 1001 4422; x_wconf 84' lang='lat' dir='ltr'>Cohaerenter</span> <span class='ocrx_word' id='word_1_198' title='bbox 1040 4336 1091 4416; x_wconf 90' lang='lat' dir='ltr'>ad</span> <span class='ocrx_word' id='word_1_199' title='bbox 1132 4333 1208 4413; x_wconf 91' lang='lat' dir='ltr'>hoc</span> 
     </span>
     <span class='ocr_line' id='line_1_31' title="bbox 76 4466 1208 4580; baseline 0.002 -38"><span class='ocrx_word' id='word_1_200' title='bbox 76 4482 150 4542; x_wconf 77' lang='lat' dir='ltr'>tum</span> <span class='ocrx_word' id='word_1_201' title='bbox 178 4466 218 4550; x_wconf 88' lang='lat' dir='ltr'>S.</span> <span class='ocrx_word' id='word_1_202' title='bbox 253 4470 385 4552; x_wconf 84' lang='lat' dir='ltr'>Sedes</span> <span class='ocrx_word' id='word_1_203' title='bbox 426 4471 571 4554; x_wconf 89' lang='lat' dir='ltr'>luisset</span> <span class='ocrx_word' id='word_1_204' title='bbox 610 4480 754 4579; x_wconf 87' lang='lat' dir='ltr'>rogata</span> <span class='ocrx_word' id='word_1_205' title='bbox 792 4499 865 4580; x_wconf 93' lang='lat' dir='ltr'>pro</span> <span class='ocrx_word' id='word_1_206' title='bbox 905 4467 1208 4579; x_wconf 87' lang='lat' dir='ltr'>dispensatione</span> 
     </span>
    </p>
   </div>
   <div class='ocr_carea' id='block_1_3' title="bbox 0 0 1554 5138">
    <p class='ocr_par' dir='ltr' id='par_1_3' title="bbox 0 0 1554 5138">
     <span class='ocr_line' id='line_1_32' title="bbox 0 0 1554 5138; baseline 0 0"><span class='ocrx_word' id='word_1_207' title='bbox 0 0 1554 5138; x_wconf 95' lang='lat' dir='ltr'> </span> 
     </span>
    </p>
   </div>
  </div>
 </body>
</html>
