3178 5134
355 410 421 476 264
639 421 928 477 rmuuueuouns
951 423 1042 476 rums
1065 420 1233 478 uiuorum

361 581 440 664 que
467 553 551 654 fiat,
576 561 623 636 ut
650 560 811 662 petatur
840 577 866 632 a
894 553 1066 634 Summo
1086 550 1283 634 Pontifioe
1302 550 1509 659 dispensa·

359 687 417 768 tio
446 713 570 795 super
597 683 855 768 matrimonio
884 691 976 780 rato
994 692 1034 766 et
1052 711 1136 766 non
1155 693 1439 766 consummato
1458 711 1505 766 ex

360 843 488 900 eausa
516 817 792 928 impotentiae,
812 817 861 898 de
880 815 1002 924 eujus
1022 819 1214 899 extremis
1234 844 1318 899 non
1338 823 1507 918 constet,

360 978 442 1033 non
471 959 533 1034 est
561 959 699 1033 tamen
726 949 794 1032 hio
821 949 936 1032 solus
975 975 1112 1052 casm,
1154 977 1251 1032 nam
1291 951 1503 1060 aliquando

359 1086 511 1194 petitur
539 1111 565 1166 a
583 1083 771 1167 Romano
791 1083 987 1166 Pontifioe
1008 1083 1255 1194 dispensatio
1274 1086 1512 1194 simpliciter

360 1247 386 1302 a
413 1217 672 1301 matrimonio
702 1225 789 1300 rato
819 1225 859 1300 et
887 1243 969 1299 non
998 1227 1281 1300 consummato
1301 1221 1378 1300 etsi
1399 1219 1507 1328 prius

360 1375 497 1434 eoram
523 1349 732 1457 judicibus
760 1349 976 1431 ordinariis
1006 1349 1259 1459 disputatum
1287 1350 1343 1430 sit
1370 1349 1423 1431 de
1450 1351 1510 1432 in-

360 1482 567 1567 validitate
596 1481 843 1566 matrimonii
872 1483 925 1564 ob
955 1481 1080 1564 aliam
1099 1509 1282 1584 oausam,
1313 1493 1354 1565 et
1373 1485 1425 1565 lis
1444 1485 1508 1566 de·

361 1617 532 1726 perdita,
565 1624 606 1699 et
632 1644 684 1700 ne
712 1624 871 1698 veteres
905 1643 1028 1698 oasus
1063 1615 1238 1698 uitentur
1271 1617 1512 1698 adducimus

361 1751 540 1834 Causam
569 1748 938 1859 Compostellanam
972 1752 1337 1862 ‹Dispensationis
1367 1753 1508 1832 matri·

361 1884 525 1964 monii»
559 1889 693 1964 aotam
723 1882 831 1992 apud
861 1883 906 1964 S.
941 1880 1306 1990 congregationem
1344 1880 1510 1964 Concilii

361 2016 427 2097 die
459 2019 512 2096 14
540 2016 749 2098 Decembr.
787 2016 912 2116 1878,
944 2015 987 2095 in
1016 2040 1098 2124 qua
1127 2015 1292 2098 obtenta
1317 2015 1396 2096 tuit
1416 2041 1510 2096 oon·

361 2145 526 2230 sultatio
556 2147 665 2256 apud
695 2146 1012 2230 Sanctissimum
1041 2154 1081 2229 et
1119 2173 1315 2230 concessa
1353 2147 1514 2256 dispen-

361 2280 466 2362 satio
500 2279 748 2362 matrimonii
788 2280 865 2362 rati
904 2305 987 2360 non
1025 2282 1298 2363 consummati
1327 2281 1404 2364 etsi
1435 2307 1514 2362 non

361 2412 485 2496 fuerit
512 2413 687 2521 allegata
715 2439 845 2498 causa
872 2411 1150 2522 impotentiae,
1172 2415 1247 2497 sed
1267 2415 1387 2524 longe
1418 2413 1514 2494 alia.
