3264 5146
305 469 344 532 Η
591 478 884 529 Paaunncrronus
906 476 998 528 Junts
1022 473 1192 526 cattorum

311 609 452 692 monia
467 607 596 689 libera
610 605 708 708 sint3
727 605 896 714 proinde
912 605 982 722 jus
1002 602 1246 685 canonicum
1267 601 1342 682 has
1363 627 1474 683 com-

310 744 528 826 missiones
558 740 749 850 poenales
779 738 1002 820 interdixit.
1027 735 1170 844 Neque
1201 735 1361 817 dicatur
1386 762 1474 816 ma·

307 876 545 960 trimonium
576 882 669 983 post
699 872 908 982 sponsalia
927 869 1015 952 fieri
1037 897 1090 950 ex
1116 868 1277 976 justitia
1307 869 1471 968 debere;

310 1036 486 1119 namque
516 1007 592 1089 etsi
622 1005 700 1087 hoc
726 1031 870 1086 verum
900 1004 968 1104 sit,
993 1001 1178 1084 Ecclesia
1207 1000 1474 1082 nihilominus

309 1171 390 1225 non
419 1141 578 1223 censuit
617 1147 753 1248 partes
794 1145 885 1218 es'se
926 1136 1069 1244 poenis
1099 1144 1140 1216 et
1169 1135 1356 1216 censuris
1386 1135 1472 1214 adi·

310 1276 465 1384 gendas
486 1273 538 1353 ad
558 1272 681 1352 fidem
697 1270 961 1378 implendam,
982 1271 1053 1351 sed
1074 1270 1211 1376 potius
1227 1267 1470 1365 monendas,

311 1416 356 1489 ut
386 1434 437 1487 ex
469 1405 643 1486 inferius
673 1403 855 1484 dicendis
885 1401 1053 1509 patebit3
1077 1410 1117 1482 et
1147 1401 1208 1482 sic
1237 1401 1343 1481 hanc
1373 1425 1468 1508 poe-

310 1567 459 1623 narum
490 1539 757 1647 adjectionem
777 1545 987 1645 tamquam
1014 1543 1253 1642 gravantem
1275 1534 1464 1615 abolevit.

310 1677 453 1783 Neque
484 1675 644 1755 dicatur
663 1673 844 1753 secundo
865 1671 973 1751 idem
993 1697 1084 1751 esse
1110 1669 1314 1776 judicium
1336 1669 1386 1748 de
1407 1693 1473 1748 ar-

312 1811 412 1891 rhis.
447 1807 636 1915 Namque
666 1807 743 1887 hoc
783 1832 864 1886 non
906 1812 967 1886 est
996 1831 1156 1904 verum,
1190 1831 1284 1883 cum
1325 1800 1470 1882 arrhae

311 1945 392 2022 sint
423 1941 607 2022 modicae
638 1938 893 2037 donationes3
926 1945 948 2017 e
980 1944 1121 2017 contra
1160 1934 1471 2016 commissiones

311 2073 504 2183 poenales
533 2071 692 2152 soleant
719 2097 811 2151 esse
842 2069 1086 2150 immodicae
1107 2076 1147 2148 et
1168 2077 1401 2175 gravanteS,
1427 2079 1472 2146 ut

311 2219 448 2316 partes
465 2205 748 2288 contrahentes
763 2212 875 2285 tutae
891 2203 974 2284 sint
985 2205 1034 2284 de
1046 2203 1360 2310 adimplemento
1376 2229 1470 2310 pro·

312 2338 537 2420 missionis.

429 2476 488 2552 5.⁰
516 2470 621 2551 Inita
650 2468 858 2578 sponsalia
887 2467 1070 2574 obligant
1090 2468 1142 2547 ad
1163 2467 1471 2548 matrimonium

314 2603 633 2687 contrahendum
651 2597 831 2711 tempore
853 2602 1135 2703 determinate,
1160 2601 1195 2682 si
1217 2602 1326 2709 quod
1341 2602 1473 2682 deter-

313 2741 516 2822 minatum
541 2740 610 2841 sit,
633 2739 668 2819 si
690 2745 827 2820 autem
858 2735 1019 2817 nullum
1050 2746 1213 2844 tempus
1243 2736 1471 2843 praefixum

314 2871 449 2972 fuerit,
468 2899 591 2980 quam
607 2871 788 2977 primum
803 2897 887 2951 una
902 2897 998 2976 pars
1013 2868 1309 2950 rationabiliter
1325 2865 1466 2973 exigit.

314 3007 430 3098 Quae
450 3004 646 3111 obligatio
667 3013 729 3086 est
749 3032 802 3084 ccc
821 3006 1007 3110 justitia,
1027 3029 1123 3083 cum
1153 3001 1206 3082 sit
1226 3029 1350 3082 verus
1375 3026 1471 3081 con-

313 3145 482 3238 tractus
507 3146 547 3218 et
565 3146 628 3219 est
646 3139 718 3218 sub
738 3139 869 3247 praei,
896 3138 993 3245 quia
1022 3135 1064 3217 in
1085 3164 1128 3216 re
1149 3135 1263 3241 gravi
1285 3139 1472 3214 versatur
1540 3141 1544 3150 '

312 3271 523 3378 obligatio,
556 3272 718 3352 sivero
744 3272 1025 3380 juramentum
1056 3270 1287 3373 accesserit,
1317 3267 1472 3349 accedit

312 3431 474 3512 quoque
513 3405 708 3512 obligatio
749 3432 800 3486 ex
831 3405 870 3484 vi
910 3404 1134 3512 religioniS,
1169 3412 1214 3486 ut
1254 3406 1471 3484 edocemur

312 3563 402 3646 cap.
431 3539 481 3616 16
504 3537 545 3618 h.
571 3547 600 3618 t.
625 3538 690 3618 Ex
710 3539 972 3647 sponsalibus
1002 3537 1185 3646 proinde,
1210 3545 1370 3645 praeter
1395 3535 1471 3614 im-

311 3669 590 3778 pedimentum
620 3671 815 3753 dirimens
835 3672 1023 3781 publicae
1052 3671 1292 3770 honestatis
1320 3672 1369 3752 de
1390 3697 1470 3778 quo

312 3807 374 3886 et.
399 3805 425 3883 I
429 3805 468 3886 V
484 3831 670 3912 agemus,
703 3804 911 3888 inducitur
941 3831 1102 3916 quoque
1132 3806 1470 3915 impedimentum

313 3937 556 4044 impediens
581 3935 802 4045 prohibens
832 3938 1027 4020 nimirum
1058 3966 1154 4019 cum
1180 3938 1361 4045 qualibet
1390 3937 1471 4017 alia

312 4097 488 4180 persona
518 4070 682 4179 nuptias
711 4077 872 4179 praeter
901 4097 1024 4180 quam
1055 4098 1151 4152 cum
1180 4096 1346 4177 sponsa,
1377 4097 1472 4151 cum

314 4231 397 4285 non
427 4203 547 4284 liceat
575 4203 674 4284 viris
704 4205 843 4313 plures
872 4205 996 4285 simul
1026 4204 1176 4285 habere
1207 4229 1374 4305 uxoreS,
1398 4229 1476 4284 nec

315 4333 561 4418 mulieribus
577 4336 700 4418 viros
719 4383 740 4398 -
754 4337 891 4446 Atque
912 4338 963 4418 ad
983 4337 1089 4418 hanc
1105 4335 1349 4442 exigendam
1369 4335 1474 4414 obli-

316 4467 522 4573 gationem
542 4476 675 4576 potest
695 4469 796 4550 adiri
818 4495 979 4577 quoque
1003 4469 1131 4578 judex
1153 4467 1472 4568 ecclesiasticus
