3380 5132
507 438 614 490 mnna
636 439 681 488 ιν.
707 457 727 472 -
749 441 888 492 rrrunus
911 439 983 492 xrx.
1267 425 1336 489 313

166 592 352 674 »parum
383 566 573 674 praesidii
606 569 658 648 ab
693 567 960 675 intelligentia
999 574 1229 666 mutuatur;
1263 567 1327 646 sic
1427 551 1430 560 ’

164 700 369 806 »periton
393 699 544 780 sicum
576 725 694 782 sacra
724 701 932 782 Ecclesiae
962 707 1162 808 potestate
1192 699 1324 780 civilis

165 834 425 914 »auctoritas
455 835 584 916 amice
620 845 832 942 congruat,
867 861 1020 942 magna
1061 835 1222 941 utrique
1254 861 1329 915 ne·

164 995 315 1048 »cesse
345 979 408 1050 est
437 969 509 1051 liat
538 971 726 1051 utilitatis
767 971 963 1053 accessio
998 970 1182 1050 Alterius
1214 971 1325 1050 enim

65 1157 71 1174 .
162 1099 477 1208 »amplificatur
515 1102 708 1210 dignitaS,
747 1112 800 1206 et,
844 1104 1039 1211 religione
1080 1111 1320 1211 praeeunte,

162 1261 429 1341 »numquam
449 1237 525 1318 erit
545 1265 626 1317 non
647 1239 807 1345 justum
830 1239 1062 1346 imperium:
1088 1238 1202 1318 alteri
1225 1263 1326 1316 vero
1357 1243 1362 1256 '

163 1400 181 1441 »
203 1367 439 1473 adjumenta
467 1370 618 1450 tutelae
639 1380 678 1451 et
699 1369 948 1451 defensionis
978 1370 1019 1449 in
1041 1369 1252 1477 publicum
1273 1368 1327 1448 fi-

162 1499 354 1582 ›delium
385 1501 539 1581 bonum
569 1503 898 1610 suppeditantur.
916 1547 937 1563 -
957 1502 1044 1583 Nos
1077 1503 1214 1609 igitur,
1249 1501 1326 1582 ha·
1359 1542 1363 1560 ‚

162 1667 180 1707 ›
201 1659 294 1713 rum
312 1661 447 1715 rerum
470 1635 793 1717 consideratione
814 1638 1002 1744 permoti,
1023 1663 1117 1718 curn
1139 1635 1324 1716 studiose

162 1767 320 1868 »alias
353 1774 441 1848 tum
472 1768 733 1850 vehementer
762 1768 804 1849 in
835 1769 1039 1875 praesenti
1071 1770 1181 1848 viros
1211 1767 1326 1875 prin·

161 1937 179 1976 »
201 1901 311 2009 cipes
332 1901 374 1981 in
396 1903 654 1983 concordiam
675 1911 797 2012 atque
819 1904 1041 1984 amicitiam
1063 1904 1319 2010 jungendam

162 2035 349 2116 »iterum
369 2034 598 2137 hortamur,
623 2036 849 2145 iisdemque
880 2045 1051 2145 paterna
1072 2065 1166 2117 cum
1197 2038 1325 2118 bene·

160 2202 179 2242 »
201 2169 377 2250 volentia
392 2170 517 2251 veluti
534 2172 743 2252 dexteram
760 2171 881 2279 primi
899 2172 1163 2279 porrigimuS,
1183 2171 1325 2252 oblato

160 2333 178 2376 >
199 2327 416 2407 supremae
446 2296 659 2410 potestatis
682 2303 856 2384 Nostrae
882 2303 1052 2404 auxilio,
1077 2304 1185 2412 quod
1206 2311 1326 2386 tanto

160 2469 178 2510 »
201 2436 335 2544 magis
356 2444 419 2516 est
438 2436 515 2518 hoc
545 2447 725 2546 tempore
752 2438 1047 2539 necessarium,
1072 2447 1224 2546 quanto
1250 2438 1326 2545 jus

158 2603 176 2643 »
198 2569 424 2677 imperandi
445 2571 538 2678 plus
568 2581 630 2653 est
660 2572 702 2652 in
722 2573 910 2682 opinione
927 2572 1169 2671 nominum,
1196 2572 1314 2680 quasi

159 2714 364 2814 »accepto
394 2706 576 2806 vulnere,
606 2707 877 2788 debilitatum.
902 2708 1083 2790 locensis
1110 2707 1196 2813 jam
1227 2733 1323 2814 pro·

157 2839 283 2920 »caci
304 2839 489 2920 libertate
520 2840 685 2940 animis
719 2849 759 2922 et
789 2868 911 2922 omne
942 2841 1116 2949 imperii,
1141 2839 1203 2921 vel
1232 2867 1325 2931 ma»

157 2972 306 3052 »xime
336 2972 523 3079 legitimi,
552 2974 701 3081 jugum
742 2973 897 3056 nefario
938 3001 1045 3056 ausu
1086 2977 1315 3056 detrectan-

157 3104 324 3206 »ti'oua
348 3107 463 3186 salus
484 3107 649 3215 publica
679 3109 874 3216 postulat,
899 3119 944 3190 ut
965 3109 1073 3188 vires
1104 3108 1325 3215 utriusque

155 3239 408 3348 »potestatis
448 3242 735 3322 consocientur
764 3243 816 3322 ad
856 3241 1109 3351 prohibenda
1148 3243 1313 3344 damna,

155 3395 300 3480 »quae
330 3401 411 3454 non
442 3373 564 3455 modo
594 3374 815 3476 Ecclesiae,
840 3376 913 3456 sed
945 3373 1022 3482 ipsi
1054 3373 1176 3454 etiarn
1207 3371 1318 3452 civili

156 3505 380 3587 »societati
412 3506 660 3615 impendent.
684 3553 705 3566 -
731 3507 812 3588 Sed
844 3533 938 3589 cum
969 3505 1145 3587 amicam
1177 3503 1325 3584 volun-

157 3635 327 3752 ›sstatum
368 3641 696 3748 conjunctionem
735 3639 854 3720 valde
895 3639 1135 3738 suademus
1179 3665 1322 3746 preca·

157 3799 370 3881 »murque
387 3773 536 3875 Deum,
557 3773 782 3881 principem
804 3773 933 3882 paciS,
954 3779 999 3854 ut
1021 3798 1201 3852 amorem
1223 3797 1326 3852 oon-

157 3941 175 3982 »
196 3906 357 3987 cordiae
377 3907 420 3985 in
441 3907 601 3985 animos
630 3915 874 3987 cunctorum
906 3905 1120 3986 hominum
1147 3904 1320 4012 injiciat,

158 4049 286 4121 »tum
315 4049 542 4149 temperare
571 4039 701 4119 Nobis
732 4039 810 4148 ipsi
841 4067 923 4120 non
954 4065 1192 4149 possumus
1218 4037 1318 4146 quin

158 4166 389 4255 »Vestram
426 4173 685 4275 industriam,
721 4173 988 4255 Venerabiles
1020 4175 1201 4272 Fratres,
1237 4171 1321 4252 Ve-

157 4315 330 4389 ›strum
360 4309 542 4391 studium
586 4336 633 4388 ac
663 4307 934 4416 vigilantiam,
978 4335 1082 4417 quae
1114 4307 1154 4386 in
1186 4305 1323 4387 Vobis

158 4469 361 4524 »summa
391 4471 481 4524 esse
512 4443 795 4549 intelligimus,
820 4442 952 4548 magis
983 4469 1030 4523 ac
1061 4441 1194 4549 magis
1224 4439 1322 4521 hor-
