<?xml version="1.0" encoding="UTF-8"?>
<!DOCTYPE html PUBLIC "-//W3C//DTD XHTML 1.0 Transitional//EN"
    "http://www.w3.org/TR/xhtml1/DTD/xhtml1-transitional.dtd">
<html xmlns="http://www.w3.org/1999/xhtml" xml:lang="en" lang="en">
 <head>
  <title>
</title>
<meta http-equiv="Content-Type" content="text/html;charset=utf-8" />
  <meta name='ocr-system' content='tesseract 3.04.00' />
  <meta name='ocr-capabilities' content='ocr_page ocr_carea ocr_par ocr_line ocrx_word'/>
</head>
<body>
  <div class='ocr_page' id='page_1' title='image "./praelectionesju00angegoog/praelectionesju00angegoog_0722.png"; bbox 0 0 3356 5118; ppageno 0'>
   <div class='ocr_carea' id='block_1_1' title="bbox 504 375 1365 444">
    <p class='ocr_par' dir='ltr' id='par_1_1' title="bbox 504 375 1365 444">
     <span class='ocr_line' id='line_1_1' title="bbox 504 375 1365 444; baseline 0.002 -2"><span class='ocrx_word' id='word_1_1' title='bbox 504 395 602 442; x_wconf 78' lang='lat' dir='ltr'><em>mena</em></span> <span class='ocrx_word' id='word_1_2' title='bbox 623 396 654 442; x_wconf 80' lang='lat' dir='ltr'><em>v.</em></span> <span class='ocrx_word' id='word_1_3' title='bbox 682 413 722 423; x_wconf 92' lang='lat'>-</span> <span class='ocrx_word' id='word_1_4' title='bbox 747 395 886 443; x_wconf 74' lang='lat' dir='ltr'><em>manuue</em></span> <span class='ocrx_word' id='word_1_5' title='bbox 909 397 1050 444; x_wconf 77' lang='lat' dir='ltr'><em>xxxvm.</em></span> <span class='ocrx_word' id='word_1_6' title='bbox 1298 375 1365 444; x_wconf 72' lang='lat'><em>35?</em></span> 
     </span>
    </p>
   </div>
   <div class='ocr_carea' id='block_1_2' title="bbox 182 523 1444 4514">
    <p class='ocr_par' dir='ltr' id='par_1_2' title="bbox 184 523 1364 1305">
     <span class='ocr_line' id='line_1_2' title="bbox 185 523 1357 630; baseline 0.004 -28"><span class='ocrx_word' id='word_1_7' title='bbox 185 548 356 630; x_wconf 81' lang='lat' dir='ltr'><em>quorum</em></span> <span class='ocrx_word' id='word_1_8' title='bbox 378 523 644 616; x_wconf 68' lang='lat' dir='ltr'><em>retinueritis,</em></span> <span class='ocrx_word' id='word_1_9' title='bbox 670 529 825 606; x_wconf 88' lang='lat' dir='ltr'><em>retentu</em></span> <span class='ocrx_word' id='word_1_10' title='bbox 846 533 937 606; x_wconf 84' lang='lat' dir='ltr'><em>sunt</em></span> <span class='ocrx_word' id='word_1_11' title='bbox 957 568 1015 586; x_wconf 95' lang='lat'>-</span> <span class='ocrx_word' id='word_1_12' title='bbox 1034 527 1097 610; x_wconf 79' lang='lat'><em>22</em></span> <span class='ocrx_word' id='word_1_13' title='bbox 1118 523 1255 608; x_wconf 80' lang='lat' dir='ltr'><em>Mate.</em></span> <span class='ocrx_word' id='word_1_14' title='bbox 1284 529 1357 607; x_wconf 83' lang='grc'><em>18.</em></span> 
     </span>
     <span class='ocr_line' id='line_1_3' title="bbox 184 655 1356 768; baseline 0.006 -32"><span class='ocrx_word' id='word_1_15' title='bbox 184 655 342 738; x_wconf 89' lang='lat' dir='ltr'><em>Verum</em></span> <span class='ocrx_word' id='word_1_16' title='bbox 374 658 471 766; x_wconf 89' lang='lat' dir='ltr'><em>quia</em></span> <span class='ocrx_word' id='word_1_17' title='bbox 501 659 804 741; x_wconf 83' lang='lat' dir='ltr'><em>haecmateria</em></span> <span class='ocrx_word' id='word_1_18' title='bbox 834 659 998 768; x_wconf 90' lang='lat' dir='ltr'><em>penitus</em></span> <span class='ocrx_word' id='word_1_19' title='bbox 1028 658 1258 768; x_wconf 86' lang='lat' dir='ltr'><em>theologica</em></span> <span class='ocrx_word' id='word_1_20' title='bbox 1279 669 1356 764; x_wconf 90' lang='lat' dir='ltr'><em>est,</em></span> 
     </span>
     <span class='ocr_line' id='line_1_4' title="bbox 185 791 1364 902; baseline 0.002 -30"><span class='ocrx_word' id='word_1_21' title='bbox 185 799 224 872; x_wconf 89' lang='lat' dir='ltr'><em>et</em></span> <span class='ocrx_word' id='word_1_22' title='bbox 255 793 304 873; x_wconf 92' lang='lat' dir='ltr'><em>de</em></span> <span class='ocrx_word' id='word_1_23' title='bbox 335 791 413 874; x_wconf 84' lang='lat' dir='ltr'><em>hec</em></span> <span class='ocrx_word' id='word_1_24' title='bbox 443 792 640 902; x_wconf 82' lang='lat' dir='ltr'><em>Theologi</em></span> <span class='ocrx_word' id='word_1_25' title='bbox 663 823 714 875; x_wconf 87' lang='lat' dir='ltr'><em>ex</em></span> <span class='ocrx_word' id='word_1_26' title='bbox 743 795 929 902; x_wconf 82' lang='lat' dir='ltr'><em>professo</em></span> <span class='ocrx_word' id='word_1_27' title='bbox 960 799 1155 894; x_wconf 87' lang='lat' dir='ltr'><em>tractant,</em></span> <span class='ocrx_word' id='word_1_28' title='bbox 1179 793 1275 876; x_wconf 89' lang='lat' dir='ltr'><em>hinc</em></span> <span class='ocrx_word' id='word_1_29' title='bbox 1305 795 1364 874; x_wconf 91' lang='lat' dir='ltr'><em>le-</em></span> 
     </span>
     <span class='ocr_line' id='line_1_5' title="bbox 184 927 1362 1036; baseline 0.002 -30"><span class='ocrx_word' id='word_1_30' title='bbox 184 932 337 1008; x_wconf 91' lang='lat' dir='ltr'><em>ctorem</em></span> <span class='ocrx_word' id='word_1_31' title='bbox 355 927 406 1008; x_wconf 90' lang='lat' dir='ltr'><em>ad</em></span> <span class='ocrx_word' id='word_1_32' title='bbox 428 927 540 1036; x_wconf 89' lang='lat' dir='ltr'><em>ipsos</em></span> <span class='ocrx_word' id='word_1_33' title='bbox 561 929 831 1029; x_wconf 68' lang='lat' dir='ltr'><em>remittimus,</em></span> <span class='ocrx_word' id='word_1_34' title='bbox 856 928 926 1008; x_wconf 92' lang='lat' dir='ltr'><em>illa</em></span> <span class='ocrx_word' id='word_1_35' title='bbox 947 929 1164 1009; x_wconf 83' lang='lat' dir='ltr'><em>dumtaxat</em></span> <span class='ocrx_word' id='word_1_36' title='bbox 1185 929 1362 1010; x_wconf 89' lang='lat' dir='ltr'><em>breviter</em></span> 
     </span>
     <span class='ocr_line' id='line_1_6' title="bbox 185 1062 1362 1171; baseline 0.002 -31"><span class='ocrx_word' id='word_1_37' title='bbox 185 1067 415 1168; x_wconf 86' lang='lat' dir='ltr'><em>tangentes,</em></span> <span class='ocrx_word' id='word_1_38' title='bbox 441 1087 545 1170; x_wconf 89' lang='lat' dir='ltr'><em>quae</em></span> <span class='ocrx_word' id='word_1_39' title='bbox 566 1063 617 1144; x_wconf 93' lang='lat' dir='ltr'><em>ad</em></span> <span class='ocrx_word' id='word_1_40' title='bbox 634 1062 893 1171; x_wconf 88' lang='lat' dir='ltr'><em>propositum</em></span> <span class='ocrx_word' id='word_1_41' title='bbox 911 1070 1099 1144; x_wconf 88' lang='lat' dir='ltr'><em>nostrum</em></span> <span class='ocrx_word' id='word_1_42' title='bbox 1121 1062 1256 1169; x_wconf 82' lang='lat' dir='ltr'><em>magis</em></span> <span class='ocrx_word' id='word_1_43' title='bbox 1273 1064 1362 1143; x_wconf 88' lang='lat' dir='ltr'><em>ani·</em></span> 
     </span>
     <span class='ocr_line' id='line_1_7' title="bbox 186 1193 894 1305; baseline 0.006 -31"><span class='ocrx_word' id='word_1_44' title='bbox 186 1193 471 1277; x_wconf 89' lang='lat' dir='ltr'><em>madversione</em></span> <span class='ocrx_word' id='word_1_45' title='bbox 503 1195 627 1305; x_wconf 86' lang='lat' dir='ltr'><em>digna</em></span> <span class='ocrx_word' id='word_1_46' title='bbox 660 1196 894 1278; x_wconf 88' lang='lat' dir='ltr'><em>videantur.</em></span> 
     </span>
    </p>

    <p class='ocr_par' dir='ltr' id='par_1_3' title="bbox 182 1329 1368 2881">
     <span class='ocr_line' id='line_1_8' title="bbox 273 1329 1363 1440; baseline 0.006 -30"><span class='ocrx_word' id='word_1_47' title='bbox 273 1329 414 1412; x_wconf 90' lang='lat' dir='ltr'><em>Primo</em></span> <span class='ocrx_word' id='word_1_48' title='bbox 436 1331 575 1440; x_wconf 91' lang='lat' dir='ltr'><em>itaque</em></span> <span class='ocrx_word' id='word_1_49' title='bbox 597 1334 824 1418; x_wconf 82' lang='lat' dir='ltr'><em>notandum</em></span> <span class='ocrx_word' id='word_1_50' title='bbox 847 1333 1027 1415; x_wconf 85' lang='lat' dir='ltr'><em>occurrit</em></span> <span class='ocrx_word' id='word_1_51' title='bbox 1047 1332 1173 1414; x_wconf 88' lang='lat' dir='ltr'><em>relate</em></span> <span class='ocrx_word' id='word_1_52' title='bbox 1190 1333 1240 1414; x_wconf 86' lang='lat' dir='ltr'><em>ad</em></span> <span class='ocrx_word' id='word_1_53' title='bbox 1258 1333 1363 1416; x_wconf 91' lang='lat' dir='ltr'><em>hanc</em></span> 
     </span>
     <span class='ocr_line' id='line_1_9' title="bbox 187 1463 1362 1575; baseline 0.003 -33"><span class='ocrx_word' id='word_1_54' title='bbox 187 1463 526 1548; x_wconf 78' lang='lat' dir='ltr'><em>sacramentalem</em></span> <span class='ocrx_word' id='word_1_55' title='bbox 548 1465 840 1575; x_wconf 89' lang='lat' dir='ltr'><em>poenitentiam</em></span> <span class='ocrx_word' id='word_1_56' title='bbox 855 1466 948 1574; x_wconf 88' lang='lat' dir='ltr'><em>jure</em></span> <span class='ocrx_word' id='word_1_57' title='bbox 964 1465 1254 1548; x_wconf 79' lang='lat' dir='ltr'><em>Ecclesiastico</em></span> <span class='ocrx_word' id='word_1_58' title='bbox 1271 1475 1362 1548; x_wconf 90' lang='lat' dir='ltr'><em>sta-</em></span> 
     </span>
     <span class='ocr_line' id='line_1_10' title="bbox 187 1599 1366 1713; baseline 0.004 -34"><span class='ocrx_word' id='word_1_59' title='bbox 187 1607 322 1680; x_wconf 90' lang='lat' dir='ltr'><em>tutum</em></span> <span class='ocrx_word' id='word_1_60' title='bbox 360 1627 450 1682; x_wconf 89' lang='lat' dir='ltr'><em>esse</em></span> <span class='ocrx_word' id='word_1_61' title='bbox 491 1601 532 1680; x_wconf 92' lang='lat' dir='ltr'><em>in</em></span> <span class='ocrx_word' id='word_1_62' title='bbox 572 1602 677 1713; x_wconf 83' lang='lat' dir='ltr'><strong><em>Cap.</em></strong></span> <span class='ocrx_word' id='word_1_63' title='bbox 712 1605 925 1710; x_wconf 81' lang='lat' dir='ltr'><em>utriusque</em></span> <span class='ocrx_word' id='word_1_64' title='bbox 968 1606 1028 1687; x_wconf 81' lang='lat'><em>12</em></span> <span class='ocrx_word' id='word_1_65' title='bbox 1068 1601 1119 1701; x_wconf 70' lang='lat' dir='ltr'><em>h,</em></span> <span class='ocrx_word' id='word_1_66' title='bbox 1146 1609 1175 1681; x_wconf 89' lang='lat' dir='ltr'><em>t.</em></span> <span class='ocrx_word' id='word_1_67' title='bbox 1211 1611 1258 1683; x_wconf 89' lang='lat' dir='ltr'><em>ut</em></span> <span class='ocrx_word' id='word_1_68' title='bbox 1288 1599 1366 1685; x_wconf 93' lang='lat' dir='ltr'><em>hoo</em></span> 
     </span>
     <span class='ocr_line' id='line_1_11' title="bbox 182 1733 1362 1845; baseline 0.004 -31"><span class='ocrx_word' id='word_1_69' title='bbox 182 1733 378 1845; x_wconf 80' lang='lat' dir='ltr'><em>pricutue</em></span> <span class='ocrx_word' id='word_1_70' title='bbox 407 1733 679 1842; x_wconf 91' lang='lat' dir='ltr'><em>poenitentiae</em></span> <span class='ocrx_word' id='word_1_71' title='bbox 710 1746 1031 1836; x_wconf 88' lang='lat' dir='ltr'><em>sacramentum,</em></span> <span class='ocrx_word' id='word_1_72' title='bbox 1065 1743 1105 1817; x_wconf 90' lang='lat' dir='ltr'><em>et</em></span> <span class='ocrx_word' id='word_1_73' title='bbox 1125 1737 1362 1819; x_wconf 88' lang='lat' dir='ltr'><em>communio</em></span> 
     </span>
     <span class='ocr_line' id='line_1_12' title="bbox 189 1866 1361 1978; baseline 0.003 -32"><span class='ocrx_word' id='word_1_74' title='bbox 189 1866 485 1948; x_wconf 86' lang='lat' dir='ltr'><em>Sanctissimae</em></span> <span class='ocrx_word' id='word_1_75' title='bbox 515 1867 798 1951; x_wconf 83' lang='lat' dir='ltr'><em>Eucharistiae</em></span> <span class='ocrx_word' id='word_1_76' title='bbox 830 1869 882 1951; x_wconf 89' lang='lat' dir='ltr'><em>ab</em></span> <span class='ocrx_word' id='word_1_77' title='bbox 916 1869 1132 1978; x_wconf 86' lang='lat' dir='ltr'><em>utriusque</em></span> <span class='ocrx_word' id='word_1_78' title='bbox 1152 1897 1281 1951; x_wconf 84' lang='lat' dir='ltr'><em>sexus</em></span> <span class='ocrx_word' id='word_1_79' title='bbox 1307 1870 1361 1950; x_wconf 91' lang='lat' dir='ltr'><em>fi-</em></span> 
     </span>
     <span class='ocr_line' id='line_1_13' title="bbox 190 1999 1362 2111; baseline 0.003 -33"><span class='ocrx_word' id='word_1_80' title='bbox 190 1999 350 2080; x_wconf 88' lang='lat' dir='ltr'><em>delibus</em></span> <span class='ocrx_word' id='word_1_81' title='bbox 382 2001 563 2108; x_wconf 90' lang='lat' dir='ltr'><em>quolibet</em></span> <span class='ocrx_word' id='word_1_82' title='bbox 592 2029 716 2104; x_wconf 89' lang='lat' dir='ltr'><em>anno,</em></span> <span class='ocrx_word' id='word_1_83' title='bbox 765 2010 947 2111; x_wconf 90' lang='lat' dir='ltr'><em>tempore</em></span> <span class='ocrx_word' id='word_1_84' title='bbox 993 2003 1138 2084; x_wconf 87' lang='lat' dir='ltr'><em>saltem</em></span> <span class='ocrx_word' id='word_1_85' title='bbox 1179 2001 1362 2110; x_wconf 88' lang='lat' dir='ltr'><em>paschali</em></span> 
     </span>
     <span class='ocr_line' id='line_1_14' title="bbox 192 2133 1362 2244; baseline 0.002 -31"><span class='ocrx_word' id='word_1_86' title='bbox 192 2133 426 2242; x_wconf 89' lang='lat' dir='ltr'><em>impleatur,</em></span> <span class='ocrx_word' id='word_1_87' title='bbox 461 2133 582 2244; x_wconf 89' lang='lat' dir='ltr'><em>idque</em></span> <span class='ocrx_word' id='word_1_88' title='bbox 612 2163 753 2218; x_wconf 84' lang='lat' dir='ltr'><em>severe</em></span> <span class='ocrx_word' id='word_1_89' title='bbox 784 2139 836 2218; x_wconf 92' lang='lat' dir='ltr'><em>ab</em></span> <span class='ocrx_word' id='word_1_90' title='bbox 872 2136 1057 2218; x_wconf 88' lang='lat' dir='ltr'><em>Ecclesia</em></span> <span class='ocrx_word' id='word_1_91' title='bbox 1096 2135 1362 2244; x_wconf 83' lang='lat' dir='ltr'><em>praecipitur,</em></span> 
     </span>
     <span class='ocr_line' id='line_1_15' title="bbox 191 2265 1365 2377; baseline 0.003 -32"><span class='ocrx_word' id='word_1_92' title='bbox 191 2265 248 2348; x_wconf 87' lang='lat' dir='ltr'><em>ita</em></span> <span class='ocrx_word' id='word_1_93' title='bbox 278 2274 325 2349; x_wconf 89' lang='lat' dir='ltr'><em>ut</em></span> <span class='ocrx_word' id='word_1_94' title='bbox 355 2269 424 2376; x_wconf 88' lang='lat' dir='ltr'><em>qui</em></span> <span class='ocrx_word' id='word_1_95' title='bbox 455 2275 622 2370; x_wconf 88' lang='lat' dir='ltr'><em>temere,</em></span> <span class='ocrx_word' id='word_1_96' title='bbox 656 2275 696 2350; x_wconf 91' lang='lat' dir='ltr'><em>et</em></span> <span class='ocrx_word' id='word_1_97' title='bbox 726 2270 814 2350; x_wconf 90' lang='lat' dir='ltr'><em>sine</em></span> <span class='ocrx_word' id='word_1_98' title='bbox 835 2269 1017 2377; x_wconf 86' lang='lat' dir='ltr'><em>legitima</em></span> <span class='ocrx_word' id='word_1_99' title='bbox 1037 2291 1181 2368; x_wconf 87' lang='lat' dir='ltr'><em>causa,</em></span> <span class='ocrx_word' id='word_1_100' title='bbox 1206 2293 1254 2348; x_wconf 89' lang='lat' dir='ltr'><em>ac</em></span> <span class='ocrx_word' id='word_1_101' title='bbox 1275 2266 1365 2349; x_wconf 90' lang='lat' dir='ltr'><em>sine</em></span> 
     </span>
     <span class='ocr_line' id='line_1_16' title="bbox 191 2399 1366 2509; baseline 0.003 -29"><span class='ocrx_word' id='word_1_102' title='bbox 191 2401 344 2509; x_wconf 86' lang='lat' dir='ltr'><em>proprii</em></span> <span class='ocrx_word' id='word_1_103' title='bbox 376 2401 552 2484; x_wconf 85' lang='lat' dir='ltr'><em>Perochi</em></span> <span class='ocrx_word' id='word_1_104' title='bbox 583 2401 747 2484; x_wconf 88' lang='lat' dir='ltr'><em>licentia</em></span> <span class='ocrx_word' id='word_1_105' title='bbox 777 2403 1020 2485; x_wconf 89' lang='lat' dir='ltr'><em>alterutrum</em></span> <span class='ocrx_word' id='word_1_106' title='bbox 1061 2399 1249 2484; x_wconf 87' lang='lat' dir='ltr'><em>omittere</em></span> <span class='ocrx_word' id='word_1_107' title='bbox 1290 2428 1366 2484; x_wconf 88' lang='lat' dir='ltr'><em>au-</em></span> 
     </span>
     <span class='ocr_line' id='line_1_17' title="bbox 192 2515 1368 2644; baseline 0 -28"><span class='ocrx_word' id='word_1_108' title='bbox 192 2537 347 2638; x_wconf 88' lang='lat' dir='ltr'><em>derent,</em></span> <span class='ocrx_word' id='word_1_109' title='bbox 382 2535 463 2616; x_wconf 85' lang='lat' dir='ltr'><em>vivi</em></span> <span class='ocrx_word' id='word_1_110' title='bbox 497 2536 548 2619; x_wconf 87' lang='lat' dir='ltr'><em>ab</em></span> <span class='ocrx_word' id='word_1_111' title='bbox 580 2533 771 2644; x_wconf 83' lang='lat' dir='ltr'><em>ingressu</em></span> <span class='ocrx_word' id='word_1_112' title='bbox 801 2515 1010 2618; x_wconf 87' lang='lat' dir='ltr'><em>Ecclesiae</em></span> <span class='ocrx_word' id='word_1_113' title='bbox 1041 2542 1293 2636; x_wconf 84' lang='lat' dir='ltr'><em>arcerentur,</em></span> <span class='ocrx_word' id='word_1_114' title='bbox 1329 2543 1368 2616; x_wconf 88' lang='lat' dir='ltr'><em>et</em></span> 
     </span>
     <span class='ocr_line' id='line_1_18' title="bbox 192 2667 1363 2777; baseline 0.001 -28"><span class='ocrx_word' id='word_1_115' title='bbox 192 2669 343 2749; x_wconf 90' lang='lat' dir='ltr'><em>mortui</em></span> <span class='ocrx_word' id='word_1_116' title='bbox 389 2669 625 2777; x_wconf 83' lang='lat' dir='ltr'><em>sepulturae</em></span> <span class='ocrx_word' id='word_1_117' title='bbox 670 2670 985 2753; x_wconf 84' lang='lat' dir='ltr'><em>Ecclesiasticae</em></span> <span class='ocrx_word' id='word_1_118' title='bbox 1025 2667 1181 2750; x_wconf 88' lang='lat' dir='ltr'><em>honore</em></span> <span class='ocrx_word' id='word_1_119' title='bbox 1221 2667 1363 2775; x_wconf 89' lang='lat' dir='ltr'><em>priva-</em></span> 
     </span>
     <span class='ocr_line' id='line_1_19' title="bbox 192 2809 350 2881; baseline 0.006 -1"><span class='ocrx_word' id='word_1_120' title='bbox 192 2809 350 2881; x_wconf 86' lang='lat' dir='ltr'><em>rentur.</em></span> 
     </span>
    </p>

    <p class='ocr_par' dir='ltr' id='par_1_4' title="bbox 191 2933 1444 4514">
     <span class='ocr_line' id='line_1_20' title="bbox 279 2933 1365 3047; baseline 0.004 -33"><span class='ocrx_word' id='word_1_121' title='bbox 279 2933 368 3017; x_wconf 89' lang='lat' dir='ltr'><em>Nec</em></span> <span class='ocrx_word' id='word_1_122' title='bbox 383 2934 522 3016; x_wconf 87' lang='lat' dir='ltr'><em>minus</em></span> <span class='ocrx_word' id='word_1_123' title='bbox 540 2939 682 3015; x_wconf 87' lang='lat' dir='ltr'><em>notatu</em></span> <span class='ocrx_word' id='word_1_124' title='bbox 699 2933 824 3043; x_wconf 86' lang='lat' dir='ltr'><em>digna</em></span> <span class='ocrx_word' id='word_1_125' title='bbox 839 2947 902 3018; x_wconf 86' lang='lat' dir='ltr'><em>est</em></span> <span class='ocrx_word' id='word_1_126' title='bbox 918 2937 1165 3019; x_wconf 87' lang='lat' dir='ltr'><em>Constitutio</em></span> <span class='ocrx_word' id='word_1_127' title='bbox 1186 2937 1365 3047; x_wconf 81' lang='lat' dir='ltr'><em>Cep.13</em></span> 
     </span>
     <span class='ocr_line' id='line_1_21' title="bbox 193 3055 1444 3178; baseline 0 -30"><span class='ocrx_word' id='word_1_128' title='bbox 193 3069 234 3150; x_wconf 85' lang='lat' dir='ltr'><em>h.</em></span> <span class='ocrx_word' id='word_1_129' title='bbox 260 3077 289 3152; x_wconf 91' lang='lat' dir='ltr'><em>t.</em></span> <span class='ocrx_word' id='word_1_130' title='bbox 325 3067 395 3149; x_wconf 91' lang='lat' dir='ltr'><em>ubi</em></span> <span class='ocrx_word' id='word_1_131' title='bbox 427 3065 598 3150; x_wconf 91' lang='lat' dir='ltr'><em>medicis</em></span> <span class='ocrx_word' id='word_1_132' title='bbox 630 3093 848 3177; x_wconf 88' lang='lat' dir='ltr'><em>corporum</em></span> <span class='ocrx_word' id='word_1_133' title='bbox 881 3069 1143 3178; x_wconf 86' lang='lat' dir='ltr'><em>praecipitur,</em></span> <span class='ocrx_word' id='word_1_134' title='bbox 1188 3076 1234 3148; x_wconf 90' lang='lat' dir='ltr'><em>ut</em></span> <span class='ocrx_word' id='word_1_135' title='bbox 1269 3093 1365 3150; x_wconf 91' lang='lat' dir='ltr'><em>oum</em></span> <span class='ocrx_word' id='word_1_136' title='bbox 1441 3055 1444 3062; x_wconf 67' lang='grc'><strong>’</strong></span> 
     </span>
     <span class='ocr_line' id='line_1_22' title="bbox 192 3199 1364 3311; baseline -0.002 -27"><span class='ocrx_word' id='word_1_137' title='bbox 192 3201 242 3284; x_wconf 85' lang='lat' dir='ltr'><em>ed</em></span> <span class='ocrx_word' id='word_1_138' title='bbox 266 3201 451 3285; x_wconf 89' lang='lat' dir='ltr'><em>infirmos</em></span> <span class='ocrx_word' id='word_1_139' title='bbox 471 3203 513 3284; x_wconf 90' lang='lat' dir='ltr'><em>in</em></span> <span class='ocrx_word' id='word_1_140' title='bbox 534 3203 637 3284; x_wconf 89' lang='lat' dir='ltr'><em>lecto</em></span> <span class='ocrx_word' id='word_1_141' title='bbox 655 3201 838 3311; x_wconf 89' lang='lat' dir='ltr'><em>jacentes</em></span> <span class='ocrx_word' id='word_1_142' title='bbox 869 3208 1084 3302; x_wconf 86' lang='lat' dir='ltr'><em>vocantur,</em></span> <span class='ocrx_word' id='word_1_143' title='bbox 1109 3209 1203 3284; x_wconf 89' lang='lat' dir='ltr'><em>ante</em></span> <span class='ocrx_word' id='word_1_144' title='bbox 1224 3199 1364 3284; x_wconf 88' lang='lat' dir='ltr'><em>omnia</em></span> 
     </span>
     <span class='ocr_line' id='line_1_23' title="bbox 191 3333 1365 3442; baseline 0 -28"><span class='ocrx_word' id='word_1_145' title='bbox 191 3333 304 3442; x_wconf 87' lang='lat' dir='ltr'><em>ipsos</em></span> <span class='ocrx_word' id='word_1_146' title='bbox 336 3342 545 3438; x_wconf 88' lang='lat' dir='ltr'><em>moneant,</em></span> <span class='ocrx_word' id='word_1_147' title='bbox 565 3343 605 3418; x_wconf 91' lang='lat' dir='ltr'><em>et</em></span> <span class='ocrx_word' id='word_1_148' title='bbox 621 3335 832 3438; x_wconf 88' lang='lat' dir='ltr'><em>inducant,</em></span> <span class='ocrx_word' id='word_1_149' title='bbox 853 3345 898 3418; x_wconf 91' lang='lat' dir='ltr'><em>ut</em></span> <span class='ocrx_word' id='word_1_150' title='bbox 923 3335 1108 3417; x_wconf 89' lang='lat' dir='ltr'><em>medicos</em></span> <span class='ocrx_word' id='word_1_151' title='bbox 1129 3335 1365 3417; x_wconf 88' lang='lat' dir='ltr'><em>animarum</em></span> 
     </span>
     <span class='ocr_line' id='line_1_24' title="bbox 192 3469 1366 3580; baseline -0.003 -28"><span class='ocrx_word' id='word_1_152' title='bbox 192 3469 407 3570; x_wconf 87' lang='lat' dir='ltr'><em>advocent,</em></span> <span class='ocrx_word' id='word_1_153' title='bbox 441 3470 572 3580; x_wconf 89' lang='lat' dir='ltr'><em>iisque</em></span> <span class='ocrx_word' id='word_1_154' title='bbox 604 3471 888 3554; x_wconf 90' lang='lat' dir='ltr'><em>confiteantur.</em></span> <span class='ocrx_word' id='word_1_155' title='bbox 931 3471 1056 3579; x_wconf 90' lang='lat' dir='ltr'><em>quue</em></span> <span class='ocrx_word' id='word_1_156' title='bbox 1097 3470 1199 3553; x_wconf 89' lang='lat' dir='ltr'><em>adeo</em></span> <span class='ocrx_word' id='word_1_157' title='bbox 1234 3469 1366 3576; x_wconf 87' lang='lat' dir='ltr'><em>rigide</em></span> 
     </span>
     <span class='ocr_line' id='line_1_25' title="bbox 192 3601 1367 3714; baseline -0.002 -30"><span class='ocrx_word' id='word_1_158' title='bbox 192 3605 392 3707; x_wconf 86' lang='lat' dir='ltr'><em>sancitur,</em></span> <span class='ocrx_word' id='word_1_159' title='bbox 425 3614 472 3687; x_wconf 90' lang='lat' dir='ltr'><em>ut</em></span> <span class='ocrx_word' id='word_1_160' title='bbox 500 3604 536 3686; x_wconf 89' lang='lat' dir='ltr'><em>si</em></span> <span class='ocrx_word' id='word_1_161' title='bbox 568 3603 661 3714; x_wconf 88' lang='lat' dir='ltr'><em>quis</em></span> <span class='ocrx_word' id='word_1_162' title='bbox 693 3605 877 3686; x_wconf 88' lang='lat' dir='ltr'><em>medicus</em></span> <span class='ocrx_word' id='word_1_163' title='bbox 903 3603 1010 3686; x_wconf 90' lang='lat' dir='ltr'><em>hanc</em></span> <span class='ocrx_word' id='word_1_164' title='bbox 1031 3601 1367 3686; x_wconf 89' lang='lat' dir='ltr'><em>constitutionem</em></span> 
     </span>
     <span class='ocr_line' id='line_1_26' title="bbox 191 3737 1369 3848; baseline -0.003 -28"><span class='ocrx_word' id='word_1_165' title='bbox 191 3749 284 3846; x_wconf 87' lang='lat' dir='ltr'><em>post</em></span> <span class='ocrx_word' id='word_1_166' title='bbox 313 3739 636 3848; x_wconf 89' lang='lat' dir='ltr'><em>publicationem</em></span> <span class='ocrx_word' id='word_1_167' title='bbox 659 3739 769 3820; x_wconf 89' lang='lat' dir='ltr'><em>illius</em></span> <span class='ocrx_word' id='word_1_168' title='bbox 790 3747 1076 3846; x_wconf 81' lang='lat' dir='ltr'><em>transgressus</em></span> <span class='ocrx_word' id='word_1_169' title='bbox 1098 3737 1236 3839; x_wconf 86' lang='lat' dir='ltr'><em>luerit,</em></span> <span class='ocrx_word' id='word_1_170' title='bbox 1261 3746 1369 3818; x_wconf 88' lang='lat' dir='ltr'><em>tam-</em></span> 
     </span>
     <span class='ocr_line' id='line_1_27' title="bbox 192 3869 1370 3979; baseline -0.003 -28"><span class='ocrx_word' id='word_1_171' title='bbox 192 3871 262 3952; x_wconf 91' lang='lat' dir='ltr'><em>diu</em></span> <span class='ocrx_word' id='word_1_172' title='bbox 294 3874 345 3953; x_wconf 91' lang='lat' dir='ltr'><em>ab</em></span> <span class='ocrx_word' id='word_1_173' title='bbox 377 3871 584 3954; x_wconf 86' lang='lat' dir='ltr'><em>Ecclesiae</em></span> <span class='ocrx_word' id='word_1_174' title='bbox 615 3871 805 3979; x_wconf 86' lang='lat' dir='ltr'><em>ingressu</em></span> <span class='ocrx_word' id='word_1_175' title='bbox 828 3879 1032 3970; x_wconf 88' lang='lat' dir='ltr'><em>arceatur,</em></span> <span class='ocrx_word' id='word_1_176' title='bbox 1057 3871 1186 3951; x_wconf 93' lang='lat' dir='ltr'><em>donec</em></span> <span class='ocrx_word' id='word_1_177' title='bbox 1207 3869 1330 3950; x_wconf 82' lang='lat' dir='ltr'><em>satist</em></span> <span class='ocrx_word' id='word_1_178' title='bbox 1349 3915 1370 3930; x_wconf 91' lang='lat'>-</span> 
     </span>
     <span class='ocr_line' id='line_1_28' title="bbox 192 4003 1372 4114; baseline -0.001 -28"><span class='ocrx_word' id='word_1_179' title='bbox 192 4005 291 4086; x_wconf 88' lang='lat' dir='ltr'><em>cerit</em></span> <span class='ocrx_word' id='word_1_180' title='bbox 301 4013 591 4114; x_wconf 89' lang='lat' dir='ltr'><em>competenter.</em></span> <span class='ocrx_word' id='word_1_181' title='bbox 607 4005 829 4086; x_wconf 84' lang='lat' dir='ltr'><em>Decretum</em></span> <span class='ocrx_word' id='word_1_182' title='bbox 842 4005 919 4087; x_wconf 94' lang='lat' dir='ltr'><em>hoc</em></span> <span class='ocrx_word' id='word_1_183' title='bbox 931 4005 1197 4086; x_wconf 85' lang='lat' dir='ltr'><em>innovavitS.</em></span> <span class='ocrx_word' id='word_1_184' title='bbox 1210 4004 1314 4086; x_wconf 87' lang='lat' dir='ltr'><em>Pius</em></span> <span class='ocrx_word' id='word_1_185' title='bbox 1331 4003 1372 4085; x_wconf 89' lang='lat' dir='ltr'>V</span> 
     </span>
     <span class='ocr_line' id='line_1_29' title="bbox 191 4136 1367 4252; baseline 0 -34"><span class='ocrx_word' id='word_1_186' title='bbox 191 4147 288 4221; x_wconf 86' lang='lat' dir='ltr'><em>mot.</em></span> <span class='ocrx_word' id='word_1_187' title='bbox 301 4167 425 4252; x_wconf 80' lang='lat' dir='ltr'><em>prop.</em></span> <span class='ocrx_word' id='word_1_188' title='bbox 447 4139 524 4220; x_wconf 91' lang='lat' dir='ltr'><em>inci</em></span> <span class='ocrx_word' id='word_1_189' title='bbox 530 4140 648 4248; x_wconf 90' lang='lat' dir='ltr'><em>piens</em></span> <span class='ocrx_word' id='word_1_190' title='bbox 663 4139 797 4249; x_wconf 76' lang='lat' dir='ltr'><em>Super</em></span> <span class='ocrx_word' id='word_1_191' title='bbox 810 4164 970 4249; x_wconf 67' lang='lat' dir='ltr'><em>yreyem</em></span> <span class='ocrx_word' id='word_1_192' title='bbox 981 4139 1243 4220; x_wconf 87' lang='lat' dir='ltr'><em>Dominicnm</em></span> <span class='ocrx_word' id='word_1_193' title='bbox 1260 4136 1367 4218; x_wconf 86' lang='lat' dir='ltr'><em>edito</em></span> 
     </span>
     <span class='ocr_line' id='line_1_30' title="bbox 192 4269 1366 4379; baseline -0.003 -25"><span class='ocrx_word' id='word_1_194' title='bbox 192 4277 220 4354; x_wconf 89' lang='lat'><em>8</em></span> <span class='ocrx_word' id='word_1_195' title='bbox 254 4281 376 4356; x_wconf 77' lang='lat' dir='ltr'><em>rrenrt.</em></span> <span class='ocrx_word' id='word_1_196' title='bbox 415 4275 535 4355; x_wconf 79' lang='lat'><em>1566</em></span> <span class='ocrx_word' id='word_1_197' title='bbox 567 4281 606 4354; x_wconf 87' lang='lat' dir='ltr'><em>et</em></span> <span class='ocrx_word' id='word_1_198' title='bbox 637 4272 808 4374; x_wconf 87' lang='lat' dir='ltr'><em>addidit,</em></span> <span class='ocrx_word' id='word_1_199' title='bbox 848 4269 908 4354; x_wconf 87' lang='lat' dir='ltr'><em>l.⁰</em></span> <span class='ocrx_word' id='word_1_200' title='bbox 940 4301 992 4355; x_wconf 86' lang='lat' dir='ltr'><em>ne</em></span> <span class='ocrx_word' id='word_1_201' title='bbox 1035 4271 1219 4379; x_wconf 88' lang='lat' dir='ltr'><em>medicus</em></span> <span class='ocrx_word' id='word_1_202' title='bbox 1258 4271 1366 4352; x_wconf 90' lang='lat' dir='ltr'><em>ultra</em></span> 
     </span>
     <span class='ocr_line' id='line_1_31' title="bbox 191 4403 1365 4514; baseline -0.002 -29"><span class='ocrx_word' id='word_1_203' title='bbox 191 4408 357 4490; x_wconf 89' lang='lat' dir='ltr'><em>tertium</em></span> <span class='ocrx_word' id='word_1_204' title='bbox 389 4409 497 4490; x_wconf 93' lang='lat' dir='ltr'><em>diem</em></span> <span class='ocrx_word' id='word_1_205' title='bbox 530 4433 675 4514; x_wconf 81' lang='lat' dir='ltr'><em>aegros</em></span> <span class='ocrx_word' id='word_1_206' title='bbox 708 4403 857 4508; x_wconf 91' lang='lat' dir='ltr'><em>visitet,</em></span> <span class='ocrx_word' id='word_1_207' title='bbox 892 4403 969 4488; x_wconf 91' lang='lat' dir='ltr'><em>nisi</em></span> <span class='ocrx_word' id='word_1_208' title='bbox 1003 4403 1281 4489; x_wconf 82' lang='lat' dir='ltr'><em>confessarius</em></span> <span class='ocrx_word' id='word_1_209' title='bbox 1313 4429 1365 4485; x_wconf 83' lang='lat' dir='ltr'><em>ex</em></span> 
     </span>
    </p>
   </div>
   <div class='ocr_carea' id='block_1_3' title="bbox 0 0 1689 5118">
    <p class='ocr_par' dir='ltr' id='par_1_5' title="bbox 0 0 1689 5118">
     <span class='ocr_line' id='line_1_32' title="bbox 0 0 1689 5118; baseline 0 0"><span class='ocrx_word' id='word_1_210' title='bbox 0 0 1689 5118; x_wconf 95' lang='lat' dir='ltr'><em> </em></span> 
     </span>
    </p>
   </div>
  </div>
 </body>
</html>
