3380 5132
535 402 642 453 crena
665 401 713 452 1v.
737 419 759 434 -
781 401 920 454 rrrunus
943 401 1012 453 xxi.
1300 391 1368 461 345

194 531 357 630 tentiae,
378 532 427 612 de
443 529 595 638 quibus
612 528 792 635 loquitur
807 557 897 610 eoa.
915 533 1064 611 Sauos.
1078 533 1126 610 31
1144 541 1296 638 quaest.
1317 536 1354 630 l,

195 691 298 773 quas
314 663 584 772 poenitentias
602 671 703 744 teste
719 663 873 744 Giraldi
891 692 956 775 op.
976 666 1044 744 cit.
1059 696 1106 774 p.
1127 669 1255 746 lecet.
1272 666 1351 745 741

194 798 361 879 sustulit
392 799 661 878 consuetudo,
686 799 728 878 ld
749 823 911 905 quoque
942 799 1170 879 ostenditur
1190 825 1242 891 ex
1264 799 1356 898 hoc,

194 932 302 1040 quod
323 931 426 1012 tales
448 931 614 1038 nuptiae
635 958 717 1012 non
738 931 1046 1030 benedicantur,
1071 941 1193 1039 prout
1213 959 1263 1011 ex
1287 931 1362 1010 Ri-

195 1065 293 1145 tuali
324 1065 514 1145 Romano
546 1065 588 1145 in
618 1065 811 1146 Rubricis
842 1064 892 1144 de
920 1067 1109 1146 Sacram.
1144 1067 1356 1164 Macrim,

194 1200 264 1279 ubi
296 1199 470 1280 edicitur
500 1200 607 1307 quod
629 1199 665 1279 si
688 1199 730 1278 in
752 1199 889 1307 aliquo
919 1200 1008 1280 loco
1031 1200 1166 1305 vigeat
1186 1225 1362 1280 consue·

196 1334 295 1414 tudo
312 1333 575 1414 benedicendi
592 1332 668 1414 has
684 1335 888 1414 secundas
904 1335 1071 1440 nuptias
1086 1335 1250 1440 quando
1267 1361 1359 1414 mu-

194 1467 268 1547 lier
298 1467 428 1574 primo
460 1468 578 1548 nubit
608 1468 683 1548 etsi
715 1468 778 1546 vir
812 1469 867 1549 sit
897 1467 1061 1568 viduuS,
1096 1475 1230 1574 potest
1261 1468 1361 1550 haec

193 1601 365 1701 servari3
400 1628 479 1680 non
512 1602 658 1709 poterit
687 1611 825 1682 autem
863 1603 1018 1682 servari
1052 1603 1087 1681 si
1119 1603 1267 1682 mulier
1295 1629 1362 1684 se·

194 1735 328 1816 cundo
350 1736 492 1836 nubat,
518 1735 678 1816 etiamsi
701 1735 764 1814 vir
790 1736 923 1842 prima
944 1737 1030 1816 vioe
1052 1736 1360 1816 matrimonium

193 1866 421 1966 contrahat,
445 1893 541 1947 cum
572 1868 614 1948 in
644 1867 721 1968 hoe
751 1895 851 1949 casu
878 1869 1169 1949 abstinendum
1191 1867 1362 1948 omnino

193 2001 246 2080 sit
277 2027 302 2080 a
334 2001 626 2083 benedictione.
652 1975 849 2084 Rationes
879 2002 1004 2109 hujus
1036 2001 1206 2081 minoris
1227 2001 1359 2080 hono·

193 2135 408 2216 rabilitatis
437 2143 549 2237 sunt,
584 2137 693 2244 quod
724 2139 765 2216 in
795 2137 988 2217 secundis
1024 2144 1063 2215 et
1093 2135 1361 2216 ulterioribus

194 2269 347 2376 nuptiis
377 2270 620 2351 interveniat
650 2297 779 2352 eausa
810 2271 947 2377 potius
969 2269 1158 2350 vitandae
1186 2268 1357 2350 inconti-

194 2403 371 2502 nentiae,
395 2428 519 2512 quam
550 2403 735 2484 studium
765 2403 978 2484 habendae
1010 2401 1135 2510 prolis
1165 2411 1205 2482 et
1226 2402 1357 2481 mutui
1451 2503 1455 2512 Ι

194 2513 384 2642 adjutorii
392 2567 402 2636 3
423 2545 462 2617 et
478 2537 621 2618 deinde
644 2537 752 2645 quod
771 2539 811 2618 in
828 2537 1020 2618 secundis
1042 2543 1081 2616 et
1098 2535 1361 2618 ulterioribus

196 2667 350 2774 nuptiis
390 2667 590 2750 habeatur
619 2670 799 2780 defectus
832 2671 875 2750 ia
903 2675 1158 2749 sacramento
1194 2676 1360 2774 propter

195 2804 331 2882 cornis
362 2801 601 2884 diuisionem
631 2804 672 2884 in
705 2805 842 2913 plures
872 2831 995 2912 quam
1028 2805 1109 2884 duo
1141 2804 1238 2902 sint3
1262 2829 1363 2910 que-

197 2937 461 3020 madmodum
478 2941 712 3048 expositum
728 2939 847 3020 estin
868 2941 947 3019 Tit.
968 2939 1054 3018 XX
1067 2939 1185 3018 Libri
1201 2937 1358 3034 Primi}

196 3069 303 3150 unde
334 3095 415 3150 non
447 3071 488 3150 in
519 3079 651 3153 totum
682 3083 756 3154 seu
788 3071 829 3151 in
868 3070 1137 3177 integralibus
1177 3097 1266 3164 non,
1298 3096 1363 3149 re-

194 3203 396 3310 spondent
424 3203 567 3284 unioni
598 3203 749 3286 Christi
781 3231 876 3285 cum
907 3202 1106 3284 Ecclesia.
1403 3311 1405 3318 y

309 3337 371 3417 2.⁰
400 3337 476 3418 Jus
507 3335 808 3438 Romanorum,
842 3349 964 3444 prout
994 3361 1044 3416 ex
1076 3337 1172 3442 Lep.
1214 3336 1231 3412 l
1267 3335 1363 3412 et2

196 3471 451 3579 Dinaea-Dc
483 3473 534 3551 u's
575 3473 646 3578 qui
685 3478 880 3551 notantur
922 3469 1102 3578 infamio
1133 3475 1172 3547 et
1201 3468 1299 3574 Lep.
1339 3469 1356 3546 l

196 3605 280 3686 eta
305 3602 445 3688 Coelio.
480 3605 530 3686 de
558 3604 743 3686 secundis
768 3603 954 3715 Nuptiis,
988 3628 1070 3682 non
1101 3599 1363 3710 permittebat
1506 3708 1512 3717 ι

195 3738 439 3820 mulieribus
468 3739 673 3820 secundas
703 3738 869 3848 nuptias
901 3737 1008 3819 intra
1038 3762 1194 3816 annum
1224 3735 1364 3816 luctus

195 3873 435 3956 contrahere
466 3871 618 3952 inflicta
647 3899 809 3981 quoque
839 3871 1032 3952 infamiae
1074 3877 1289 3950 notatum
1320 3867 1362 3946 in

196 4004 329 4116 ipsam
360 4006 591 4107 mulierem,
615 4033 738 4114 quarn
771 4007 812 4086 in
843 4005 1053 4104 maritum,
1077 4009 1146 4111 qui
1175 4027 1263 4081 eam
1287 4001 1368 4080 du·

195 4139 327 4239 cebet,
361 4167 409 4220 ac
440 4139 481 4218 in
512 4145 683 4246 patrem,
710 4138 779 4246 qui
801 4139 912 4219 illam
944 4136 1088 4244 nuptui
1121 4133 1364 4232 collocabat,

195 4298 269 4355 nec
286 4301 367 4354 nou
384 4274 426 4353 in
444 4282 600 4381 patrem
621 4273 773 4373 mariti,
797 4299 892 4353 eum
915 4277 1053 4379 posset
1074 4269 1204 4350 filium
1226 4264 1364 4374 prohi-

196 4408 306 4489 bere.
326 4407 417 4490 Neo
437 4407 531 4490 talis
554 4406 664 4488 vetiti
687 4414 803 4488 erant
823 4403 1143 4488 contemnendae
1165 4402 1363 4500 rationeS,
1393 4469 1394 4474 a
