3386 5126
570 433 670 482 nmun
691 435 721 480 v.
748 450 790 466 -
814 435 953 484 mounes
975 436 1006 488 v.
1310 417 1373 484 169

194 571 263 645 tus
284 569 461 662 tantum,
487 567 627 642 elnon
659 561 937 668 supradictas
960 562 1285 644 distributiones.
1311 565 1370 644 Ita

193 697 342 779 citatus
365 703 508 778 auctor
543 692 672 776 Cord.
707 695 839 776 Petra
873 697 913 776 in
944 697 1013 776 eit.
1051 695 1126 776 loc.

278 829 549 937 Privilegium
573 837 711 910 autem
743 829 820 911 hoc
841 829 891 910 de
922 829 1133 912 lucrandis
1167 829 1369 911 fructibus

193 965 463 1072 praebendae,
489 975 528 1044 et
549 963 798 1071 quotidianis
830 963 1208 1096 distributionibus
1229 970 1273 1045 ut
1289 990 1366 1044 su-

192 1124 281 1206 pra,
305 1125 385 1179 non
406 1099 540 1178 solum
561 1096 767 1178 Canonioo
789 1097 979 1206 theologo
1002 1100 1124 1198 iavet,
1150 1099 1184 1179 si
1207 1097 1369 1206 publice

192 1233 234 1313 in
265 1232 453 1315 Ecclesia
483 1231 678 1312 lectiones
720 1233 765 1314 S.
811 1233 1049 1341 Scripturae
1089 1231 1253 1332 habeat,
1297 1232 1367 1312 sed

192 1365 314 1448 etiam
351 1367 385 1447 si
419 1367 509 1448 loco
549 1365 698 1448 harum
741 1367 962 1448 lactionum
1001 1365 1265 1472 theologiam,
1304 1365 1368 1446 vel

192 1503 236 1583 S.
263 1500 521 1608 Scripturam
553 1528 602 1581 ex
636 1501 756 1580 venia
787 1502 832 1583 S.
865 1501 984 1582 Sedis
1016 1502 1133 1582 docet
1153 1501 1195 1580 in
1216 1499 1368 1580 scholis

191 1633 525 1742 EpiscopalibuS,
547 1633 604 1714 ita
636 1641 681 1714 ut
702 1660 776 1740 pro
798 1634 957 1742 integra
988 1633 1058 1714 illa
1079 1633 1161 1734 die,
1185 1658 1268 1741 qua
1288 1633 1366 1714 do·

191 1774 272 1865 cet,
292 1793 316 1847 a
337 1767 461 1848 choro
479 1791 626 1848 vacare
648 1766 791 1876 possit,
813 1766 888 1848 etsi
912 1767 1056 1850 doceat
1077 1765 1191 1848 horis
1211 1766 1367 1847 solum-

192 1901 314 1982 modo
346 1901 574 2004 matutinis,
608 1902 670 1982 vel
703 1901 963 2010 vespertinis.
998 1903 1057 1984 lta
1089 1903 1134 1985 S.
1159 1902 1363 2008 Congreg.

190 2034 231 2114 in
248 2038 318 2118 cit.
337 2039 535 2117 Arboren.
553 2037 794 2146 theoloqah's
817 2043 842 2118 7
870 2038 1103 2118 Decembris
1126 2038 1254 2116 1861.
1276 2035 1364 2114 Ve-

190 2177 423 2250 rumtamen
455 2169 599 2274 regula
630 2169 731 2248 haec
761 2171 928 2276 saepius
951 2168 1065 2266 fallit,
1094 2177 1132 2248 et
1154 2167 1285 2272 perdit
1306 2165 1365 2246 ot-

191 2299 332 2380 ficinm
364 2325 503 2398 suum,
540 2300 726 2407 eoquod
759 2301 803 2380 S.
840 2301 967 2380 Sedes
989 2300 1029 2378 in
1052 2298 1220 2379 casibus
1241 2294 1364 2404 parti-

189 2433 401 2515 cularibus
433 2433 608 2514 limitare
640 2441 773 2540 potest
804 2432 880 2513 hoc
916 2433 986 2540 jus
1017 2431 1212 2512 Canonici
1245 2429 1364 2511 theo·

189 2568 271 2676 logi
304 2571 352 2650 ad
387 2569 510 2650 horas
541 2575 720 2680 tantum,
756 2567 796 2646 in
830 2567 982 2675 quibus
1014 2567 1172 2674 ipsein
1214 2566 1365 2647 scholis

190 2700 322 2800 docet,
357 2729 431 2781 ceu
464 2700 586 2781 tradit
617 2701 661 2781 S.
697 2699 970 2807 Congregatio
1002 2701 1043 2780 in
1076 2703 1145 2783 eit.
1184 2701 1360 2812 Pompi-

192 2834 323 2926 loncn,
359 2835 414 2913 16
446 2835 680 2916 Decembris
703 2835 838 2918 1882.

269 2966 355 3049 Nee
369 2969 483 3049 satis:
504 2969 545 3049 in
562 2969 708 3080 Capite
723 2973 826 3050 enim
845 2969 929 3051 512.
946 2975 975 3049 t.
993 2969 1265 3052 Honoriuslll
1281 2980 1364 3052 sta·

189 3103 267 3183 tuit
299 3111 343 3184 ut
374 3105 566 3185 docentes
597 3103 845 3210 theologiam
880 3103 1003 3184 etiam
1027 3111 1144 3184 extra
1165 3130 1265 3184 suas
1287 3103 1365 3184 Ec-

187 3235 350 3338 clesiae,
384 3245 423 3318 et
455 3237 666 3338 beneficia,
702 3237 900 3344 quamdiu
938 3237 1141 3335 docerent,
1179 3265 1364 3320 necnon

187 3367 277 3477 ejus
308 3369 497 3478 discipuli
531 3372 579 3452 ad
620 3371 947 3478 quinquennium
970 3371 1177 3479 percipere
1200 3381 1367 3477 possent

188 3503 346 3584 fructus
387 3505 716 3611 praebendarum
758 3531 948 3607 suarum,
983 3515 1022 3588 et
1053 3506 1361 3605 beneficiorum,

186 3633 260 3716 etsi
293 3635 333 3715 in
366 3633 430 3715 his
462 3635 572 3718 haud
604 3637 845 3739 residerent,
885 3635 1026 3722 habita
1065 3651 1202 3726 tamen
1243 3641 1366 3723 venia

185 3769 447 3890 Apostolicae
478 3771 612 3853 Sedis
650 3769 736 3853 Nec
767 3773 890 3856 refert
921 3777 1029 3884 quod
1069 3776 1109 3856 in
1148 3779 1217 3858 cit.
1257 3779 1359 3888 Cap.

183 3903 318 4009 finali
357 3904 546 3986 videatur
585 3906 738 3988 dictum
779 3908 1040 4017 privilegium
1082 3910 1289 4018 restringi,
1313 3911 1363 3993 ad

185 4035 503 4144 quinquennium
515 4069 530 4137 ;
564 4039 891 4149 quinquennium
933 4043 1042 4122 enim
1074 4042 1152 4124 hoc
1190 4043 1364 4124 refertur

185 4169 234 4250 ad
267 4172 481 4253 studentes
513 4179 690 4276 tantum,
724 4181 764 4256 et
784 4175 1003 4275 discentes,
1042 4205 1120 4258 non
1154 4182 1292 4256 autem
1314 4177 1365 4257 ad

184 4299 391 4408 docentes,
417 4315 463 4388 ut
494 4315 607 4390 notat
628 4309 806 4392 Barbos
834 4311 874 4390 in
908 4312 977 4394 cit.
1007 4311 1110 4424 Cap.
1133 4312 1218 4420 fin.
1245 4310 1363 4404 Quod

186 4437 474 4521 confirmatum
499 4441 575 4523 fuit
596 4469 621 4525 a
641 4444 765 4527 Cone.
792 4445 977 4530 Trident.
1007 4449 1289 4560 Cap.1,sess.
1316 4449 1360 4539 5,
