3136 5138
432 443 539 497 cicun
561 445 606 495 1v.
631 462 651 478 ·
675 445 814 497 mrucus
838 446 882 496 iv.
1064 488 1067 494 .
1181 434 1245 498 137

96 573 277 654 habeatur
286 599 513 653 consensus
523 572 702 681 partium
714 575 763 655 de
773 575 1042 682 praesenti3et
1054 575 1153 657 dum
1165 603 1238 658 an-

94 717 150 789 tea
161 707 414 788 habebantur
428 706 658 789 decisiones
673 736 721 791 ac
738 708 975 816 praesertim
993 735 1236 816 responsum

94 842 132 922 S.
148 840 481 922 Poenitentiariae
498 841 582 922 diei
600 844 651 923 13
667 844 822 924 Martii
841 844 949 923 1820
965 844 1235 950 approbatum

96 1001 116 1052 a
141 975 208 1056 Pio
237 975 324 1074 VII,
358 1001 468 1056 nuno
497 974 672 1057 habetur
700 1002 945 1083 responsum
976 976 1021 1056 S.
1056 975 1235 1084 Congre-

95 1109 253 1215 gationis
283 1107 452 1188 Concilii
484 1109 753 1216 approbatum
785 1135 810 1188 a
840 1111 1012 1190 Summo
1038 1109 1233 1193 Pontifice

92 1242 209 1322 Leone
229 1243 334 1342 XIII,
359 1242 428 1349 qui
459 1240 708 1322 declarando
737 1243 880 1324 statuit
910 1268 963 1322 ex
993 1241 1063 1322 tali
1093 1243 1235 1324 matri-

94 1376 213 1457 monio
241 1375 351 1457 civili
382 1402 464 1456 non
494 1376 637 1458 haberi
676 1376 1014 1485 impedimentum
1044 1377 1232 1484 publicae

91 1508 294 1590 honestatis
325 1507 402 1589 etsi
431 1535 658 1590 consensus
689 1507 1019 1590 contrahentium
1040 1510 1090 1590 de
1115 1536 1233 1618 prae-

90 1643 180 1722 senti
194 1642 446 1743 accessisset,
467 1642 518 1723 ad
535 1642 654 1750 cujus
671 1642 955 1724 auctoritatem
972 1642 1117 1724 Patres
1133 1643 1232 1724 Car-

88 1773 225 1856 dinales
253 1776 547 1857 recurrendum
578 1785 840 1878 censuerunt,
874 1785 920 1859 ut
949 1777 990 1859 id
1025 1777 1230 1859 declarare

88 1915 123 1988 ct
140 1916 308 1992 statuere
339 1909 591 2016 dignaretur,
615 1911 961 2020 quemadmodum
987 1912 1230 2022 praestitum

89 2043 197 2122 estin
217 2043 424 2124 audientia
444 2045 528 2124 diei
552 2045 603 2126 17
624 2046 778 2128 Martii
801 2045 925 2145 1879,
950 2051 1072 2152 prout
1101 2069 1229 2149 supra

87 2176 296 2282 expositum
318 2184 393 2258 est.
419 2177 537 2259 Unde
567 2187 677 2286 patet
705 2177 986 2286 supradictum
1007 2178 1227 2258 Decretum

85 2331 160 2388 esse
188 2309 237 2390 ad
272 2310 402 2391 instar
430 2311 751 2422 Metus-proprii
779 2309 990 2398 Benedicti
1021 2309 1120 2388 XIV
1150 2335 1224 2417 pro

86 2439 224 2550 Belgio,
256 2446 306 2526 de
337 2471 418 2553 quo
449 2444 492 2525 in
532 2453 790 2527 antecessum
830 2445 953 2526 locuti
984 2471 1146 2547 sumuS,
1181 2453 1227 2526 ut

86 2599 212 2683 nempe
238 2603 321 2658 non
352 2578 407 2658 sit
430 2603 545 2660 mera
564 2578 806 2678 declaratio,
829 2578 902 2658 sed
932 2577 1070 2685 potius
1090 2577 1225 2658 decta-

83 2709 176 2787 reb'o
204 2736 293 2790 cem
323 2709 479 2791 decreto
510 2719 550 2792 et
578 2709 655 2792 hac
681 2709 934 2818 expositione
965 2709 1104 2790 omnia
1128 2710 1223 2817 jura

82 2843 375 2923 concordantur.

184 2977 269 3058 11.θ
289 2975 528 3058 Notandum
543 2985 681 3058 tamen
701 2985 763 3060 est
779 2978 821 3058 in
836 2978 1004 3060 laudata
1019 2976 1221 3058 decisione

83 3111 196 3212 quoad
225 3111 532 3192 matrimonium
564 3111 681 3192 civile
713 3112 840 3192 fuisse
871 3113 1099 3194 resolutum
1130 3114 1223 3194 uni-

81 3261 158 3321 cum
173 3270 315 3325 casum
336 3243 775 3352 infrequentissimum;
793 3245 861 3324 vix
877 3245 986 3326 enim
1006 3245 1218 3351 contingit,

81 3375 170 3476 quod
197 3376 275 3458 hoc
305 3378 612 3460 matrimonium
645 3387 809 3459 maneat
843 3405 925 3459 non
960 3403 1222 3459 consumma-

81 3511 166 3608 tum3
188 3509 236 3589 de
258 3509 350 3590 aliis
381 3517 519 3592 autem
550 3511 716 3593 casibus
736 3537 785 3592 ac
806 3509 1060 3617 respectibus
1080 3509 1221 3592 matri-

80 3639 185 3720 monii
215 3641 349 3724 civilis
378 3642 530 3724 decisio
561 3669 643 3724 non
673 3643 867 3751 loquitur,
900 3669 1032 3751 neque
1068 3643 1220 3751 aliquid

81 3773 227 3871 proinde
268 3784 474 3858 mutatum
514 3785 590 3858 est.
630 3776 763 3859 Casus
802 3804 898 3858 vero
932 3787 972 3860 et
1010 3786 1220 3886 respectus

80 3907 232 4016 quinque
263 3911 502 4018 praesertim
533 3920 645 4012 sunt,
679 3912 728 3994 de
759 3911 910 4020 quibus
949 3912 1126 3994 breviter
1154 3911 1221 3992 hic

82 4031 289 4145 loquemur.
313 4091 334 4105 -
355 4046 415 4154 (a)
438 4045 546 4140 Quid
572 4047 681 4128 enim
712 4047 930 4129 dicendum
960 4048 995 4127 si
1025 4045 1103 4128 hoc
1133 4070 1222 4127 ma-

81 4169 298 4259 trimonium
324 4179 446 4262 'civile
476 4179 638 4262 ineatur
666 4181 708 4261 in
739 4181 843 4282 1000,
877 4181 920 4261 in
950 4207 1031 4289 quo
1052 4179 1221 4262 Concilii

3 4369 4 4408 ÷
79 4299 284 4394 Tridentini
316 4313 525 4396 decretum
555 4341 644 4426 cap.
675 4318 692 4395 l
718 4340 811 4395 sess.
837 4317 894 4396 24
914 4342 996 4398 non
1027 4315 1104 4397 fuit
1124 4340 1220 4424 pro-

82 4439 307 4550 mulgatum,
342 4447 470 4530 eritne
499 4448 576 4533 hoc
606 4449 915 4532 matrimonium
944 4449 1125 4531 validum
1156 4446 1220 4528 vel

3 4639 5 4755 t
