3136 5138
310 337 380 426 '146
603 377 894 428 rmannouonns
916 375 1009 428 rums
1035 377 1201 428 caueatur

321 505 451 586 altera
481 513 594 612 parte
624 504 900 613 periculosum
921 511 1029 584 esset
1048 529 1098 584 ea
1118 505 1377 585 matrimonia
1395 503 1471 586 dis·

320 638 491 737 sociare,
527 639 576 720 de
597 638 747 746 quibus
768 665 849 718 non
870 645 1030 718 constat
1050 639 1158 746 quod
1180 639 1358 719 invalida
1381 639 1468 740 sint,

270 821 274 832 ·
322 771 467 851 maluit
502 771 688 852 Ecclesia
727 771 981 880 interpretari
1022 751 1200 852 mentem
1240 770 1473 853 contrahen-

224 949 225 953 κ
321 904 426 985 tium
457 913 497 986 et
526 913 705 987 statuere
745 932 836 984 eam
877 904 1149 986 conditionem
1190 904 1327 1012 potius
1366 929 1475 1012 prae-

323 1037 567 1118 sumendam
597 1065 688 1118 esse
719 1037 919 1144 adjectam
949 1064 1000 1117 ex
1026 1037 1135 1144 joco;
1169 1064 1263 1117 cum
1285 1037 1354 1144 qui
1375 1037 1474 1116 serio

321 1195 413 1250 eam
444 1169 717 1252 conditionem
739 1170 999 1251 matrimonio
1021 1169 1226 1277 apposuit,
1251 1169 1368 1250 facile
1388 1197 1476 1277 pos·

320 1312 384 1384 set
415 1304 543 1384 vitare
573 1304 799 1412 periculum
830 1305 991 1385 animae
1022 1305 1057 1384 si
1078 1303 1310 1386 conditione
1335 1303 1477 1410 rejecta
1556 1395 1557 1404 Ν

324 1437 511 1519 absolute
544 1438 584 1518 in
615 1439 923 1520 matrimonium
953 1437 1212 1520 consentiret.
1233 1438 1297 1518 Ex
1318 1464 1398 1545 quo
1417 1464 1476 1516 sc-

263 1551 267 1561 ’
321 1571 461 1676 quitur
489 1572 715 1652 Ecclesiam
747 1573 788 1652 in
818 1573 895 1653 hoc
925 1599 1026 1654 casu
1058 1599 1139 1652 non
1170 1572 1361 1680 supplere
1386 1597 1476 1651 con·

320 1731 505 1806 sensum,
538 1706 609 1786 sed
640 1731 901 1813 praesumere
933 1705 1059 1786 fuisse
1090 1705 1276 1786 absolute
1312 1705 1476 1812 praesti-

320 1847 424 1938 tum,
449 1864 553 1945 quae
575 1839 853 1946 praesumptio
874 1867 924 1919 ex
936 1839 1030 1945 jure
1047 1835 1222 1945 positivo
1236 1845 1301 1918 est
1317 1837 1475 1918 inducta

322 1971 364 2050 in
387 1971 566 2052 favorem
589 1973 851 2055 matrimonii.
877 1973 950 2054 Est
971 1999 1067 2053 vero
1084 1971 1363 2079 praesumptio
1367 1971 1475 2078 juris

319 2111 493 2205 tuntum,
528 2132 610 2185 non
639 2106 762 2186 etiam
792 2107 841 2187 de
859 2105 975 2211 jura·
1009 2104 1176 2212 proinde
1198 2103 1306 2184 valet
1326 2103 1475 2184 solum-

323 2239 446 2317 modo
478 2239 521 2316 in
550 2238 685 2337 dubie,
720 2249 760 2319 et
779 2237 956 2319 admittit
976 2236 1237 2344 probationes
1258 2235 1301 2314 in
1323 2243 1476 2316 contra·

321 2368 446 2470 rium,
470 2381 509 2452 et
529 2379 627 2452 tunc
642 2371 841 2453 deciditur
856 2397 928 2479 pro
945 2369 1196 2450 invaliditate
1213 2368 1469 2463 matrimonii,

320 2503 419 2610 quia
438 2504 546 2584 serio
568 2505 725 2612 adjecta
740 2505 982 2605 conditione,
1004 2504 1235 2611 usquedum
1251 2529 1301 2583 ea
1317 2530 1399 2583 non
1415 2528 1476 2580 vc·

322 2635 518 2739 rificatur,
538 2666 618 2719 non
650 2639 824 2720 habetur
854 2665 1094 2738 consensuS,
1119 2638 1188 2745 qui
1209 2637 1392 2745 suppleri
1412 2661 1478 2715 ne·

319 2797 399 2876 que
430 2772 482 2850 ab
513 2771 697 2852 Ecclesia
726 2779 874 2880 potest.
908 2772 1014 2852 Hinc
1039 2771 1181 2851 haberi
1203 2778 1338 2877 potest
1358 2795 1477 2876 oppo-

319 2903 413 2985 sitio
445 2903 548 2986 inter
572 2905 775 3013 judicium
808 2906 881 2986 lori
904 2905 1050 2986 interni
1072 2915 1111 2986 et
1136 2903 1308 3004 externi,
1335 2905 1370 2985 si
1392 2902 1477 3010 quis

320 3037 494 3144 probare
524 3037 665 3145 nequit
694 3064 719 3118 a
747 3065 792 3119 se
825 3038 950 3119 fuisse
980 3038 1088 3118 serio
1118 3036 1393 3118 conditionem
1413 3061 1478 3140 ap·

252 3205 254 3212 ⁴
320 3170 512 3278 positam.
545 3217 566 3232 -
596 3171 918 3253 Controvertitur
953 3198 978 3250 a
1012 3171 1280 3252 'Doctoribusz
1325 3197 1379 3250 an
1418 3168 1478 3248 hic

320 3305 435 3386 lavor
463 3305 517 3388 sit
546 3333 619 3414 pro
649 3306 913 3415 sponsalibus
953 3333 1174 3388 concessus
1205 3313 1251 3386 nt
1290 3330 1365 3412 pro
1396 3327 1479 3384 rna·

319 3439 538 3520 trimoniol
571 3441 828 3522 Probabilior
857 3441 897 3520 in
928 3449 1079 3549 puncto
1107 3438 1213 3547 juris
1253 3448 1315 3519 est
1345 3435 1478 3546 opinio

319 3571 524 3676 negativa,
544 3599 669 3679 quam
685 3573 862 3654 defendit
883 3575 927 3653 S.
948 3573 1130 3654 Thomas
1148 3574 1190 3652 in
1206 3575 1234 3652 4
1250 3574 1345 3653 dist.
1371 3571 1473 3652 unio.

317 3710 399 3783 art.
437 3705 477 3804 3,
511 3729 688 3812 eumque
718 3707 847 3787 secuti
879 3705 1017 3814 plures
1048 3705 1259 3786 Doctores.
1293 3703 1397 3784 Cum
1427 3701 1481 3780 si·

320 3836 484 3943 quidem
506 3863 638 3918 canon
660 3838 852 3946 loquatur
871 3839 1111 3948 simpliciter
1129 3839 1179 3919 de
1200 3835 1475 3932 matrimonio,

320 3971 372 4052 ad
403 3971 614 4079 sponsalia
633 3971 739 4054 tralii
761 4001 841 4055 non
863 3975 995 4076 debet,
1015 3974 1093 4054 nisi
1115 3973 1317 4054 habeatur
1335 3971 1478 4052 saltem

318 4105 463 4188 eadem
483 4106 603 4209 rati03
627 4109 735 4215 quod
757 4107 798 4188 in
819 4100 1022 4190 casunon
1042 4106 1246 4207 subsistit,
1270 4103 1477 4187 nonenim

317 4248 381 4322 est
409 4247 495 4322 tarn
526 4239 803 4348 periculosum
844 4241 958 4324 irrita
991 4267 1223 4350 supponere
1252 4235 1475 4348 sponsalia,

316 4399 424 4482 quae
455 4372 631 4456 fuissent
661 4375 810 4457 valida.
837 4375 943 4455 Hinc
963 4382 1025 4457 est
1045 4374 1153 4482 quod
1174 4371 1383 4480 sponsalia
1402 4368 1478 4448 sub
