3360 5126
318 396 383 463 292
624 391 891 459 rmmncmonus
915 407 1007 455 rums
1031 405 1189 455 uiuorum
1245 480 1250 488 ἱ

318 541 460 647 incipit
476 587 528 601 ·—
543 537 764 650 Spondent,
785 563 886 643 quus
904 563 982 616 non
998 535 1188 615 eoettbenr
1204 534 1369 616 dicitius
1380 561 1512 646 pau—

311 651 430 784 peres
461 672 749 777 Alchirnistoc)
772 669 1003 776 specialiter
1023 669 1232 765 statuitur,
1259 679 1305 747 ut
1329 693 1398 774 per
1420 668 1513 747 Al-

318 806 510 889 ohimiam
531 798 681 886 falsum
698 831 864 904 aurum,
884 803 948 884 vel
970 813 1188 908 argentum
1209 800 1507 900 conficienteS,

317 953 389 1022 aut
419 950 627 1022 monetam
659 939 751 1020 inde
782 939 993 1038 cudenteS,
1017 937 1081 1017 vel
1102 937 1380 1044 expendentes
1403 945 1513 1016 tan-

317 1075 500 1157 tumdem
532 1075 581 1154 de
614 1099 721 1170 vere,
758 1085 797 1152 et
830 1072 935 1151 bono
971 1097 1073 1152 auro
1115 1069 1369 1178 pauperibus
1401 1096 1511 1149 ero·

317 1235 429 1316 gare,
455 1207 517 1288 vel
548 1207 583 1288 si
616 1207 707 1314 ipsi,
733 1213 779 1286 ut
800 1205 1005 1286 ordinarie
1036 1203 1251 1308 contingit,
1286 1229 1508 1310 pauperes

317 1343 420 1442 sint,
439 1367 620 1450 poenam.
646 1341 769 1420 aliam
792 1339 832 1420 in
855 1365 1024 1446 corpore
1046 1337 1217 1418 arbitrio
1234 1335 1387 1443 judicis
1412 1361 1508 1416 una

318 1504 413 1558 oum
444 1477 614 1556 infamia
643 1474 784 1554 subire
815 1483 1045 1573 teneantur,
1081 1471 1184 1551 etsi
1217 1469 1362 1551 Clerici
1395 1470 1504 1551 fue-

319 1611 399 1691 rint
430 1609 638 1689 beneficiis
669 1609 846 1690 obtentis
877 1608 1102 1715 priventur,
1123 1615 1162 1685 et
1193 1605 1245 1686 ad
1277 1605 1357 1684 alia
1388 1604 1503 1684 obti-

318 1743 453 1824 nenda
483 1741 684 1822 inhabiles
716 1743 952 1852 reddantur.
973 1743 1094 1854 'lnter
1116 1737 1190 1818 hos
1212 1737 1402 1818 falsarios
1430 1766 1501 1818 re·

317 1876 510 1958 censendi
541 1887 639 1955 sunt
678 1875 925 1975 venditores,
965 1875 1034 1982 qui
1066 1872 1180 1952 falsis
1222 1872 1496 1980 ponderibuS,

319 2011 380 2090 vel
400 2009 620 2117 mensuris
655 2017 843 2109 utuntur,
880 2015 952 2088 aut
988 2007 1113 2088 falsas
1148 2033 1304 2086 meroes
1345 2005 1495 2086 distra-

318 2142 434 2224 hunt.

410 2279 493 2360 Usu
525 2277 712 2384 denique,
749 2303 824 2357 scu
856 2276 1003 2357 melius
1034 2276 1160 2355 abusu
1193 2273 1344 2354 falsum
1379 2297 1495 2352 com-

317 2411 500 2509 mittunt,
524 2411 593 2517 qui
617 2411 792 2491 falsitate
826 2412 877 2489 ab
909 2409 1002 2488 aliis
1034 2408 1207 2489 conficta
1236 2413 1419 2504 utuntur,
1446 2415 1492 2485 ut

319 2543 387 2651 qui
419 2542 717 2635 testimonium,
752 2553 824 2622 aut
855 2542 1190 2642 instrumentum,
1223 2541 1284 2620 vel
1316 2537 1489 2645 scriptu·

317 2703 406 2758 ram
438 2677 584 2758 falsam
616 2677 658 2755 in
684 2676 839 2782 judicio
869 2675 1046 2757 scienter
1078 2675 1305 2784 proferunt,
1327 2673 1395 2782 qui
1416 2670 1506 2751 lal·.

315 2837 406 2891 sam
438 2819 644 2890 monetam
672 2809 811 2892 dolose
831 2808 1045 2917 colligunt,
1070 2818 1109 2890 et
1130 2810 1385 2917 expendunt,
1411 2815 1487 2887 eto.

316 2945 368 3024 Et
397 2942 438 3022 hi
470 2969 632 3051 quoque
664 2947 705 3022 in
736 2943 880 3052 primis
917 2945 969 3024 ad
1010 2935 1311 3024 restitutionem
1352 2941 1490 3022 damni

316 3061 398 3161 dati
420 3085 625 3179 tenentur,
649 3089 688 3158 et
709 3077 855 3158 deinde
886 3104 958 3184 pro
990 3078 1208 3184 gravitate,
1234 3075 1492 3183 etqualitate

316 3212 466 3312 delicti,
502 3211 564 3292 vel
596 3238 728 3320 poena
767 3212 976 3292 ordinaria
1021 3211 1125 3308 falsi,
1170 3209 1234 3291 vel
1274 3209 1493 3290 arbitraria

316 3346 560 3455 puniuntur.

403 3481 568 3562 Poenae
599 3481 741 3587 ajuro
778 3478 984 3560 Canonico
1015 3489 1157 3561 contra
1188 3477 1377 3560 falsarios
1407 3485 1491 3556 sta-

316 3621 427 3694 tutae
468 3621 565 3692 sunt
606 3621 838 3719 sequentes
882 3613 1009 3693 Testis
1050 3612 1136 3691 sive
1168 3612 1209 3690 in
1241 3610 1367 3710 civili,
1402 3611 1491 3690 sive
1550 3601 1554 3608 ’

317 3745 517 3826 criminali
539 3771 667 3827 causa
693 3746 885 3827 falsarius
918 3755 979 3826 est
1010 3746 1201 3848 infamis3
1234 3745 1269 3826 si
1304 3742 1397 3826 uero
1426 3753 1489 3824 est

316 3879 498 3982 Clericus
529 3889 688 3989 praeter
710 3880 922 3960 infamiam
944 3881 1222 3961 detrudendus
1254 3889 1316 3961 est
1338 3880 1492 3959 inmo-

316 4013 557 4114 nasterium,
593 4014 712 4094 hodie
734 4013 776 4092 in
797 4039 1018 4112 carcerem,
1053 4021 1126 4094 aut
1147 4015 1198 4094 ad
1220 4013 1406 4094 triremes
1428 4039 1492 4094 re-

315 4147 515 4254 legandus
532 4148 584 4228 ad
601 4146 743 4256 vitam.
769 4147 871 4228 Con.
893 4153 937 4240 9,
953 4173 1063 4227 caus.
1080 4151 1125 4238 3,
1140 4175 1178 4254 q.
1195 4149 1241 4240 5,
1257 4147 1375 4254 eique
1390 4173 1492 4227 con-

316 4281 474 4360 ceditur
495 4282 631 4362 solum
653 4279 809 4362 laicalis
830 4281 1081 4362 communio.
1107 4280 1210 4362 Can:
1238 4285 1281 4361 7.
1302 4278 1399 4361 dist.
1426 4283 1488 4360 50

316 4413 451 4495 ludex
483 4415 798 4496 Ecclesiasticus
829 4415 921 4496 dolo
953 4415 1076 4515 male,
1112 4415 1175 4496 vel
1206 4413 1381 4522 pecunia
1401 4440 1493 4494 eor-
