3380 5132
193 449 195 454 ,
325 381 389 446 328
611 384 902 447 rnuuuuerrouus
925 395 1019 446 rums
1043 393 1214 444 ennomcr

191 537 197 547 '
332 551 385 605 ex
410 523 503 630 jure
533 522 707 630 positivo
737 521 876 602 divino
914 520 1156 628 primigenio
1187 547 1213 598 a
1242 519 1404 600 Christo
1434 519 1502 599 in-

331 664 533 756 staurato;
566 655 735 762 proinde
779 682 860 736 non
901 681 992 734 esse
1033 652 1330 734 admittendum
1370 653 1499 734 alium

215 830 217 834 ¹
331 817 475 872 oasum
506 788 803 890 dissolutionis
830 787 908 868 nisi
940 787 1058 868 nobis
1089 794 1246 868 constet
1271 787 1320 868 de
1340 787 1416 867 hae
1437 787 1502 868 di-

196 926 198 930 ’
332 925 429 1004 vina
458 923 591 1005 venia.
627 925 682 1004 At
712 923 818 1004 hane
848 923 1011 1003 veniam
1043 948 1123 1002 non
1164 920 1380 1020 habemuS,
1417 921 1515 1000 nisi·

333 1059 374 1138 in
406 1056 618 1165 privilegio
645 1055 834 1156 Paulino,
869 1063 909 1136 et
939 1081 1133 1162 praesens
1164 1079 1288 1136 casus
1318 1063 1427 1135 esset
1457 1056 1500 1134 in.

194 1279 197 1287 ,
332 1191 546 1298 hypothesi
572 1191 680 1298 quod
711 1215 793 1269 non
823 1197 963 1296 posset
991 1187 1251 1296 privilegium
1273 1187 1496 1270 Paulinum

334 1325 544 1434 applieari.
571 1323 679 1416 Quid
701 1323 809 1431 quod
836 1322 914 1428 ipsi
935 1321 1113 1401 Romani
1134 1321 1353 1403 Pontifices
1374 1348 1495 1401 num-

194 1489 196 1494 ·
334 1485 459 1568 quam
489 1458 568 1537 sibi
597 1457 703 1538 hane
725 1457 1009 1538 auctoritatem
1032 1460 1325 1536 asserueruntt
1357 1456 1499 1537 Unum

333 1593 501 1704 proinde
523 1619 595 1699 pro
616 1593 744 1672 altera
763 1591 965 1671 sententia
985 1598 1093 1672 esset
1113 1601 1402 1696 argumentum
1425 1617 1499 1698 pe·

334 1731 455 1810 titum
476 1752 528 1806 ex
549 1725 669 1806 Brevi
691 1723 755 1804 Pii
777 1724 830 1824 V,
856 1725 1165 1830 eujusinitium
1187 1727 1365 1805 Romani
1385 1725 1504 1805 Pon·

337 1861 466 1969 tifieis
488 1859 585 1938 doto
607 1858 675 1938 die
698 1861 724 1939 2
746 1859 922 1966 Augusti
946 1857 1071 1956 1571;
1095 1865 1135 1936 et
1154 1883 1203 1936 ex
1229 1857 1354 1937 altero
1377 1856 1502 1936 Brevi

334 1995 519 2102 Gregorii
537 1994 629 2072 XIII
648 2025 666 2068 <r
682 1994 884 2083 Quoniam
898 2017 1017 2102 saepe
1032 1993 1225 2099 contingit
1241 2023 1259 2067 r
1280 2018 1330 2072 ex
1347 1990 1504 2098 quibus
1563 2015 1572 2038 ⁸

335 2135 577 2233 argueretur
596 2127 725 2207 dictos
746 2125 967 2207 Pontifices
998 2124 1258 2232 dispensasse
1289 2125 1330 2204 in
1357 2125 1502 2206 matri-

197 2351 199 2354 ·
335 2260 472 2371 monio
502 2267 787 2340 consummato
814 2266 1019 2340 eontraeto
1050 2258 1092 2337 in
1123 2257 1358 2338 infidelitate
1380 2266 1501 2338 extra

335 2417 479 2474 easum
510 2392 709 2498 privilegii
742 2391 919 2471 Paulini.
953 2391 1078 2498 Atqui
1110 2401 1248 2471 tamen
1284 2391 1358 2470 etsi
1391 2391 1499 2472 haee

336 2527 418 2606 duo
449 2525 633 2631 exempla
657 2532 854 2604 anteactis
875 2523 1130 2630 temporibus
1152 2551 1176 2603 a
1198 2523 1385 2631 pluribus
1407 2528 1502 2614 Auo

335 2659 518 2754 etoribus
548 2657 608 2737 sie
638 2655 954 2762 explicarentur,
988 2683 1069 2736 non
1100 2656 1331 2758 defuerunt,
1358 2658 1505 2763 quiea

195 2894 198 2900 1
334 2789 523 2898 exempla
553 2797 804 2895 exponerent
835 2789 884 2869 de
910 2788 1214 2896 dispensatione
1234 2790 1285 2868 ab
1307 2788 1499 2896 interpel-

196 3035 198 3044 .
334 2925 484 3004 latione
524 2923 820 3030 praemittenda
851 2951 876 3003 a
910 2923 1017 3005 fideli
1061 2922 1112 3003 ad
1152 2922 1368 3030 conjugem
1408 2923 1498 3003 infi-

334 3057 481 3158 delem,
516 3057 683 3136 minime
713 3083 809 3136 vero
840 3057 890 3136 de
921 3055 1011 3164 ipsa
1047 3055 1313 3137 dissolutione
1345 3056 1495 3137 vineuli

334 3191 662 3291 matrimonialia
696 3191 802 3271 inter
831 3216 934 3297 quos
965 3199 1193 3298 postremos
1218 3191 1311 3296 jure
1343 3216 1498 3271 meme·

334 3351 477 3419 ramus
498 3325 766 3406 Benedictum
787 3324 887 3404 XIV
908 3325 971 3405 De
990 3323 1144 3433 Synod.
1169 3325 1353 3404 Dioeees.
1380 3324 1448 3405 lib.
1472 3327 1504 3404 6·

222 3467 226 3475 “
334 3485 425 3568 rap.
456 3460 480 3538 6
512 3485 622 3538 num.
660 3460 684 3536 3
715 3466 755 3537 et
785 3456 855 3536 bb.
885 3457 936 3536 13
967 3483 1058 3566 erpo.
1084 3457 1134 3534 21
1162 3463 1410 3566 pertatem.
1446 3455 1506 3536 Et

327 3593 422 3700 jure
452 3592 617 3698 quidem
647 3617 741 3671 eum
775 3591 815 3678 id
845 3589 949 3670 satis
980 3600 1116 3697 aperte
1156 3599 1294 3696 pateat
1325 3615 1377 3668 ex
1407 3589 1504 3696 ipso-

333 3723 453 3804 Brevi
476 3723 539 3802 Pii
561 3725 615 3824 V,
641 3724 712 3804 ubi
743 3723 937 3830 leguntur
967 3723 1067 3804 haee
1098 3725 1236 3804 verba:
1276 3755 1294 3798 ⁴<
1317 3723 1498 3804 maxime

333 3858 432 3966 quia
461 3857 746 3938 difficillimum
778 3856 880 3938 foret
920 3859 1098 3966 primum
1139 3858 1356 3964 conjugem
1386 3857 1499 3938 inve-

333 3993 478 4074 nire.»
511 3993 703 4100 Idemque
734 4017 785 4072 ex
822 3992 949 4072 altero
985 3991 1170 4098 Gregorii
1201 3991 1307 4091 XIII,
1344 3991 1385 4070 iu
1416 4017 1501 4098 quo

334 4127 439 4208 inter
468 4135 629 4208 caetera
658 4126 758 4208 haee
788 4125 1005 4208 habentur:
1045 4126 1319 4206 «Dummodo
1341 4133 1500 4206 eonstet

333 4260 459 4342 etiam
489 4261 717 4342 summario
739 4269 778 4342 et
799 4260 1161 4368 extrajudieialiter
1182 4260 1399 4366 conjugem
1426 4257 1500 4338 ab·

332 4401 491 4476 sentem
521 4393 677 4476 moneri
709 4393 888 4500 legitime
919 4421 1000 4475 non
1030 4420 1164 4501 posse,
1202 4401 1274 4473 aut
1304 4391 1498 4472 maritum
