3388 5136
570 491 672 538 arcun
696 491 726 536 r.
751 507 793 518 -
817 489 958 536 rrruuus
980 489 1029 534 111.
1324 466 1387 534 141

218 619 323 700 idest
353 617 404 697 ed
435 615 735 697 restitutionem
768 615 995 696 faciendam
1028 614 1069 694 in
1111 614 1284 696 materia
1325 613 1389 694 Si-

216 751 393 832 moniae.
428 747 679 856 Hujusmodi
710 745 914 830 restitutio
955 747 1018 828 vel
1060 746 1225 854 respicit
1269 745 1390 853 spiri-

219 884 360 985 tualia,
380 884 444 964 vel
475 883 719 991 temporalia
746 884 970 964 simoniace
1000 888 1176 989 recepta.
1222 879 1265 961 Si
1308 881 1390 987 pri-

218 1044 344 1118 mum,
366 1017 471 1100 idest
487 1020 521 1098 si
545 1017 710 1125 respicit
724 1017 956 1126 spiritualia
971 1017 1194 1098 simoniace
1209 1023 1387 1121 recepta,

219 1151 330 1233 nulla
361 1151 558 1258 obligatio
590 1160 652 1232 est
674 1152 913 1232 restituendi
936 1151 1014 1232 hoc
1034 1148 1249 1259 spirituale
1269 1149 1392 1228 simo·
1520 1170 1523 1176 ·

219 1285 334 1364 niocc
363 1296 591 1395 receptum,
625 1287 807 1394 exceptis
840 1285 1051 1367 beneficiis
1072 1281 1388 1381 EcclesiasticiS,

218 1417 315 1523 quia
335 1419 512 1518 nullum,
532 1446 606 1500 neo
626 1419 830 1518 divinum,
845 1445 919 1500 nec
939 1419 1170 1499 humanum
1193 1415 1393 1522 reperitur

212 1550 283 1656 jus
313 1550 551 1658 hujusmodi
584 1553 875 1660 obligationem
903 1553 1118 1650 inducenS,
1152 1549 1391 1659 praesertim

217 1711 312 1764 cum
346 1685 457 1765 illam
490 1712 563 1794 pro
595 1687 808 1795 temporali
846 1712 1093 1796 comparans
1133 1712 1214 1765 non
1252 1693 1393 1764 contra

213 1817 434 1922 justitiam,
467 1822 540 1900 sed
571 1820 756 1929 praecise
788 1828 930 1903 contra
966 1821 1205 1928 religionem
1236 1824 1389 1925 peccet.

219 1950 327 2042 Quin
369 1951 545 2052 dicatur,
589 1956 697 2062 quod
735 1955 878 2036 eodem
915 1955 1038 2036 modo
1069 1981 1150 2062 quo
1187 1951 1394 2058 obligatur

217 2084 446 2177 restituere,
467 2089 537 2192 qui
557 2089 779 2168 simoniace
800 2088 955 2194 recepit
976 2088 1200 2194 temporale
1221 2112 1293 2192 pro
1310 2085 1395 2191 spi-

218 2217 371 2318 rituali,
397 2218 454 2299 ita
475 2219 682 2324 obligatur
702 2220 770 2326 qui
795 2221 952 2326 accepit
971 2220 1185 2326 spirituale
1201 2245 1275 2325 pro
1293 2227 1395 2298 tem-

218 2351 415 2459 mporali;
445 2378 526 2432 non
548 2353 658 2431 enim
680 2351 808 2433 currit
829 2351 998 2458 parites,
1023 2352 1121 2458 quia
1141 2351 1210 2458 'qui
1235 2351 1392 2457 accepit

217 2485 439 2594 temporale
456 2513 528 2596 pro
545 2486 749 2594 spirituali
772 2487 866 2566 fecit
887 2486 1079 2594 injuriam
1097 2473 1223 2584 danti,
1251 2491 1392 2592 utpote

218 2621 287 2726 qui
305 2621 518 2727 spirituale
534 2621 664 2728 gratis
681 2622 777 2702 dare
791 2621 1002 2703 debuisset
1013 2621 1136 2728 juxta
1152 2619 1396 2700 mandatum

220 2752 446 2833 Christi-
467 2755 611 2834 Gratis
629 2757 855 2865 accepistis,
873 2755 1005 2863 protis
1022 2755 1130 2836 dote.
1151 2754 1289 2836 Motb.
1319 2757 1393 2834 10.

221 2886 256 2966 E
287 2895 428 2968 contra
458 2889 526 2995 qui
558 2889 770 2997 spirituale
803 2890 959 2995 accepit
979 2916 1052 2996 pro
1079 2887 1292 2996 temporali
1315 2895 1399 2968 tra-

223 3019 334 3101 denti
375 3048 457 3101 non
501 3020 595 3102 lecit
635 3021 845 3130 injuriam,
876 3029 1016 3128 utpote
1051 3023 1120 3128 qui
1153 3022 1254 3101 illud
1295 3019 1398 3100 alias

221 3153 348 3259 gratis
379 3155 477 3235 dare
507 3155 731 3236 debuisset.

308 3286 404 3367 Dixi
437 3293 615 3400 acceptis
657 3288 879 3395 beneficiis,
924 3287 1121 3394 namqui
1154 3287 1398 3368 beneficium

222 3421 389 3529 aliquod
411 3423 747 3503 Ecclesiasticum
768 3422 994 3502 simoniace
1015 3421 1187 3526 accepit,
1210 3419 1289 3500 sub
1306 3443 1400 3524 gra-

222 3553 393 3633 vissimo
411 3563 575 3661 peccato
592 3562 752 3637 tenetur
774 3563 867 3636 ante
890 3581 1054 3635 omnem
1068 3551 1220 3662 judicis
1236 3558 1401 3632 senten-

224 3687 323 3767 tiam
356 3686 454 3767 illud
488 3715 572 3770 una
602 3715 699 3770 cum
729 3689 926 3770 omnibus
963 3688 1164 3770 fructibus
1199 3686 1400 3794 perceptis

222 3820 450 3921 restituere,
477 3849 524 3903 ac
542 3822 759 3920 dimittere,
797 3821 958 3903 etiamsi
980 3823 1169 3904 Simonio
1190 3821 1243 3902 sit
1265 3819 1401 3901 cocul-

222 3955 396 4054 tissima,
432 3957 666 4064 etquidem
698 3957 733 4037 si
766 3958 959 4038 Simonio
990 3965 1053 4036 est
1078 3955 1398 4062 confidentiolt's,

221 4088 345 4170 etiam
368 4091 495 4196 pretio
519 4117 601 4172 non
623 4090 787 4192 solut0;
821 4091 856 4170 si
890 4117 986 4171 vero
1009 4100 1070 4172 est
1092 4089 1313 4170 communis
1334 4088 1402 4170 Si-

221 4227 384 4324 monio,
419 4231 541 4323 tunc,
578 4225 743 4332 quando
777 4223 986 4331 utrimque
1016 4225 1162 4307 saltem
1204 4249 1255 4304 ex
1288 4231 1402 4331 parte

222 4357 397 4464 estjam
429 4359 650 4465 completa,
694 4358 932 4465 accipiendo
969 4357 1194 4466 spirituale,
1241 4364 1280 4440 et
1320 4367 1404 4440 tra·
