1031 1440
339 190 394 203 muniz
406 190 429 202 iv.
441 195 451 198 -
463 190 532 203 nwms
544 190 579 203 xiv.
726 187 759 203 237

178 230 217 243 curn
232 223 300 243 deficit
314 223 454 243 reverentialis
465 223 500 243 illa
511 223 659 243 benevolentia.
673 223 710 243 Cui
722 230 756 243 ra-

178 256 220 276 tioni
235 256 313 276 aceedit
329 256 369 276 alia
384 262 437 283 quae
452 258 498 283 post
513 258 620 283 peceatum
636 256 696 283 primi
717 263 754 283 pa-

177 289 232 310 rentis
247 289 310 310 etiam
326 289 393 312 induit
407 290 508 310 rationem
524 289 658 317 turpitudinis
669 296 710 310 non
723 296 755 310 re-

178 323 275 348 velandae,
293 325 316 343 ut
331 323 395 343 Leoit.
408 323 484 343 XVIII
497 330 515 343 v.
533 323 546 343 7
560 323 641 343 dieitur:
661 331 670 342 ‹
681 323 756 350 Turpi-

178 356 261 376 tudinem
277 356 341 383 patris
356 356 386 377 tui
405 358 425 376 et
444 356 592 384 turpitudinem
613 357 686 377 matris
706 358 755 377 tuae

177 396 210 409 non
225 389 370 416 discooperies;
392 392 458 412 mater
478 392 515 410 tua
533 392 571 410 est:
593 396 634 410 non
656 390 756 410 revelabis

177 422 318 450 turpitudinem
334 423 378 450 ejus
389 431 398 441 »
416 425 436 443 et
451 430 469 443 υ.
489 424 522 444 10:
542 432 551 442 ‹
561 423 721 450 Turpitudinem
732 423 757 443 fi-

178 456 210 476 liae
225 456 260 476 filii
277 456 315 481 tui,
332 456 363 476 vel
374 457 440 483 neptis
450 463 476 476 ex
486 456 529 477 filia
539 463 580 477 non
591 456 700 482 revelabis,
713 459 757 477 tur-

178 490 241 516 pitudo
257 492 294 510 tua
308 492 346 510 est.
359 498 368 509 ›
386 490 440 510 Hinc
455 492 486 511 est
496 490 548 511 tales
558 490 642 517 nuptias
645 490 697 516 jure
709 497 758 518 yen-

178 523 220 543 tium
240 523 381 544 consideratas
401 523 477 550 ubique
497 524 561 544 fuisse
581 523 682 549 incestas,
704 523 758 544 idest

178 556 199 576 ab
212 557 309 577 omnibus
325 557 420 577 civilibus
436 557 518 584 populis
529 557 575 577 licet
586 557 698 577 idololatris
709 556 758 577 hor—

178 596 216 610 rore
231 590 322 615 habitas,
338 592 361 610 ut
372 590 536 611 Jurisconsultus
548 590 576 611 ait
586 590 637 618 legg*
651 591 677 610 53
688 592 707 610 et
717 590 755 610 ult.

174 623 198 649 ff.
213 624 237 644 de
252 624 296 644 rita
310 624 436 652 nuptiarum,
453 631 580 651 quamquam
595 631 636 644 non
655 624 757 644 defuerint

178 657 195 677 in
208 657 260 677 Asia
275 660 295 677 et
309 657 379 677 Africa
395 658 464 685 populi
476 658 527 678 adeo
538 657 631 678 moribus
641 657 722 684 perditi,
734 660 758 677 ut

178 690 221 711 haec
236 691 368 711 matrimonia
383 691 472 716 inierint,
484 691 515 711 sic
525 691 624 711 referente
635 691 660 711 de
670 690 710 711 illis
721 697 758 717 po-

178 724 226 749 pulis
240 724 315 745 Ovidio
329 725 468 752 Metamorph.
486 725 522 744 lib.
539 725 558 745 I:

212 766 221 776 ›
228 758 250 778 In
261 758 338 785 quibus
348 760 368 778 et
378 760 426 778 nato
437 758 525 785 genitrix
537 761 556 779 et
566 760 615 778 nata.
624 758 704 785 parenti

212 799 221 809 »
228 791 327 817 Jungitur
336 793 356 811 et
366 791 432 818 pietas
443 791 547 818 geminato
557 791 629 812 crescit
640 797 717 811 amore.

177 824 231 847 Quod
246 827 332 845 naturae
348 825 433 845 vetitum
445 832 485 845 non
496 825 563 845 solum
575 825 596 845 in
611 824 683 852 primis
693 825 759 844 lineae

177 859 237 878 rectae
252 858 360 885 gradibus,
377 859 413 879 sed
429 861 449 879 et
464 859 484 878 in
500 858 597 879 omnibus
612 858 674 878 etiam
690 864 758 878 remo-

177 890 258 916 tioribus
273 892 338 912 fuisse
354 892 481 919 recognitum
497 894 575 913 certum
591 893 629 917 est,
652 897 700 912 cum
721 898 758 918 pro

177 925 267 945 omnibus
282 925 353 946 eadem
369 926 421 946 ratio
435 926 534 946 adsistere
545 925 645 946 videatur.
658 925 715 945 Pone
725 931 759 945 se-

177 958 241 983 quitur
253 958 288 985 jus
297 959 489 986 positivo-divinum
505 959 588 986 nuptias
603 958 727 979 interdicens
738 960 758 978 et

178 990 240 1012 irritas
251 992 328 1012 faciens
336 992 389 1013 inter
396 999 488 1013 sororem
497 994 516 1013 et
526 992 615 1017 fratrem,
627 992 659 1012 vel
668 994 691 1012 ut
701 992 761 1012 aiunt

177 1024 261 1051 scholae,
278 1025 330 1046 inter
345 1032 444 1053 personas
465 1026 577 1046 existentes
592 1026 613 1046 in
628 1025 696 1053 primo
711 1032 761 1045 oon-

178 1055 317 1085 sanguinitatis
332 1060 399 1086 gradu
414 1059 480 1080 lineae
495 1060 597 1087 obliquae,
619 1062 707 1086 utroque
723 1065 760 1086 pa-

178 1094 228 1112 rente
243 1092 275 1112 vel
292 1092 390 1113 alterutro
402 1093 487 1120 genitis,
504 1093 530 1113 de
545 1099 585 1120 quo
601 1092 708 1113 interdicto
728 1092 760 1112 lo-

178 1125 242 1151 quitur
256 1126 341 1153 Moyses
356 1126 376 1146 in
391 1126 483 1147 Levitico
499 1127 575 1147 XVIII
588 1133 606 1146 ο.
624 1127 644 1146 9:
664 1134 673 1145 ‹
684 1125 761 1153 Turpi-

178 1158 264 1179 tudinem
279 1160 356 1180 sororis
367 1163 415 1181 tuae
426 1167 451 1180 ex
462 1162 527 1187 patre,
538 1160 582 1180 sive
593 1166 618 1180 ex
630 1161 695 1180 matre
705 1165 759 1186 quae

178 1191 229 1212 domi
244 1193 276 1213 vel
292 1193 341 1213 soris
352 1193 422 1220 genita
431 1195 462 1213 est
473 1200 513 1213 non
524 1193 625 1213 revelabis
635 1201 644 1211 »
657 1195 677 1213 et
688 1200 706 1212 υ.
724 1192 758 1212 ll:
