3264 5146
325 417 368 482 50
613 431 906 483 pnsunucrronns
929 431 1022 482 Junrs
1046 431 1214 482 onnomcr

330 561 468 642 dictus
495 561 593 642 XIV
619 563 801 640 Coratttu
804 559 1134 667 tr‹S‘nputorc
1161 557 1498 640 Nemota

331 692 608 776 Februcuit'l
592 696 786 776 letto
790 693 870 774 tsi
902 702 965 774 est
995 693 1213 801 generalis,
1247 706 1345 775 unc
1367 691 1496 773 mole

330 827 483 909 lescere
513 855 594 908 non
625 827 874 936 permittitur
904 826 983 906 nisi
1019 853 1069 905 ex
1111 852 1308 933 expressa
1347 851 1498 934 appro-

330 960 493 1042 batione
525 959 687 1040 Summi
718 958 928 1039 Pontificis
955 965 1120 1066 propter
1139 959 1335 1040 materiae
1357 958 1498 1065 gravi·

329 1103 471 1196 tatem;
507 1103 546 1176 et
576 1095 714 1202 potius
749 1094 815 1173 lex
855 1093 1008 1202 scripta
1048 1095 1253 1194 evaderet,
1297 1103 1343 1174 ut
1383 1101 1496 1175 tenet

330 1231 557 1335 Fagnanus
579 1229 779 1340 incepi
807 1229 856 1309 cte
877 1238 1033 1337 copnnt.
1059 1229 1271 1338 spirituali
1292 1235 1328 1307 et
1349 1254 1439 1336 cup.
1468 1232 1499 1306 5

328 1363 379 1441 de
410 1365 671 1471 consnngJutn.
687 1389 689 1396 J
707 1371 744 1441 et
774 1363 926 1472 officit.

450 1499 538 1578 165²
569 1498 793 1604 Postquam
825 1494 961 1576 visum
991 1503 1053 1576 est
1084 1521 1288 1603 quaenam
1328 1495 1382 1576 sit
1420 1521 1497 1601 po·

329 1639 455 1712 testas
487 1657 623 1738 aqua
664 1631 904 1739 proveniant
944 1629 1249 1737 impedimenta,
1295 1627 1495 1709 nonnulla

328 1792 439 1847 nunc
469 1765 656 1846 dicamus
687 1767 737 1845 de
768 1765 819 1844 iis
841 1763 1084 1872 quitatibus
1112 1763 1276 1870 legibus
1307 1762 1497 1842 subdun-

328 1907 409 1980 tur.
445 1899 750 2007 Impedimentis
780 1897 1067 1980 dirimentibus
1098 1897 1319 2005 propositis
1350 1923 1375 1976 a
1400 1895 1498 2002 J'ure

328 2041 500 2114 naturae
531 2033 593 2113 vel
625 2033 767 2140 aJ'ure
799 2031 973 2140 positivo
1004 2031 1141 2112 divino
1172 2031 1292 2138 ligari
1330 2030 1497 2110 univer-

327 2192 422 2246 sum
453 2164 683 2244 humanum
723 2191 855 2271 genus
895 2190 1024 2244 exeo
1060 2171 1234 2264 constat,
1279 2165 1388 2271 quod
1421 2163 1496 2269 jus

326 2307 499 2377 naturae
530 2323 579 2377 ea
611 2297 834 2405 praecipiat
864 2322 969 2404 quae
999 2304 1097 2376 sunt
1128 2297 1354 2388 contractui
1390 2297 1494 2375 sub-

328 2430 551 2530 stantialia,
585 2439 625 2511 et
665 2457 714 2510 ea
745 2439 864 2531 vetet,
893 2457 1018 2538 ,quae
1060 2431 1278 2511 intrinsece
1321 2430 1491 2510 inhone-

326 2574 392 2644 sta
421 2573 535 2666 sune
569 2591 675 2672 quae
706 2565 881 2672 proinde·
903 2573 1121 2672 praecepta
1152 2574 1224 2646 aut
1245 2565 1372 2645 vetita
1401 2564 1492 2643 affi-

326 2699 441 2778 ciunt
472 2725 614 2778 omnes
645 2698 845 2779 homines,
881 2699 957 2778 dus
986 2724 1084 2777 vero
1125 2685 1347 2804 positivum
1388 2697 1494 2778 divi·

326 2858 427 2912 num
458 2859 553 2912 cum
585 2832 666 2912 edit
653 2841 740 2912 tum
771 2833 824 2913 sit
854 2833 894 2912 in
926 2832 1015 2938 ipso
1037 2832 1168 2938 primo
1190 2833 1397 2913 connubio
1418 2859 1495 2912 no-

325 2975 506 3046 strorum
528 2993 600 3072 pro
603 2975 789 3074 ttoparen
792 2994 862 3048 um
884 2977 1005 3075 prout
1026 2993 1102 3047 suo
1124 2967 1213 3048 loco
1236 2976 1299 3048 ost
1285 2967 1422 3048 ttende
1407 2976 1492 3066 tur,

327 3099 403 3179 suit
435 3099 545 3180 velut
584 3100 714 3181 forma
753 3099 938 3180 omnium
979 3101 1351 3201 matrimoniorum,
1386 3127 1495 3207 quae

326 3228 367 3309 in
399 3255 621 3338 progressu
652 3259 677 3310 a
706 3233 800 3312 tiliis
831 3233 1075 3315 celebranda
1115 3234 1258 3314 forent.
1229 3233 1494 3340 tLegibus

327 3372 399 3444 aut
401 3391 466 3444 em
497 3367 549 3445 ab
581 3366 766 3446 Ecclesia
796 3365 907 3446 hac
899 3393 939 3444 m
962 3392 1005 3446 rc
1016 3367 1209 3513 proposit
1212 3367 1247 3447 is
1268 3393 1349 3447 non
1370 3367 1490 3473 ligari

323 3495 507 3576 infideles
538 3497 816 3578 certissimum
847 3506 908 3577 est
912 3497 1026 3605 ,qui
1058 3497 1165 3580 sicut
1194 3526 1276 3579 non
1307 3509 1406 3579 sunt
1422 3499 1494 3606 ju-

324 3628 430 3708 dicio
461 3630 670 3711 Ecclesiae
701 3631 873 3713 subiecti
864 3631 1042 3738 1,J‘uxta
1001 3631 1172 3712 tillud
1204 3631 1324 3712 Pauli
1351 3633 1489 3739 «quid

325 3762 425 3841 mihi
457 3764 506 3844 de
538 3763 618 3865 his,
661 3765 730 3872 qui
773 3765 871 3846 foris
911 3773 1022 3866 sunt,
1052 3765 1276 3873 judicare»
1312 3765 1371 3846 sic
1406 3791 1491 3846 non

326 3897 581 4002 persentiunt
628 3897 901 4005 legislatrvam
947 3901 1147 3982 auctorita
1149 3910 1230 3981 tem
1262 3899 1489 3979 Ecclesiae

321 4028 387 4108 Ex
418 4030 589 4110 adverso
620 4057 740 4110 nemo
772 4055 920 4137 negare
952 4032 1059 4113 valet
1089 4031 1323 4114 Ecclesiast
1297 4031 1389 4112 tlcis
1411 4031 1491 4112 im-

323 4163 566 4268 pedimentis
597 4165 722 4244 teneri
754 4163 908 4265 fideles,
943 4191 1038 4245 cum
1069 4165 1136 4247 lex
1157 4165 1254 4273 liget
1279 4165 1486 4248 subditos.

321 4297 427 4378 Tota
456 4297 625 4406 proinde
656 4297 840 4406 quaestio
872 4305 934 4379 est
965 4299 1015 4378 de
1035 4298 1264 4398 haereticis
1285 4300 1490 4380 schisma·

328 4430 435 4534 ticio,
471 4433 600 4540 deque
632 4433 683 4513 iis
713 4433 907 4513 omnibus
939 4434 1007 4543 qui
1040 4435 1139 4516 dum
1170 4461 1243 4542 per
1261 4434 1492 4542 susceptio
