3356 5118
483 415 583 460 crana
605 415 637 460 v.
662 431 703 442 -—
728 413 867 460 rrrucus
891 415 1006 459 xxxix.
1268 395 1332 461 381

158 539 441 622 communium
472 538 697 636 Ecclesiae,
734 537 1062 644 provenientium
1094 567 1156 644 ev·
1176 541 1337 622 sacrifi-

158 673 248 774 ciis,
282 671 567 780 indulgentiis,
601 669 794 779 precibus
830 670 1114 778 publicis'ctc.
1153 677 1210 754 3:
1242 675 1335 754 Pri-

157 807 267 888 vatio
288 805 526 913 sepulturae
547 803 864 886 Ecclesiasticae
900 803 1026 887 Clam.
1056 811 1079 886 1
1104 807 1153 887 de
1172 809 1330 917 Sepult.
1359 861 1365 870 ·

157 943 218 1022 4⁰
243 939 484 1021 inhabilitas
507 941 557 1021 ad
590 937 825 1047 dignitates,
860 939 1073 1039 beneficia,
1097 940 1233 1023 officia
1254 943 1332 1025 Ec·

158 1073 401 1156 clesiastica.
439 1077 498 1156 5:
519 1073 702 1180 Privatio
723 1072 858 1153 omnis
876 1072 1174 1180 jurisdictionis
1195 1075 1333 1158 Eccle-

73 1209 75 1214 ’
158 1207 366 1290 siasticae.
413 1210 472 1290 62
498 1207 680 1289 Privatic
711 1207 1014 1315 communionis
1056 1208 1245 1311 lorensis,
1290 1223 1335 1293 ut

160 1341 296 1422 necin
320 1340 540 1444 saeculari,
566 1341 696 1421 necin
720 1339 1009 1422 Ecclesiastico
1025 1341 1183 1449 judicio
1204 1345 1335 1451 possit

158 1471 249 1556 esse
276 1475 417 1582 judex,
453 1482 580 1578 actor,
614 1475 855 1576 advocatuS,
887 1475 1004 1588 testis
1035 1484 1113 1558 etc.

243 1608 323 1687 Hic
368 1615 504 1690 tamen
552 1609 686 1715 quoad
732 1609 1002 1716 privationem
1050 1610 1225 1692 activam
1265 1637 1339 1693 sa·

97 1835 102 1842 ,
160 1747 464 1822 crementorum
511 1742 737 1822 notandum
770 1743 961 1836 occurrit,
997 1745 1106 1850 quod
1152 1753 1337 1826 extrema

158 1874 402 1956 necessitate
414 1874 646 1982 impellente
663 1875 885 1984 baptisma,
905 1877 1170 1983 poenitentia,
1185 1875 1336 1959 eucha-

157 2007 291 2110 ristia,
315 2015 356 2089 et
386 2017 572 2108 extrema
593 1997 733 2090 unctio
754 2010 834 2116 peti
859 2011 989 2118 possit
1010 2011 1061 2092 ab
1093 2037 1334 2094 excommu-

158 2142 308 2240 nicata,
352 2141 476 2223 etiarn
518 2143 698 2226 vitando,
739 2143 884 2236 Quoad
928 2171 1022 2225 vero
1063 2145 1334 2253 privationem

86 2362 88 2366 ,
154 2275 452 2381 jurisdictionis
493 2275 645 2383 pariter
685 2278 911 2358 notandum
942 2285 1018 2378 est,
1063 2279 1172 2386 quod
1215 2285 1334 2360 actus

160 2409 504 2490 excommunicati
527 2409 687 2490 tolerati
710 2410 933 2491 substineri
955 2411 1128 2518 possint,
1153 2410 1231 2492 nisi
1259 2439 1333 2494 ex·

159 2540 291 2649 ceptio
324 2543 762 2624 excommunicationis
793 2543 829 2622 ei
861 2543 1098 2650 objiciatur.

247 2676 355 2767 Quid
377 2683 515 2756 autem
536 2677 755 2758 dicendum
777 2677 826 2758 de
849 2677 1062 2759 effectibus
1094 2703 1334 2760 excommu-

160 2806 378 2890 nicationis
409 2809 608 2888 minorisa
641 2810 779 2918 Resp:
809 2810 1053 2920 Principalis
1075 2811 1269 2911 directus
1297 2820 1336 2891 et

161 2940 310 3024 unicus
341 2941 431 3048 ejus
463 2941 632 3022 effectus
654 2950 729 3042 est,
757 2947 864 3052 quod
898 2945 1027 3053 privet
1056 2973 1138 3026 usu
1169 2943 1335 3052 passivo

159 3085 530 3176 sacramentorum,
565 3077 738 3186 ideoque
769 3079 829 3160 sic
860 3077 1244 3161 excommunicatus
1266 3103 1335 3156 sa-

160 3219 372 3293 eramenta
400 3210 509 3294 licite
541 3239 623 3292 non
653 3211 838 3320 recipiat,
863 3215 935 3295 sed
967 3213 1147 3322 graviter
1178 3217 1334 3319 peccet.

167 3345 270 3454 Cap.
290 3347 360 3453 fin
380 3346 430 3427 dc
465 3347 574 3428 Cicr.
611 3373 807 3428 excomm.
843 3349 1023 3430 ministr.
1058 3347 1255 3428 Privatur
1278 3345 1343 3424 in·

162 3505 287 3586 super
317 3507 416 3562 voce
447 3481 613 3589 passiva
644 3480 685 3560 in
718 3480 987 3564 electionibus
1020 3491 1097 3563 etc.

687 3827 727 3926 ἓ·
765 3825 825 3921 3:

564 4049 628 4128 Dc
663 4048 934 4160 suspensione.

249 4269 477 4376 Suspensio
517 4275 580 4349 cst
619 4294 796 4349 censura
836 4268 1125 4349 Ecclesiastico
1171 4268 1337 4376 privans

163 4401 366 4485 Clericum
397 4429 469 4512 per
498 4429 558 4495 se,
593 4409 632 4482 et
663 4401 813 4482 directe
846 4428 926 4481 usu
958 4401 1096 4504 officii,
1134 4402 1338 4500 beneficii,
