3360 5126
559 381 659 427 amna
680 381 713 426 v.
736 397 781 408 -
803 377 943 427 mruuus
965 379 1011 424 x1.
1310 355 1378 424 227

202 507 405 609 ›Paridc,
432 515 509 588 eto.
538 532 637 613 ergo
669 513 747 586 etc.
784 503 928 612 Neque
949 503 1083 611 stylus
1098 502 1293 584 Datariae
1315 512 1378 586 est

202 641 284 721 »in
314 641 597 723 contrarium:
633 665 730 719 nam
771 637 1015 745 legitimatio
1046 637 1125 717 ista
1155 638 1218 718 vel
1248 637 1295 718 fit
1325 638 1378 718 ad

202 775 446 856 »cautelam
488 781 665 873 tautum,
703 771 766 852 vel
808 773 850 852 in
881 797 982 852 casu
1013 777 1124 851 certo
1156 770 1378 877 illegitimi-

203 909 338 990 »tatis
359 941 396 990 ›.

291 1043 534 1124 Cardinotis
565 1051 701 1122 tamen
731 1041 866 1122 Petro
896 1046 1157 1120 commentar.
1182 1029 1251 1119 'ad
1271 1039 1379 1119 Gon-

195 1177 283 1258 stit.
308 1177 438 1258 XXII
454 1177 570 1258 stoc·
589 1179 617 1260 Ι
619 1178 659 1258 V
673 1205 717 1258 n.
742 1177 793 1255 II
816 1179 935 1256 sentit
966 1173 1178 1253 tenendam
1210 1197 1294 1252 osse
1314 1179 1378 1254 tc-

198 1316 345 1392 tiorem
384 1312 635 1420 opinionem
672 1309 839 1418 ideo'qne
867 1308 1004 1416 quoad
1040 1306 1204 1388 ordines
1233 1307 1378 1387 saltem

195 1445 487 1558 suscipiendos,
524 1445 595 1526 bos
629 1445 812 1554 indigere
841 1443 1157 1554 dispensatione,
1193 1468 1282 1522 cum
1314 1467 1378 1522 re-

196 1581 394 1688 quiratur
416 1579 612 1690 probatio
635 1579 907 1688 legitimitotis
921 1605 1003 1689 pro
1026 1603 1109 1685 qna
1130 1603 1210 1656 non
1225 1577 1380 1686 sufficit

190 1715 493 1826 praesumptio,

289 1849 391 1930 Post
432 1849 534 1929 haec
574 1856 783 1940 notamus,
829 1847 938 1954 quod
973 1845 1010 1925 si
1042 1847 1136 1953 quis
1177 1845 1383 1926 desiderat

198 1981 389 2064 uberiora
410 1983 546 2090 quoad
568 1981 675 2064 hanc
695 1982 934 2075 materiam,
954 1981 1075 2062 adeat
1100 1980 1256 2061 Giraldi
1286 1981 1381 2060 Erc-

193 2118 348 2228 positio
367 2117 485 2221 juris
516 2117 739 2222 Pontificti
761 2125 879 2225 port.
914 2117 950 2196 I.
977 2143 1031 2196 ecc
1053 2115 1124 2198 tib.
1156 2117 1201 2195 5.
1228 2117 1380 2195 Decre-
1475 2192 1478 2198 .

197 2250 345 2331 tatium
365 2253 430 2332 tit.
455 2250 524 2328 XI
540 2249 590 2330 de
613 2250 840 2358 infantibus
871 2239 945 2329 etc.
971 2250 1078 2329 Soet.
1111 2253 1203 2330 819
1227 2257 1263 2329 et
1285 2253 1377 2334 820

200 2385 303 2495 Cup.
340 2385 504 2466 unicum
533 2385 571 2463 si
602 2410 629 2464 a
660 2383 793 2464 Patre
823 2383 864 2463 in
899 2383 1022 2483 uotiS,
1048 2383 1119 2464 ubi
1148 2384 1268 2492 plura
1301 2385 1378 2466 du-

195 2519 264 2600 bia
294 2511 505 2627 proposita
538 2517 805 2599 inveniuntur
826 2544 923 2599 cum
945 2517 1163 2626 aualoghis
1195 2545 1372 2628 respon-

194 2655 382 2738 sionibus
412 2656 464 2736 ad
496 2681 587 2734 rem
618 2661 804 2735 nostram
835 2652 1099 2734 facientibus.

607 2987 844 3070 TITULUS
874 2987 965 3071 XII.

345 3221 411 3300 De
440 3219 662 3301 homicidio
693 3221 941 3313 uoluntario,
977 3227 1014 3300 ct
1045 3221 1220 3304 casuali.

282 3458 398 3540 Licet
417 3457 627 3560 usitatius,
652 3467 691 3540 et
707 3458 829 3567 juxta
844 3457 1031 3540 ordinem
1063 3447 1271 3539 doctrinae
1295 3459 1377 3538 fere

195 3591 507 3673 convenientius
523 3601 632 3674 esset
648 3593 764 3700 prius
782 3618 904 3700 agere
925 3595 975 3674 de
997 3619 1160 3700 genere,
1181 3600 1221 3674 et
1236 3599 1379 3702 postea

194 3725 244 3806 de
289 3725 533 3834 speciebus;
582 3725 849 3807 nihilominus
891 3727 941 3807 Β.
982 3723 1260 3835 Raymundus
1300 3727 1379 3809 hoc

194 3859 236 3937 iu
267 3860 356 3941 loco
387 3867 551 3969 propter
571 3861 756 3942 criminis
786 3861 1042 3944 atrocitatem
1064 3861 1181 3970 prius
1211 3863 1262 3943 de
1284 3887 1379 3968 spe·

193 3991 351 4094 ciebus,
386 4001 425 4074 et
446 3994 539 4074 dein
561 3995 611 4075 de
632 4021 782 4102 genere
802 3995 1010 4102 loquitur3
1036 3995 1240 4103 siquidem
1268 4001 1380 4102 post

193 4152 320 4234 quam
350 4127 393 4208 iu
425 4129 770 4235 praecedentibus
793 4129 958 4210 duobus
979 4129 1111 4210 titulis
1132 4127 1216 4236 egit
1235 4129 1285 4210 de
1305 4127 1380 4210 ho-

193 4259 358 4343 micidio
390 4261 432 4342 in
462 4264 612 4371 specie,
651 4264 771 4344 modo
802 4269 951 4344 tractat
982 4263 1032 4344 de
1063 4263 1207 4344 codem
1239 4261 1280 4345 in
1307 4290 1378 4372 go-

193 4419 304 4497 nere,
340 4395 513 4506 ideoque
543 4405 801 4508 praesentem
832 4396 1000 4506 subjicit
1029 4396 1212 4480 titulum.
