3360 5126
510 411 610 458 mun
633 414 664 459 r.
688 431 732 442 --
756 413 894 460 nunnus
918 415 998 460 xvu.
1276 393 1343 462 273

165 555 288 646 scopo
318 545 527 618 reservata
558 545 633 638 est,
668 536 742 618 etsi
775 545 913 645 raptor
950 537 1107 619 alienae
1141 539 1342 621 dioecesis

165 673 372 754 existeret.
406 672 492 752 lrno
515 671 549 751 si
573 677 666 752 ante
697 679 871 752 mortem
903 679 1042 780 raptor
1072 673 1252 755 noluerit
1277 701 1344 755 sa-

164 805 368 906 tisfacere,
402 805 465 886 vel
496 804 530 885 si
563 804 605 884 in
628 803 718 912 ipsa
739 805 884 914 rapina
913 805 1078 887 occisus
1106 789 1173 907 sit,
1208 807 1346 914 priva-

164 947 233 1020 tur
261 937 477 1047 sepultura
506 963 626 1019 sacra
656 946 868 1046 tamquam
910 939 1096 1020 notorius
1136 946 1340 1046 peccator.

170 1074 274 1182 Cap.
309 1075 354 1153 2.
391 1069 432 1153 h.
470 1077 520 1164 t,
556 1080 592 1152 et
627 1072 732 1182 Cup.
766 1076 811 1155 2.
847 1071 896 1152 de
916 1072 1069 1181 furtis,
1104 1071 1175 1152 ubi
1218 1071 1344 1153 etiarn

167 1205 300 1287 clerici
332 1205 625 1287 interessentes
656 1205 726 1287 tali
758 1206 1011 1313 sepulturae,
1040 1206 1241 1314 jubentur
1275 1206 1345 1287 de-

166 1338 264 1446 poni
296 1338 348 1419 ab
379 1338 529 1441 officie,
564 1351 603 1421 et
635 1340 848 1422 beneficio

226 1470 359 1580 Caput
379 1471 543 1553 tertium
567 1473 607 1552 lc.
629 1481 676 1572 t,
703 1481 743 1554 et
759 1473 1005 1554 Constitutio
1022 1472 1167 1553 Bullae
1184 1471 1345 1552 Coenae

167 1631 321 1713 poenas
353 1605 574 1686 nonnullas
605 1606 874 1714 particulares
905 1605 1052 1714 inlligit
1086 1606 1127 1686 in
1160 1631 1244 1699 eoa,
1272 1606 1341 1713 qui
1384 1703 1387 1710 1

168 1739 321 1846 aliquid
368 1765 420 1820 ex
464 1739 584 1821 bonis
629 1739 958 1822 Christianorum
1006 1737 1344 1847 naufragantium

168 1872 411 1980 surripiunt,
446 1875 543 1983 quia
574 1901 755 1976 sacrum,
790 1885 829 1957 et
858 1883 1049 1957 sanctum
1075 1873 1230 1983 jugiter
1261 1873 1347 1954 fuit

170 2006 278 2114 apud
315 2033 460 2088 omnes
491 2015 634 2114 gentes
667 2007 829 2089 miseris
860 2035 1120 2109 succurrere,
1160 2014 1199 2088 et
1229 2007 1348 2114 adju-

171 2165 282 2220 vare·
311 2141 472 2220 Poenae
504 2150 645 2222 autern
668 2141 770 2222 istae
801 2149 899 2222 sunt
930 2149 1163 2248 sequanica,
1192 2140 1346 2220 scilicet

175 2277 234 2356 l.⁰
255 2271 639 2354 Excommunicatio
666 2273 797 2380 major
822 2273 960 2381 Papae
988 2281 1211 2367 reservata,
1236 2271 1346 2352 haud

173 2409 428 2492 extensibilis
458 2408 509 2489 ad
541 2433 691 2490 causas
714 2407 906 2508 moraleS,
937 2408 1041 2488 idest
1067 2406 1342 2505 consulentes

174 2542 368 2644 lautoreS,
388 2549 633 2651 receptores
660 2549 757 2643 etc,
778 2569 874 2624 curn
896 2541 945 2623 de
969 2541 1070 2650 ipsis
1093 2541 1244 2622 mentio
1267 2567 1349 2620 nen

172 2676 257 2758 fiat.
283 2675 560 2778 2.⁰1nlamia,
587 2677 648 2756 3.⁰
670 2676 846 2784 denique
877 2675 1174 2782 irregularitas.

705 2917 730 3016 ἓ
762 2915 825 2995 2³

572 3139 636 3218 De
666 3133 952 3218 incendiariis.

261 3341 506 3423 Incendiarii
539 3341 748 3443 dicuutur,
782 3341 852 3449 qui
884 3341 977 3422 dolo
1010 3341 1134 3439 malo,
1168 3367 1242 3421 seu
1264 3366 1354 3420 rna-

175 3475 324 3577 litiose,
358 3475 444 3556 sive
476 3475 666 3575 scientes
701 3483 740 3557 et
771 3476 993 3584 prudentes
1027 3475 1165 3575 urbae,
1190 3474 1354 3573 domos

176 3609 339 3718 oppida,
373 3608 508 3711 villas,
542 3617 722 3716 segetes
756 3635 925 3691 acervos
958 3609 1184 3710 fructuum,
1218 3615 1258 3689 et
1288 3608 1353 3687 si-

175 3746 292 3832 milia
322 3747 430 3827 bona
460 3743 596 3826 aliena
626 3772 702 3852 per
731 3772 792 3844 se,
827 3745 892 3826 vel
923 3770 996 3852 par
1027 3744 1129 3825 alios
1167 3742 1354 3853 apposito

175 3882 270 3988 igne
300 3877 573 3978 succendunt,
598 3878 686 3960 sive
708 3879 748 3959 id
770 3877 927 3959 faciant
957 3904 1008 3958 ex
1039 3877 1148 3978 odio,
1173 3884 1246 3958 aut
1266 3877 1357 3956 vin·

175 4014 297 4112 dicta,
331 4011 419 4092 sive
450 4009 568 4111 lucri,
603 4019 643 4092 et
681 4011 886 4094 commodi
929 4010 1162 4119 reportandi
1208 4036 1350 4092 causa.

263 4145 381 4228 Sicut
411 4141 648 4248 hujusmodi
687 4143 928 4225 incendiarii
961 4168 986 4223 a
1016 4143 1124 4223 civili
1156 4143 1249 4251 jure
1279 4169 1356 4251 pu-

177 4283 362 4380 niuntur,
388 4285 591 4369 haedere
608 4279 800 4389 antiquae
816 4276 972 4387 poenae
989 4277 1224 4382 canonicae,
1248 4277 1358 4359 idest

180 4419 364 4502 asacris
395 4417 626 4504 canonibus
657 4420 836 4496 statutae
867 4412 1177 4497 obsoleverunt.
