3136 5138
455 436 563 487 niuea
586 437 632 486 1v.
656 455 677 468 -
699 432 837 488 uramus
859 437 917 486 vn.
1209 425 1273 488 185

116 565 180 647 hoc
208 565 362 646 crimen
392 567 621 647 admissum
652 567 706 646 sit
726 565 1028 646 machinatione
1050 565 1268 675 utriusque

115 707 147 778 et
172 697 481 804 conspiratione,
515 697 573 778 ita
603 705 649 778 ut
679 705 850 805 uterque
881 703 1098 794 concurrat
1119 699 1170 779 ad
1191 726 1264 780 ne-

116 860 188 913 cem
218 833 280 913 vel
310 832 497 932 consilio,
531 831 595 911 vel
630 832 839 932 mandato,
874 831 937 910 vel
979 833 1263 939 cooperatione
1348 941 1350 944 Ι

116 965 280 1074 physica,
315 966 373 1046 ita
402 973 448 1047 ut
478 973 648 1072 uterque
669 965 809 1046 haberi
831 965 961 1072 possit
982 981 1163 1066 correus,
1187 994 1261 1047 seu

116 1126 195 1180 rcus
214 1099 467 1210 principalis3
490 1107 612 1208 prout
628 1098 872 1206 exprimitur
893 1099 934 1178 in
950 1099 1077 1180 relato
1099 1127 1190 1180 een.
1219 1106 1258 1181 5.

115 1231 177 1312 Cui
192 1233 463 1340 cooperationi
479 1259 562 1312 non
578 1229 870 1339 aequiparatur
885 1232 1136 1333 ratihabitio,
1156 1259 1266 1341 quae

116 1394 136 1446 a
160 1366 312 1474 legibus
342 1367 384 1446 in
410 1366 567 1448 delictis
589 1365 878 1472 aequiparatur
900 1367 1108 1448 mandate.
1134 1365 1265 1447 Nam·

115 1525 181 1606 que
208 1499 247 1578 in
276 1499 434 1580 delictis
466 1498 701 1580 ratihabitio
737 1498 1028 1606 aequiparatur
1070 1500 1265 1582 mandato

117 1629 151 1708 in
177 1629 249 1709 illis
279 1629 380 1709 solis
410 1630 590 1728 oasihuS,
627 1629 669 1708 in
691 1629 842 1736 quibus
864 1656 890 1709 a
905 1631 998 1738 jure
1019 1657 1262 1738 expressum

117 1771 179 1862 est,
206 1764 315 1872 atqui
347 1791 573 1872 numquam
604 1763 781 1870 legimus
813 1764 855 1842 in
887 1792 1043 1846 canone
1073 1766 1150 1847 hoc
1181 1766 1263 1846 im·

115 1897 372 2002 pedimentum
402 1897 555 1979 incurri
585 1898 674 1978 sola
705 1897 920 1980 uxoricidii
953 1899 1255 2003 ratihabitione;

115 2028 254 2111 theoria
273 2031 444 2140 proinde
466 2032 516 2113 ad
537 2031 647 2114 hune
668 2058 813 2114 casum
833 2033 995 2114 extendi
1017 2061 1098 2114 non
1125 2035 1263 2136 debet,

114 2165 336 2269 praesertim
367 2191 462 2247 cnm
492 2164 626 2246 simus
656 2165 698 2245 in
728 2165 898 2246 odiosis,

211 2297 272 2380 4⁰
302 2300 468 2380 Tertius
498 2326 637 2398 casuS,
671 2299 713 2379 in
744 2326 825 2407 quo
848 2299 1069 2381 incurritur
1089 2299 1264 2408 impedi--

112 2439 276 2512 mentum
308 2440 385 2533 est,
418 2432 582 2540 quando
614 2440 838 2540 utrumque
863 2431 1017 2512 crimen
1038 2433 1264 2534 concurrit,

111 2587 239 2670 nempe
269 2565 459 2646 adulterii
490 2572 529 2645 et
549 2563 782 2646 uxoricidii.
808 2566 898 2646 Hoc
918 2574 1055 2646 tamen
1078 2564 1118 2644 in
1139 2592 1258 2664 casu,

111 2705 148 2778 ut
181 2699 413 2781 incurratur
457 2698 794 2807 impedimentum
842 2699 1055 2808 sequentia
1099 2707 1260 2782 tantum

111 2828 242 2915 debent
271 2831 488 2933 verificari,
527 2857 687 2941 nempe:
719 2878 741 2893 -
775 2836 812 2912 1⁰
842 2843 889 2915 ut
928 2832 1177 2914 adulterium
1207 2835 1260 2916 sit

102 2962 270 3068 formate
299 2993 352 3047 ex
383 2973 556 3072 utraque
586 2972 714 3072 parte.
749 2967 834 3045 lmo
856 2964 1042 3046 Sanchez
1064 2967 1134 3046 lid.
1163 2966 1260 3046 lde

108 3101 273 3182 matrim.
309 3099 404 3180 dist.
441 3099 494 3179 78
516 3127 626 3180 nem.
661 3101 712 3178 12
733 3127 827 3181 cum
850 3099 941 3180 aliis
963 3099 1170 3180 contendit
1189 3099 1260 3179 de-

108 3226 188 3310 bere
203 3231 678 3342 essaformetcreapecte
690 3233 870 3342 conjugis
884 3231 1100 3340 interfecti,
1113 3255 1266 3337 nempe

107 3371 143 3444 ut
168 3366 293 3448 altera
315 3393 411 3475 pars
441 3365 629 3448 adultera
648 3366 751 3448 sciat
773 3366 903 3446 luisse
923 3364 1189 3472 conjugatum
1211 3362 1265 3442 il·

106 3495 192 3600 lum,
218 3501 288 3610 qui
318 3508 410 3611 post
426 3500 688 3599 adulterium,
720 3527 839 3580 suam
863 3497 1079 3607 conjugem
1097 3495 1265 3598 occidit,

105 3637 136 3710 et
155 3634 316 3716 videtur
331 3634 433 3716 haec
454 3635 700 3716 attendenda
719 3659 810 3714 esse
835 3631 954 3733 ratio,
978 3631 1075 3739 quia
1105 3630 1170 3711 hic
1199 3639 1262 3710 est

105 3763 239 3847 unicus
256 3768 420 3866 medua,
439 3793 520 3875 quo
542 3766 697 3848 crimen
715 3766 766 3847 ab
789 3792 871 3846 uno
893 3765 1122 3847 admissum
1144 3762 1262 3845 alteri

103 3907 221 3980 uocet.
240 3945 261 3960 ·
280 3898 325 3980 2⁰
356 3908 402 3980 ut
423 3898 669 3981 adulterium
692 3897 921 3980 admissum
955 3899 1090 4000 fuerit,
1124 3897 1267 4007 prius--

104 4051 213 4132 quam
244 4034 392 4114 caedes
421 4031 717 4131 committatur,
751 4031 828 4112 etsi
861 4031 1108 4114 machinatio
1135 4031 1258 4112 etiam

105 4165 374 4247 antecedenter
402 4164 590 4272 incoepta
619 4173 779 4264 noceat,
823 4163 1046 4245 dummodo
1087 4163 1262 4244 effectus

108 4295 407 4380 machinationis
436 4325 513 4380 seu
543 4297 694 4380 occisio
725 4297 778 4378 sit
799 4307 892 4406 post
913 4305 1119 4406 patratum
1141 4293 1260 4376 adul-

108 4428 260 4533 terium;
290 4461 412 4516 secus
444 4461 523 4516 non
544 4431 765 4514 haberetur
786 4431 1032 4515 adulterium
1055 4429 1155 4511 illud
1178 4427 1265 4510 for--
