3356 5118
510 412 607 458 LIBER
630 413 660 456 V.
686 431 727 439 -
752 411 890 458 ‘l'I'l'UIaUS
913 413 989 456 XXX.

531 806 769 888 TITULUS
800 803 941 886 XXX.

300 1079 362 1157 De
392 1103 452 1168 cu,
487 1077 558 1183 pai
578 1075 742 1184 furtiua
772 1073 957 1155 ordinem
975 1077 1175 1176 suscepit.

242 1345 493 1452 Delinquunt
524 1344 646 1423 etiam
678 1347 786 1423 circa
817 1343 980 1423 ordines
1017 1343 1090 1442 illi,
1134 1341 1203 1450 qui
1235 1341 1324 1423 sino

153 1507 376 1578 consensu,
400 1485 440 1558 et
461 1477 623 1558 licentia
643 1477 794 1584 proprii
817 1477 1026 1585 Episcopi,
1046 1489 1086 1557 et
1105 1477 1195 1558 sine
1212 1504 1332 1585 prae-

155 1613 220 1692 vio
252 1613 457 1712 examine,
482 1611 622 1692 dolose
643 1639 687 1691 se
708 1611 946 1692 ordinandis
967 1613 1245 1693 immiscentes
1265 1640 1332 1693 or-

154 1745 270 1825 dines
302 1746 518 1852 recipiunt.
558 1744 610 1826 Et
644 1745 837 1852 quoniam
886 1746 962 1827 hoc
1008 1745 1225 1854 praecipue
1273 1745 1289 1823 s
1313 1791 1331 1804 -

153 1881 283 1978 ciunt,
303 1879 371 1986 qui
393 1905 462 1986 per
486 1879 637 1960 sultam
657 1879 914 1991 ordinantur,
939 1880 1032 1961 hinc
1053 1888 1163 1960 recto
1185 1879 1327 1959 ordine

154 2013 203 2094 B.
230 2013 506 2121 Raymundus
528 2012 636 2093 hunc
657 2013 823 2094 titulum
846 2013 1104 2120 praecedenti
1122 2013 1327 2118 adjunxit.

241 2145 342 2224 Tria
372 2146 413 2224 in
445 2145 521 2226 hoc
552 2146 669 2226 titulo
701 2147 918 2253 praecipue
950 2145 1185 2253 quaerenda
1214 2155 1327 2228 sunt.

159 2279 217 2360 l.⁰
249 2279 428 2373 Quinam
460 2280 652 2361 dicuntur
679 2281 837 2385 furtiue
881 2279 1092 2386 suscipere
1138 2279 1331 2360 ordines?
1390 2295 1396 2299 ’

155 2417 216 2494 29
237 2417 304 2494 An
327 2413 563 2520 hujusmodi
586 2415 758 2522 furtiua
779 2413 996 2495 wordinatio
1028 2415 1081 2494 sit
1113 2412 1262 2512 valida,
1292 2419 1331 2493 et

153 2546 292 2628 licita?
327 2549 633 2643 erectionem
663 2575 818 2655 poenae
849 2556 1028 2630 statutae
1064 2546 1146 2626 sint
1185 2554 1328 2628 contra

156 2680 303 2762 furtive
334 2683 605 2790 suscipientes
637 2683 834 2763 ordines?

243 2816 308 2896 Ad
351 2817 524 2923 primam
570 2815 853 2924 quaestionem
900 2817 1211 2923 respondemus
1260 2841 1331 2895 eos

155 2949 232 3031 dici
255 2950 419 3058 furtiue
449 2952 658 3057 suscipere
689 2945 867 3049 ordines,
897 2951 966 3056 qui
991 2949 1052 3028 vet
1076 2951 1117 3028 in
1139 2950 1328 3029 examine

157 3084 378 3188 reprobati,
403 3085 465 3164 vel
488 3085 575 3164 sine
598 3083 762 3191 praevio
785 3083 991 3182 examine,
1015 3083 1221 3189 simulque
1242 3081 1332 3162 sinc

156 3242 376 3316 consensu,
410 3226 449 3296 et
481 3217 644 3298 licentia
675 3198 827 3324 proprii
860 3215 1067 3296 Ordinarii
1109 3215 1248 3296 dolose
1289 3241 1334 3296 se

157 3335 352 3456 ingerunt
381 3351 552 3431 caeteris
582 3351 833 3448 ordinandis
871 3351 975 3435 Gan.
1005 3348 1176 3441 Quando
1198 3352 1243 3440 5,
1268 3335 1351 3428 de

155 3493 206 3564 st.
243 3488 287 3584 4,
325 3485 429 3580 Can.
464 3487 609 3566 Ecetra
639 3486 684 3578 5,
719 3485 812 3566 dist.
849 3487 926 3583 64,
971 3484 1033 3564 vel
1074 3483 1143 3590 qui
1185 3481 1329 3561 eadem

157 3619 220 3698 die
251 3619 356 3699 duos
386 3645 527 3699 sacros
558 3620 721 3700 ordines
751 3619 984 3726 suscipiunt
1011 3617 1101 3698 siue
1134 3616 1349 3724 requisita

157 3752 335 3837 licentia.
374 3756 478 3866 Cap.
517 3759 541 3834 1
575 3763 612 3834 et
641 3759 688 3852 2,
723 3753 764 3834 h.
801 3763 829 3835 t.

223 3931 225 3936 ι
244 3890 309 3967 Ad
339 3890 563 3970 secundam
589 3915 682 3969 vero
704 3887 985 4004 quaestionem
1006 3887 1199 3984 dicimus
1219 3886 1327 3992 quod

159 4021 347 4128 quamvis
379 4035 535 4104 certum
567 4025 633 4122 sit,
661 4024 825 4133 furtiue
855 4022 1127 4130 suscipientes
1149 4020 1333 4101 ordinem

158 4157 339 4262 graviter
370 4183 552 4264 peccare,
589 4167 726 4264 utpote
759 4168 1020 4264 praeceptum
1052 4153 1262 4235 Ecclesiae
1294 4152 1334 4232 in

158 4291 271 4396 gravi
300 4291 471 4371 materia
491 4289 850 4398 transgredientes
879 4303 1015 4371 tamen
1037 4287 1239 4368 ordinatio
1263 4312 1334 4366 va-

157 4423 240 4505 lida
279 4437 355 4508 est.
399 4427 523 4535 quue
565 4433 677 4532 patet
708 4454 760 4506 ex
791 4451 880 4536 cap.
916 4427 955 4518 1,
991 4425 1032 4504 t.
1068 4435 1096 4506 t.
1133 4425 1203 4506 ubi
1237 4449 1333 4506 curn
