3356 5118
504 465 606 512 amun
628 464 659 509 v.
684 480 728 492 -
751 463 891 510 macnus
914 461 1030 508 xxm.
1290 439 1358 506 385

175 601 419 682 mentorum,
455 590 507 670 ab
539 587 721 669 omnibns
753 591 902 697 officiis
934 589 1098 686 divinia,
1135 597 1172 670 et
1201 588 1252 668 ab
1278 589 1361 669 Ec-

177 725 409 806 clesiastico
440 724 669 834 sepultura.
703 723 764 803 Ita
795 749 848 802 ex
884 722 987 832 Cap.
1022 720 1286 803 Nonest11
1313 721 1363 802 dc

177 859 368 967 Sponsot.
404 867 441 939 ct
475 859 667 939 Matrini.
703 855 755 937 Et
785 882 838 936 ex
874 857 977 968 Cap.
1017 855 1136 947 Quod
1167 857 1209 936 in
1240 863 1278 935 tc
1312 856 1363 937 dc

178 991 411 1074 Paeniteat.
447 1000 484 1072 ct
517 992 762 1072 Remission.

265 1125 448 1206 Effectus
479 1125 682 1207 interdicti
713 1135 797 1206 tres
831 1123 1050 1232 praecipue
1071 1130 1186 1222 sunt,
1210 1149 1284 1203 ceu
1307 1147 1361 1200 ex

178 1257 271 1364 ipsa
301 1258 537 1340 definitione
567 1267 714 1357 scatet,
747 1258 905 1348 scilicet
934 1256 1108 1364 privatio
1140 1254 1360 1363 participa-

179 1391 303 1472 tionis
333 1393 612 1501 quorumdam
643 1397 1019 1492 sacramentorum3
1052 1387 1273 1500 prohibitio
1298 1387 1361 1469 ot-

178 1525 367 1606 ficiorum
399 1526 651 1626 divinorum,
686 1533 725 1606 et
755 1525 930 1632 privatio
962 1523 1275 1606 Ecclesiasticae
1296 1548 1362 1602 se-

178 1659 384 1766 pulturae.
439 1661 608 1741 Primus
659 1661 789 1768 igitur
838 1662 1008 1742 effectus
1049 1659 1257 1740 interdicti
1297 1665 1361 1739 cst

179 1793 353 1900 privatio
385 1782 672 1901 quorumdam
688 1801 1057 1876 sacramentorum.
1082 1791 1243 1874 Dicitur
1264 1818 1362 1899 qno-

180 1927 384 2028 rnmdam,
418 1929 518 2036 quia
547 1936 730 2037 tempore
762 1928 976 2011 interdicti
1004 1953 1085 2009 non
1121 1925 1362 2034 prohibetur

174 2061 492 2162 administratio,
518 2070 558 2143 et
579 2063 754 2170 receptio
776 2063 964 2142 omnium
981 2069 1354 2161 sacramentorum,

177 2195 251 2275 sed
282 2201 444 2276 tautum
478 2194 729 2302 aliquorum.
775 2195 885 2274 Sane
929 2201 1113 2302 tempore
1158 2191 1363 2274 interdicti

177 2335 489 2409 sacramentum
512 2327 736 2435 Baptismi,
761 2334 800 2407 et
821 2325 1154 2407 Confirmationis
1170 2351 1251 2405 non
1273 2331 1365 2406 tau-

176 2467 267 2540 tum
298 2460 500 2568 parvuliS,
537 2461 610 2541 sed
628 2461 752 2541 etiam
770 2459 922 2574 adultis
942 2469 1109 2569 propter
1129 2485 1270 2540 morae
1291 2485 1362 2566 pe-

175 2593 357 2675 riculum
372 2594 483 2677 licite
501 2595 814 2678 administratur
831 2595 883 2675 ad
900 2593 1106 2676 tramitem
1127 2595 1231 2705 Cap.
1256 2595 1364 2684 Quo-

177 2727 295 2802 niam
325 2727 375 2804 dc
405 2729 682 2810 Eaecomrncn.
720 2731 762 2809 in
800 2734 843 2828 6,
888 2727 1199 2810 administratur
1238 2726 1362 2808 etiam

176 2864 488 2937 sacramentum
523 2859 798 2965 poenitentiae
835 2887 919 2941 non
949 2868 1112 2944 tantum
1132 2859 1358 2957 morituriS,

175 2991 253 3072 sed
284 2990 408 3072 etiam
437 2993 553 3073 sanis
586 2992 687 3098 (nisi
708 2993 792 3073 sint
814 2996 1176 3096 excommunicati,
1197 2994 1260 3074 vel
1283 2993 1363 3074 nisi

175 3149 354 3206 oausam
384 3125 572 3207 dederint
603 3126 839 3226 interdicto,
873 3153 922 3208 ac
952 3153 1028 3238 nec
1058 3128 1158 3208 dum
1189 3125 1313 3206 satist
1338 3170 1361 3185 -

174 3259 306 3358 ciant,
341 3285 473 3367 neque
507 3259 701 3342 idoneam
735 3263 784 3342 de
814 3261 1106 3343 satisfaciendo
1128 3260 1364 3343 cautionem

174 3399 388 3502 praestent
422 3393 526 3504 Cap.
566 3395 694 3476 Arma
723 3402 858 3478 mater
886 3393 936 3475 dc
955 3395 1134 3477 Santoni.
1169 3397 1360 3476 Encom-

172 3553 289 3607 mnn.
326 3531 369 3607 in
400 3533 444 3607 6.
474 3527 806 3609 Administratur
826 3553 990 3636 quoque
1010 3527 1273 3610 Eucharistia
1294 3554 1362 3608 ae-

172 3659 325 3770 gretia,
360 3667 400 3741 et
430 3667 623 3742 extrema
650 3663 788 3744 unctio
809 3661 997 3762 infirmia,
1024 3663 1159 3771 prouti
1181 3669 1293 3771 patet
1313 3686 1363 3743 cx

177 3797 288 3905 Cap.
328 3792 446 3884 Quod
477 3796 519 3876 in
555 3803 593 3876 tc
622 3798 689 3878 De
717 3797 1003 3879 Poenitcntiis.
1038 3796 1224 3876 Tandem
1256 3823 1359 3877 con-

171 3925 359 4012 trahitur
387 3928 514 4010 etiam
537 3929 866 4031 matrimonium,
891 3930 985 4013 licet
1005 3928 1234 4012 benedictio
1257 3955 1363 4038 nup-

172 4061 289 4146 tialis
320 4060 604 4168 prohibeatur.
639 4065 730 4146 Etc.

266 4196 488 4278 Secundus
518 4199 690 4280 effectus
726 4198 936 4283 interdicti
965 4207 1029 4282 est
1058 4173 1232 4307 privatio
1258 4197 1363 4279 divi-

170 4354 328 4414 norum
358 4329 604 4414 officiorum.
638 4334 698 4416 Ita
738 4333 843 4444 Cap.
872 4334 1159 4418 Permittimns
1179 4336 1239 4415 57
1262 4333 1305 4417 b.
1330 4339 1361 4415 t.

169 4476 213 4550 et
249 4463 355 4574 Cap.
389 4465 439 4547 Si
467 4467 666 4548 sententia
696 4469 758 4548 56
793 4467 884 4552 cod.
918 4469 982 4550 tit.
1023 4469 1067 4550 in
1098 4473 1143 4562 6,
1189 4467 1262 4550 ubi
1292 4493 1366 4576 per

287 4623 494 4670 umam
1223 4612 1259 4670 m
