3360 5126
554 420 653 466 insse
675 421 706 467 r.
730 440 773 448 --
797 423 935 470 sirenus
958 425 1003 469 ιι.
1067 425 1071 436 ·
1304 404 1370 472 225

193 554 356 626 rentum
379 543 540 626 facinus
562 545 715 626 existit.
743 545 846 639 Quis
869 547 979 627 enim
1012 550 1092 630 non
1130 549 1254 652 videt,
1292 551 1369 632 du-

195 678 381 761 cissimas
412 705 479 760 ex.
514 706 576 787 gr.
611 677 855 788 infligendas
887 707 978 762 esse
1004 709 1173 790 poenaS,
1208 685 1368 792 quoties

195 813 330 894 intans
366 813 406 892 in
448 813 564 894 silvis
601 815 769 894 remotis
806 815 858 896 ab
905 814 1122 898 hominurn
1164 821 1369 901 consortio

194 955 440 1055 exponatur,
474 945 594 1056 quasi
616 949 668 1028 ad
689 948 890 1056 pabulum
923 949 1182 1052 animalium,
1207 961 1246 1032 et
1265 951 1369 1033 tera·

193 1084 316 1162 rum?
347 1082 409 1162 De
439 1081 504 1160 his
535 1081 592 1164 ita
621 1082 765 1164 scribit
796 1083 1038 1165 Lactantius
1069 1083 1111 1165 in
1143 1085 1213 1168 aa
1240 1093 1268 1167 6
1291 1089 1370 1170 Di—

196 1219 384 1296 einarum
426 1215 736 1298 institutionum.
786 1219 889 1328 Cup.
935 1223 1013 1311 20,
1047 1257 1105 1290 ==
1144 1221 1253 1312 Quid
1285 1222 1364 1315 illi,

193 1377 292 1458 quos
323 1351 448 1460 falsu
483 1353 618 1462 pietus
658 1354 763 1460 sopit
805 1357 1037 1463 exponere?
1072 1352 1170 1434 Non
1197 1364 1368 1464 possunt

194 1485 421 1564 innocentes
457 1485 709 1577 eatstimuri,
734 1487 806 1593 qui
827 1487 984 1568 uiscera
1005 1513 1082 1567 sua
1104 1487 1147 1567 in
1160 1487 1366 1598 praedam

193 1617 359 1698 cunibus
390 1617 600 1724 objiciunt,
635 1627 672 1699 et
702 1627 898 1727 quantum
931 1620 977 1699 in
1009 1622 1107 1731 ipsis
1130 1629 1202 1714 est,
1223 1622 1367 1702 cuide-

194 1751 272 1832 lius
308 1760 465 1844 necant,
500 1779 624 1860 quum
663 1755 701 1834 si
729 1753 1067 1863 strangulassent.
1102 1755 1137 1835 E
1168 1782 1367 1836 converso

193 1885 390 1990 gravibus
421 1886 602 1994 quidem,
637 1915 718 1969 non
749 1898 886 1970 tamen
916 1913 1045 1995 aeque
1079 1890 1237 1997 asperis
1267 1891 1368 1972 sub-

188 2018 387 2124 jiciuntur
413 2019 570 2126 poenis,
596 2021 664 2127 qui
693 2021 844 2101 liberos
866 2029 1081 2128 exponunt
1103 2023 1142 2102 in
1175 2023 1226 2102 iis
1248 2023 1365 2126 lociS,

193 2151 233 2230 in
265 2150 416 2258 quibus
449 2151 567 2232 facile
598 2155 648 2233 de
680 2153 857 2233 alicuius
889 2154 1039 2259 pietate
1069 2163 1271 2262 speretur,
1304 2156 1368 2235 fu·

191 2291 330 2365 turum
365 2291 411 2364 ut
441 2283 580 2392 aliqua
610 2284 766 2365 ratione
797 2284 939 2365 infanti
974 2286 1036 2366 vel
1070 2287 1266 2394 languido
1297 2313 1366 2368 oc-

191 2425 396 2500 curratur.

278 2549 488 2633 Posterior
519 2577 665 2659 poena,
700 2579 773 2633 seu
806 2551 938 2635 civilis
966 2554 1154 2636 consistit
1175 2555 1216 2634 in
1239 2555 1365 2636 amis-

191 2686 307 2765 sione
328 2685 484 2792 patriae
503 2686 731 2794 potestatis
751 2685 785 2767 si
804 2713 828 2767 a
848 2695 975 2795 patre,
995 2689 1059 2768 vel
1077 2690 1128 2769 ab
1146 2695 1360 2789 extrancO,

190 2825 304 2924 patre
334 2817 504 2919 sciente,
529 2827 601 2900 aut
623 2821 856 2919 mandante,
884 2822 994 2904 filius
1015 2833 1260 2933 exponatur,
1285 2822 1366 2905 sci-

187 2952 280 3033 licet
310 2951 602 3034 filiusfamilias
644 2979 668 3032 a
710 2963 824 3060 patre
857 2957 1073 3062 expositus
1108 2957 1363 3040 liberatura

190 3084 322 3190 patria
343 3094 543 3192 potestate
567 3088 626 3193 (in
649 3097 854 3195 quantum
876 3089 1064 3170 videlicet
1085 3099 1147 3171 est
1167 3091 1251 3170 filio
1268 3117 1366 3170 one·
1404 3156 1409 3166 .

191 3242 301 3315 rosa,
336 3243 418 3298 non
449 3227 587 3300 autern
620 3220 661 3300 in
682 3228 976 3328 quantum-est
1007 3223 1257 3324 favorabilis,
1285 3225 1366 3306 sci-

193 3349 285 3430 lieet
315 3351 451 3458 quoad
488 3353 810 3454 successionem,
845 3349 1054 3454 alimenta,
1088 3355 1223 3436 dotem
1264 3359 1363 3463 etc.)

187 3481 375 3584 libertuS,
412 3485 474 3566 vel
505 3513 654 3568 servus
685 3487 927 3588 aPatrono,
954 3489 1016 3568 vel
1039 3487 1216 3574 Domino
1239 3517 1365 3598 expo-

186 3615 293 3695 situs
315 3617 354 3695 in
377 3617 695 3724 ingenuitatem,
718 3631 758 3704 et
779 3621 1008 3703 libertatern
1031 3621 1230 3732 eripiatur
1256 3625 1359 3736 Cup.

185 3777 254 3829 un.
291 3749 332 3832 h.
367 3761 397 3833 t.
434 3753 583 3861 Engel.
619 3755 660 3836 h.
697 3763 725 3836 t.
763 3785 803 3838 n.
838 3761 883 3840 2.

273 3886 401 3969 Hisce
418 3889 624 3973 absolutis
642 3893 858 3974 veniamus
876 3893 926 3974 ad
944 3893 1207 4000 quaestiones
1225 3921 1248 3974 a
1271 3893 1360 3974 DD.

186 4020 434 4126 propositas,
460 4051 640 4132 quarum
662 4029 796 4134 prima
817 4034 905 4113 est:
931 4027 1035 4120 Quis
1056 4026 1181 4126 alere,
1206 4036 1245 4108 et
1266 4027 1366 4109 edu-

185 4179 278 4234 care
328 4163 489 4238 tenetur
531 4157 770 4267 hujusmodi
812 4160 1047 4269 expositos?
1085 4161 1194 4242 Huic
1240 4162 1365 4244 dubio

185 4291 456 4396 respondetur
487 4291 544 4373 ita
574 4320 598 4373 a
630 4294 818 4375 Maschat
851 4295 892 4374 h.
929 4303 957 4374 t.
993 4323 1033 4376 n.
1070 4301 1118 4388 2,
1150 4295 1365 4375 -ibi-

180 4419 229 4500 Si
247 4423 383 4505 nullus
397 4427 590 4535 priuatus
608 4429 841 4538 reperiatur
856 4434 928 4537 pati
938 4431 1154 4544 eapositos
1171 4429 1361 4524 educare,

299 4585 503 4631 nmaffl
1231 4577 1250 4632 8
