3386 5126
548 381 649 427 naun
671 381 702 425 v.
728 399 768 408 -
793 381 933 428 r1rnnus
956 381 1016 426 vn.
1303 363 1367 430 193

194 540 273 605 res,
298 511 402 592 idest
427 508 496 617 qui
524 505 740 587 haereticis
762 532 844 614 qua
865 506 1018 587 talibus
1045 506 1227 588 favorem
1250 536 1369 617 prae-

192 653 317 746 stant,
351 643 414 724 vel
449 640 622 750 positive
653 665 724 720 eos
756 639 978 740 laudando,
1009 641 1071 720 vel
1103 642 1292 748 negative
1325 651 1370 726 ut

192 779 416 862 omittendo
433 772 807 872 denunciationem,
822 781 1053 880 capturam,
1064 781 1103 856 et
1119 777 1364 859 custodiam.

278 915 369 997 Hae
400 917 499 992 sunt
529 931 685 1016 poenae
706 905 957 1014 spiritualeS,
982 908 1135 1014 quibus
1157 907 1366 1008 haeretici,

192 1048 342 1156 aliique
369 1043 471 1153 ipsis
502 1041 686 1121 faventes
718 1040 971 1123 afficiuntur.
997 1039 1120 1121 Nunc
1141 1041 1191 1120 ad
1215 1067 1369 1148 poenas

191 1179 456 1290 temporales
493 1203 598 1285 quae
629 1181 772 1257 contra
803 1175 916 1283 ipsos
938 1175 1181 1274 haereticos
1206 1203 1371 1258 eorum·

192 1341 272 1422 que
303 1320 551 1421 receptores
596 1309 789 1407 fautores,
837 1316 876 1390 et
916 1309 1151 1390 defensores
1191 1318 1370 1392 statutae

193 1448 384 1549 fuerunt3
424 1446 582 1553 haeque
614 1444 752 1552 plures
782 1453 896 1546 sunt,
930 1443 1085 1525 scilicet
1119 1447 1171 1526 1⁰.
1196 1443 1371 1523 Infamia

192 1609 274 1663 non
305 1587 464 1663 tantum
498 1579 629 1687 facti,
673 1577 898 1659 sedetiam
926 1577 1034 1684 juris
1071 1577 1159 1684 ipso
1186 1577 1279 1685 jure
1310 1578 1372 1658 in·

192 1717 409 1813 currenda,
434 1714 530 1794 licet
551 1711 742 1792 effectum
774 1737 856 1791 non
886 1711 1034 1818 pariat,
1061 1711 1140 1790 nisi
1165 1719 1258 1818 post
1278 1738 1372 1792 seu·

192 1849 359 1930 tentiam
397 1847 707 1930 declamatoriam
750 1845 949 1928 criminis.
999 1847 1110 1952 Con.¹
1142 1850 1215 1928 17.
1251 1847 1371 1956 Info-

191 2009 274 2064 mes
314 1989 358 2066 6.
403 1988 559 2091 quaest.
597 1983 638 2060 1²
668 1989 705 2060 et
740 1981 842 2090 Cup.
878 1969 1026 2083 13.'§.
1063 1985 1107 2061 5.
1144 1981 1184 2061 t.
1221 1990 1249 2061 t.
1286 1979 1371 2062 No-

190 2115 361 2196 tandum
406 2123 543 2194 tamen
585 2114 652 2193 hic
692 2121 754 2192 est
799 2115 906 2220 quod
953 2115 1125 2193 infamia
1170 2115 1249 2194 ista
1290 2141 1371 2196 non

190 2245 493 2327 transfunditur
509 2244 549 2324 in
570 2243 693 2344 filios,
718 2252 757 2324 et
779 2254 963 2352 nepotes,
987 2272 1039 2326 ne
1061 2247 1126 2326 isti
1149 2247 1238 2328 sine
1260 2247 1370 2329 claro

190 2387 306 2461 textu
329 2385 652 2487 praegraventur
669 2377 803 2457 alieno
825 2377 988 2460 delicte.
1013 2377 1158 2487 Neque
1180 2379 1367 2462 facienda

191 2523 252 2594 est
283 2512 469 2594 extensio
501 2511 552 2592 ab
585 2509 769 2610 infamia,
790 2537 912 2618 quam
946 2511 1192 2594 contrahunt
1224 2513 1293 2593 lilii
1317 2515 1369 2595 ob

192 2653 408 2753 paternum
430 2645 585 2726 crimen
607 2644 744 2726 laesae
766 2645 1008 2752 majestatis,
1033 2646 1243 2728 scitissimi
1262 2647 1369 2754 juris

191 2803 285 2858 oum
318 2779 386 2876 sit,
412 2777 451 2856 in
484 2777 561 2858 hac
591 2779 763 2859 materia
783 2779 944 2885 poenali
968 2779 1248 2862 extensionem
1272 2807 1370 2888 poe-

191 2936 339 2992 narum
366 2911 459 3018 jure
489 2911 578 2990 fieri
605 2937 685 2991 non
708 2936 844 3019 posse.
890 2911 948 2993 2⁰.
994 2914 1179 2994 Amissio
1211 2914 1370 3020 patriae

191 3044 402 3150 potestatis
435 3045 475 3124 in
507 3045 672 3144 liberos,
708 3043 765 3124 uti
788 3051 828 3124 et
850 3043 1026 3124 aliorum
1060 3045 1398 3152 privilegiorum

192 3202 217 3254 a
243 3176 336 3281 jure
368 3201 675 3277 concessorum,
713 3177 817 3286 Cap.
852 3181 898 3260 2.
928 3181 970 3277 ἓ.
999 3177 1084 3283 fic.
1110 3177 1152 3258 h.
1179 3186 1207 3258 t.
1235 3181 1277 3259 in
1299 3184 1362 3270 6.,

192 3334 297 3416 quae
328 3315 466 3387 tamen
499 3333 631 3415 poena
662 3309 713 3389 ad
744 3316 990 3415 receptoreS,
1016 3309 1214 3407 fautores,
1241 3319 1280 3389 et
1301 3311 1371 3390 dc·

193 3443 374 3522 fensores
396 3441 698 3521 haeretieorum
721 3441 882 3522 extendi
906 3441 1017 3521 haud
1039 3440 1174 3522 debet.
1204 3442 1259 3520 3⁰.
1281 3441 1370 3518 Pri-

193 3575 301 3654 vatio
332 3573 595 3681 dignitatum,
630 3581 669 3654 et
699 3573 918 3676 honorum,
954 3581 1204 3683 actuumque
1237 3573 1371 3681 legiti-

192 3733 371 3809 morum,
397 3713 436 3788 ct
457 3707 697 3790 inlrabilitas
720 3709 771 3790 ad
793 3709 928 3790 officia
948 3709 1134 3816 publica:
1160 3710 1250 3790 ideo
1272 3708 1370 3790 hae·

194 3843 307 3922 retici
324 3867 407 3922 non
423 3849 597 3948 possunt
613 3869 705 3924 esse
721 3842 897 3950 judiceS,
918 3842 1122 3942 advocati,
1141 3850 1265 3924 testes
1287 3851 1365 3924 etc.

196 3977 300 4086 Cap.
338 3979 410 4058 13.
448 3981 489 4079 §-
531 3977 748 4058 Credentes
779 3977 820 4058 h.
847 3986 875 4058 t.
901 3975 1233 4085 quandoquidem
1265 3976 1370 4058 infa-

192 4109 329 4190 mibus
360 4109 460 4190 talia
491 4111 626 4192 officia
657 4111 928 4218 denegantur.
967 4109 1022 4189 4⁰.
1058 4109 1364 4208 IntestabilitaS,

190 4269 264 4324 seu
295 4242 470 4352 privatio
504 4244 691 4326 factionis
723 4245 954 4326 testamenti
974 4253 1062 4324 tum
1085 4243 1257 4343 activae,
1279 4250 1367 4325 tum

191 4377 394 4482 passivae,
430 4377 487 4460 ita
518 4386 563 4460 ut
594 4378 824 4460 haereticus
855 4405 930 4459 nec
952 4378 1001 4458 de
1033 4377 1152 4458 bonis
1183 4377 1272 4458 suis
1309 4383 1369 4458 te·

297 4539 501 4586 umam
1226 4525 1242 4580 7
