3178 5134
305 351 370 416 240
596 363 889 416 raaunucrrouns
912 363 1005 413 runis
1030 362 1198 414 cauomcr

310 493 585 574 existentibus
615 491 859 591 rationibus
893 517 968 571 nee
997 489 1248 598 dispensatio
1280 490 1332 571 ad
1362 514 1480 570 reno·

311 627 493 708 vandum
524 653 786 725 consensum,
823 651 897 706 nec
926 626 1086 706 sanatio
1118 625 1159 706 in
1190 624 1326 706 radice
1363 622 1479 704 adhi-

312 760 473 862 beatur;
499 760 614 868 *quod
645 759 829 869 apprime
859 760 1113 842 demonstrat
1142 786 1223 839 non
1256 758 1394 866 ajure
1415 783 1480 838 eo-

310 892 540 974 clesiastico
571 893 648 975 hoc
678 891 1016 1001 impedimentum
1047 890 1293 1000 profluxisse
1323 889 1479 972 sedvel

310 1051 337 1104 a
362 1025 455 1140 jure
477 1025 671 1126 naturali,
696 1025 759 1106 vel
781 1050 830 1106 ex
846 1025 940 1132 jure
961 1023 1135 1132 positivo
1158 1023 1311 1124 divine,
1336 1023 1377 1104 in
1399 1048 1479 1131 quo

309 1158 576 1266 dispensandi
597 1167 781 1268 potestas
802 1185 827 1239 a
847 1157 934 1239 Deo
956 1185 1036 1239 non
1059 1157 1135 1239 fuit
1155 1157 1363 1240 Ecclesiae
1384 1181 1481 1238 con-

310 1318 445 1375 cessa.

430 1429 489 1507 3.⁰
518 1425 733 1509 Postremo
764 1426 873 1508 venit
889 1428 959 1535 jus
981 1427 1303 1508 ecclesiasticum
1325 1425 1367 1506 in
1387 1425 1481 1506 aliis

310 1561 570 1667 cognationis
600 1562 799 1669 gradibus
829 1561 961 1644 lineae
1001 1561 1190 1669 obliquae
1230 1561 1308 1641 sub
1344 1585 1478 1668 poena

310 1696 549 1779 irritationis
580 1697 842 1779 matrimonia
863 1695 1121 1778 interdicens
1147 1695 1319 1779 Genesis
1341 1703 1479 1775 autem

310 1831 575 1913 ecclesiastici
602 1831 709 1938 juris
730 1830 807 1912 hac
829 1805 1005 1939 in'parte
1026 1856 1202 1938 sequens
1219 1837 1294 1910 est.
1319 1875 1339 1888 -
1359 1827 1482 1908 Prin·

309 1964 418 2074 cipio
449 1963 636 2048 Ecclesia
664 1973 825 2074 praeter
850 1965 920 2072 jus
941 1965 1127 2046 naturale
1147 1972 1188 2046 et
1208 1963 1395 2046 divinum
1416 1989 1481 2042 re-

308 2097 467 2205 spicere
498 2097 588 2180 visa
618 2107 680 2180 est
705 2097 777 2206 jus
807 2124 1071 2179 romanorum
1103 2105 1142 2178 et
1177 2097 1476 2206 legitimitatem

309 2255 578 2336 personarum
610 2230 745 2338 quoad
776 2229 1175 2338 consanguinitatem
1197 2229 1239 2309 in
1266 2228 1480 2310 matrimo-

234 2445 237 2450 ,
310 2363 392 2443 niis
423 2363 706 2446 conciliandis.
742 2365 856 2446 Licet
876 2365 986 2446 enirn
1007 2365 1231 2446 afferantur
1251 2363 1389 2471 plures
1410 2389 1482 2444 ca·
1582 2417 1583 2468 ἰ

310 2523 439 2578 nones
470 2498 511 2577 in
542 2497 714 2578 Decreto
745 2497 945 2597 Gratiani,
972 2505 1183 2606 tamquam
1205 2497 1301 2581 editi
1323 2497 1375 2577 ab
1393 2497 1483 2605 Hy-

309 2630 422 2736 gin0‚
456 2629 656 2732 Fabiano,
691 2630 866 2730 Calixt0,
902 2631 1011 2745 Julio
1041 2633 1072 2732 l,
1106 2642 1146 2713 et
1168 2630 1365 2738 Gregorio
1386 2631 1479 2710 Ma·

309 2789 407 2870 gne,
442 2765 592 2872 quibus
614 2791 745 2873 usque
768 2765 818 2846 ad
841 2775 1033 2872 quartum
1054 2773 1094 2846 et
1113 2763 1335 2873 septimum
1353 2764 1477 2844 etiam
1581 2781 1582 2792 ¹

307 2897 483 3003 gradum
516 2898 885 3005 consanguinitatis
917 2898 1083 3006 nuptiae
1105 2897 1419 3006 prohiberentur
1439 2907 1478 2977 et

308 3029 557 3111 haberentur
587 3031 804 3126 invalidae:
841 3031 881 3110 hi
913 3041 1050 3113 tamon
1082 3031 1269 3111 Canones
1300 3031 1351 3110 ab
1384 3056 1480 3110 eru-

307 3164 403 3244 ditis
434 3171 474 3244 et
503 3163 654 3245 criticis
685 3164 889 3245 habentur
920 3163 1116 3272 gravibus
1157 3190 1208 3242 ex
1250 3163 1479 3245 rationibus

307 3305 520 3405 tamquam
552 3296 789 3406 apocryphi,
826 3305 870 3376 ut
891 3295 1079 3403 pluribus
1102 3297 1248 3404 probat
1268 3296 1480 3376 Sebastia-

307 3456 388 3510 nus
419 3429 629 3512 Berardus
661 3431 702 3512 in
733 3457 854 3540 opere
889 3433 1087 3511 Gratiani
1113 3458 1283 3512 conones
1312 3433 1480 3538 porricini
1579 3435 1580 3470 ¹

305 3562 357 3640 ab
388 3564 637 3672 apocryphis
669 3565 848 3664 discreti,
875 3574 1001 3675 porto
1031 3568 1056 3643 2
1089 3593 1178 3675 cop.
1216 3567 1268 3645 59
1295 3573 1389 3645 sect.
1415 3566 1483 3646 IX

304 3702 344 3772 et
372 3704 467 3776 sect.
502 3697 599 3777 XV.
636 3697 721 3779 Nec
762 3699 915 3778 mirum
955 3699 991 3779 si
1032 3699 1074 3778 in
1115 3699 1313 3808 principio
1355 3699 1479 3780 etiam

308 3827 350 3906 in
381 3826 458 3909 hoc
490 3827 667 3910 Romani
700 3831 919 3913 Pontifices
950 3832 1089 3938 legum
1120 3832 1305 3913 civilium
1340 3831 1482 3940 dispo·
1578 3871 1579 3890 i

186 3951 187 3954 ‘
303 3959 475 4040 sitiones
505 3962 622 4070 sequi
660 3989 743 4042 non
783 3971 882 4045 sunt
924 3965 1146 4070 dedignati,
1194 3966 1361 4068 proinde
1402 3993 1484 4046 sua

303 4095 599 4201 approbatione
629 4095 795 4204 regulas
816 4099 1036 4179 canonicas
1064 4099 1260 4202 fecerunt,
1284 4100 1484 4208 quemad·

305 4227 475 4308 modum
516 4229 557 4309 in
597 4229 689 4309 aliis
730 4231 838 4311 idem
881 4231 1167 4314 lectitaverant
1208 4259 1338 4341 usque
1378 4234 1481 4315 dum
1577 4229 1578 4285 t

304 4362 431 4444 aliam
460 4364 579 4472 sequi
622 4364 807 4473 regulam
848 4365 1128 4446 necessarium
1170 4368 1234 4447 vel
1275 4369 1488 4452 evidenter
