3356 5118
497 359 597 402 unua
620 360 650 402 v.
671 377 711 386 -
736 359 876 404 rrrunus
898 359 1026 404 xxxvu.
1292 339 1360 407 347

167 486 382 566 fructuum
413 497 556 566 contra
579 485 804 582 Paroclios,
829 499 951 590 atque
973 485 1201 592 Episcopos
1223 486 1358 592 legem

167 621 413 700 residentiae
445 621 554 700 hund
586 622 869 718 observanteS,
904 630 944 699 et
976 619 1209 700 decernitur
1230 622 1358 701 amis-

164 756 232 833 sio
265 755 474 833 fruetuum
508 754 693 833 beneficii
727 753 816 858 ipso
851 753 972 851 lactc,
1007 759 1047 832 et
1073 762 1167 832 ante
1189 779 1355 836 omnem

159 889 318 995 judicis
349 891 609 968 sententium.
646 888 689 968 Si
724 915 820 968 vero
851 915 984 966 canon
1006 887 1117 968 haud
1140 914 1357 993 expresse-

166 1024 222 1101 rit
247 1024 498 1128 praedictam
520 1023 765 1118 clausulam,
793 1033 891 1101 tune
913 1022 1129 1102 ordinarie
1145 1022 1357 1102 conscien-

166 1158 248 1236 tiae
279 1157 476 1262 obligatio
508 1157 617 1236 haud
649 1157 816 1261 exurgit
848 1163 941 1234 aute
971 1157 1219 1256 sententiam
1243 1156 1356 1262 judi-

163 1291 228 1370 cis
260 1291 573 1370 declamatoriam
608 1291 718 1387 lacti,
754 1291 850 1395 quia
882 1314 1015 1395 pocae
1045 1288 1257 1395 requirens
1282 1317 1357 1368 ex·

166 1431 350 1503 ternam
379 1428 686 1523 executionem,
730 1425 869 1502 statim
912 1450 993 1501 non
1035 1423 1213 1528 obligat,
1257 1449 1353 1502 cum

164 1557 356 1663 prudenti
375 1557 502 1662 judici
528 1565 689 1662 praesto
712 1585 803 1636 csse
825 1557 983 1662 possint
999 1556 1348 1658 circumstantiae,

164 1716 273 1796 quae
305 1690 541 1793 benignam,
575 1705 615 1769 et
647 1719 822 1798 aequam
854 1691 1230 1796 interpretationem
1254 1719 1354 1772 sua-

164 1823 263 1902 dere
296 1823 469 1902 valeant.
506 1825 564 1902 lta
599 1825 703 1932 Cup.
740 1829 783 1915 2,
819 1823 868 1903 de
898 1825 1133 1906 Haereticis
1166 1827 1208 1903 iu
1240 1831 1284 1906 6.

225 1939 417 2036 Succedit
447 1957 540 2035 dein
573 1958 770 2066 depositio
805 1958 966 2064 proprie
997 1959 1121 2056 dicta,
1147 1986 1257 2064 quae
1290 1967 1352 2038 est

165 2117 300 2197 poena
331 2093 483 2195 pariter
514 2090 806 2170 Ecclesiastico
836 2092 939 2170 solis
969 2091 1138 2170 Clericis
1166 2093 1345 2197 propria,

162 2251 247 2331 qua
279 2223 355 2330 ipsi
388 2233 587 2329 perpetuo
619 2235 902 2322 renoventur,
937 2223 1001 2301 vel
1032 2224 1257 2320 totalitera
1287 2224 1350 2304 bc-

163 2360 331 2458 nelicio,
367 2387 389 2438 o
428 2361 521 2457 icio,
555 2369 594 2438 et
625 2359 786 2454 ordine,
819 2385 893 2437 seu
937 2359 989 2436 ab
1021 2359 1132 2437 omni
1176 2385 1348 2439 munere

161 2494 355 2592 clericali,
398 2494 461 2573 vel
505 2493 787 2600 partialitera
828 2493 1041 2590 beneflciO,
1087 2492 1151 2572 vel
1193 2485 1344 2593 officie,

160 2655 238 2708 seu
263 2656 340 2707 usu
359 2627 676 2732 jurisdictionis,
702 2627 762 2706 vel
786 2626 944 2727 ordine,
968 2655 1044 2706 scu
1067 2654 1148 2707 usu
1171 2626 1343 2724 ordiniS,

160 2769 204 2840 et
235 2770 405 2840 vocatur
435 2762 637 2866 depositio
659 2761 852 2868 simplem,
878 2762 940 2840 vel
973 2761 1165 2842 corbolio.
1201 2759 1348 2840 Differt

161 2903 302 2973 autem
335 2893 536 2998 depositio
570 2919 594 2968 a
618 2894 857 3000 priuatione
888 2894 1094 2992 beneficii,
1129 2895 1228 3000 quia
1260 2893 1345 2993 illa,

160 3033 203 3104 ct
234 3053 314 3104 non
339 3027 419 3104 ista
442 3027 599 3105 inducit
621 3025 922 3104 inhabilitatem
946 3027 996 3103 ad
1021 3027 1102 3103 alia
1128 3027 1342 3106 beneficia.

162 3158 309 3238 Diffeu
339 3167 477 3238 autem
501 3185 526 3236 a
546 3163 823 3266 suspensione,
847 3157 946 3264 quia
967 3156 1167 3264 depositio
1199 3185 1250 3237 ex
1274 3186 1347 3238 na-

159 3299 256 3371 tura
285 3318 364 3371 sua
404 3303 466 3371 est
509 3305 722 3399 perpetua,
756 3320 851 3372 cum
894 3289 1129 3398 suspensio,
1169 3291 1233 3370 vel
1265 3319 1347 3371 non

158 3434 223 3504 est
253 3434 467 3531 perpetua,
502 3425 565 3503 vel
598 3425 631 3503 si
665 3439 863 3532 perpetua
884 3435 962 3524 est,
993 3451 1075 3503 non
1107 3424 1159 3502 ab
1190 3424 1340 3524 officio,

106 3553 111 3564 ’
159 3565 200 3638 et
231 3559 429 3640 beneficio
462 3559 652 3666 ipsomet,
689 3571 811 3666 prout
841 3535 938 3640 lacit
969 3559 1185 3665 depositi0,
1219 3560 1291 3639 sed
1319 3587 1344 3638 a

161 3693 345 3774 beneficii
388 3692 594 3772 fructibus
636 3695 869 3793 dumtaxat,
914 3693 1035 3774 officii
1080 3693 1344 3773 administra-

159 3823 284 3924 tione,
309 3835 348 3905 et
374 3827 674 3932 jurisdictionis
699 3859 777 3908 usu
810 3839 1032 3909 removeat.
1069 3829 1179 3922 Quin
1207 3831 1344 3910 obstet

159 3959 268 4065 quod
285 3987 311 4038 a
330 3959 527 4040 beneficio
551 3971 748 4069 perpetuo
770 3989 1002 4070 suspensus
1020 3963 1057 4042 id
1076 3963 1202 4043 etiam
1220 3961 1342 4043 amit-

161 4102 234 4192 tet,
267 4121 363 4174 cum
396 4095 639 4175 beneficium
673 4096 823 4177 habere
857 4124 937 4176 uon
959 4097 1121 4196 debeat,
1145 4097 1215 4203 qui
1247 4096 1340 4204 ejus

161 4227 369 4309 fructuum
392 4231 649 4336 perceptione
667 4241 862 4338 perpetuo
880 4239 942 4312 est
958 4231 1215 4332 interdictus;
1240 4231 1340 4339 quia

159 4359 259 4442 haec
298 4363 468 4444 amissio
510 4392 592 4444 non
634 4367 842 4447 inducitur
872 4395 923 4448 ex
956 4366 994 4448 vi
1030 4368 1334 4475 suspensionis
