3386 5126
334 377 399 445 188
635 392 901 440 enimnorrouns
926 392 1019 440 sunm
1041 391 1199 439 cesorum

333 523 551 633 pertinent,
585 547 838 630 quamquam
869 519 959 601 eius
995 546 1108 601 error
1148 519 1337 601 videatur
1375 523 1514 630 specie

332 669 454 742 tenus
469 657 600 740 saeris
616 655 744 737 literis
766 680 1018 763 repugnare3
1042 653 1165 736 hasce
1187 654 1294 734 enim
1313 681 1379 737 res
1396 657 1513 740 Deus

333 792 548 874 hominum
578 788 842 898 disputationi
877 787 1053 895 reliquit.
1079 787 1324 870 Haereticus
1345 815 1428 870 non
1449 801 1514 873 est

331 927 400 1035 qui
438 908 617 1032 aliquem
660 921 767 1003 levet
807 945 986 1002 errorem
1027 922 1136 1004 circa
1177 921 1511 1005 Ecclesiasticam

331 1067 491 1142 tantum
535 1056 811 1164 disciplinam,
831 1055 899 1162 qui
934 1055 1003 1135 uni
1038 1082 1135 1162 prae
1162 1056 1291 1138 altera
1316 1056 1512 1140 adhaeret

331 1191 654 1299 Theologorum,
679 1197 751 1272 aut
771 1187 1088 1270 Canonistarum
1121 1187 1319 1295 opinioni,
1354 1190 1423 1298 qui
1446 1217 1511 1272 er-

333 1335 396 1408 rat
415 1327 527 1408 circa
557 1325 735 1432 aliquem
766 1321 861 1403 fidei
883 1322 1103 1404 articulum
1127 1323 1179 1404 ab
1201 1321 1387 1405 Ecclesia
1410 1352 1511 1406 non·

333 1463 431 1543 dum
454 1459 667 1542 delinitum
699 1484 773 1539 nec
803 1455 994 1538 fidelibus
1020 1458 1071 1538 ad
1103 1459 1352 1542 credendum
1376 1459 1511 1542 adhuc

333 1593 607 1703 propositum,
632 1591 701 1700 qui
733 1590 965 1697 refragatur
985 1591 1157 1673 articulo
1179 1591 1272 1672 fidei
1300 1592 1387 1699 jam
1420 1593 1510 1701 qui-

333 1729 427 1808 dem
458 1726 639 1825 delinito,
673 1725 746 1806 sed
777 1725 899 1806 cuius
929 1725 1110 1808 definitio
1142 1729 1327 1808 nondum
1351 1727 1511 1810 innote-

333 1861 425 1960 scit,
460 1857 628 1967 proinde
669 1858 928 1940 verissimum
971 1867 1033 1940 est
1062 1859 1162 1940 illud
1199 1860 1250 1942 D.
1284 1861 1511 1966 Augustini

334 1994 502 2073 effatum
526 1993 595 2075 lib.
624 1995 689 2074 1.⁰
712 1991 762 2072 de
791 1993 1199 2075 Triuia-Errare
1221 2020 1404 2105 possum,
1438 1995 1514 2076 sed

334 2127 562 2210 haereticus
594 2155 673 2209 non
703 2156 787 2210 ero.
815 2129 926 2209 Bene
957 2155 1053 2210 vero
1074 2128 1305 2210 haereticus
1336 2138 1416 2229 est,
1441 2127 1510 2235 qui

333 2262 485 2369 dogma
505 2263 557 2342 ab
578 2262 763 2344 Ecclesia
793 2263 1020 2362 delinitum,
1048 2270 1088 2344 et
1108 2262 1299 2344 fidelibus
1327 2261 1513 2370 proposi·

333 2406 422 2476 tum
453 2396 505 2475 ad
537 2396 788 2477 credendum
818 2395 963 2502 rejicit,
994 2422 1171 2478 renuens
1197 2395 1408 2477 Ecclesiae
1440 2421 1512 2503 pa-

334 2553 422 2608 rere
438 2527 614 2635 judici03
634 2555 823 2628 necnon,
843 2529 912 2636 qui
936 2532 1071 2612 sciens
1093 2530 1274 2637 prudens
1296 2530 1346 2610 de
1374 2529 1510 2637 aliquo

333 2661 543 2769 religionis
574 2661 798 2743 catholicae
830 2662 1021 2770 dogmate
1051 2663 1225 2772 positive
1251 2663 1428 2744 dubitat.
1453 2707 1510 2726 —

333 2797 493 2876 Dubius
533 2800 640 2876 enim
677 2800 718 2877 in
753 2795 844 2903 fide
885 2805 942 2878 est
980 2798 1178 2905 infidelis,
1227 2799 1331 2908 Cap.
1370 2803 1433 2878 1.⁰
1463 2796 1512 2878 de

334 2925 488 3010 haeret.
523 2955 571 3009 eo
611 2930 719 3040 quod
761 2931 1034 3011 certissimam
1068 2931 1279 3013 veritatem
1313 2957 1395 3012 non
1422 2956 1514 3011 am·

333 3061 536 3170 plectitur.
573 3063 870 3148 Verumtamen
901 3065 1110 3146 nonnullis
1141 3063 1235 3145 aliis
1256 3063 1368 3146 haud
1400 3063 1513 3145 vide-

333 3202 401 3275 tur
430 3222 521 3278 esse
552 3197 798 3300 haereticus,
838 3225 933 3279 cum
969 3199 1046 3289 iste
1078 3225 1158 3280 non
1195 3199 1318 3306 eligat
1348 3203 1514 3279 senten-

333 3329 431 3410 tiam
472 3330 565 3412 fidei
607 3331 871 3434 contrariam,
904 3333 976 3414 sed
1016 3331 1243 3414 dubitando
1283 3332 1515 3439 suspendat

332 3489 457 3544 suum
489 3491 725 3548 assensum.

420 3595 524 3675 Visa
554 3597 737 3678 haeresis
767 3598 1016 3700 definitione,
1062 3598 1233 3708 eiusque
1272 3597 1423 3698 indole,
1472 3604 1512 3677 at

334 3735 481 3809 natura
512 3739 739 3838 perspecta,
773 3732 988 3832 videamus
1019 3742 1179 3842 oportet
1210 3735 1300 3814 eius
1342 3731 1515 3813 divisio-

334 3887 407 3942 nes
437 3861 660 3956 Quaeritur
690 3864 826 3974 itaque

646 4071 877 4182 Quotuplen
907 4079 964 4152 est
995 4071 1208 4154 haeresis?

420 4265 482 4344 Ex
515 4267 713 4349 hactenus
744 4269 943 4377 expositis
975 4296 1103 4377 prono
1138 4269 1260 4350 veluti
1294 4267 1386 4348 alvo
1422 4267 1516 4348 fluit

334 4397 537 4482 haeresim
563 4402 686 4482 aliam
709 4429 799 4484 esse
810 4403 1060 4512 formalem,
1086 4403 1208 4485 aliam
1231 4401 1508 4485 materialem.
