3356 5118
538 446 639 493 name
662 447 694 492 v.
719 465 761 474 -
785 446 926 493 nmunus
948 447 1066 492 xxm.
1325 426 1391 494 387

209 575 411 683 partiale.
431 575 617 656 Primum
635 574 825 674 habetur,
840 575 1005 682 quando
1020 575 1275 656 interdicitur
1285 603 1391 656 usus

215 708 403 788 omniurn
449 709 651 788 bonorum
688 705 983 816 spiritualium,
1022 709 1252 789 secundum
1292 735 1389 789 vero

214 839 404 939 habetur,
421 843 586 952 quando
608 841 848 949 prohibetur
864 868 970 921 usus
985 847 1146 921 tantum
1165 847 1304 940 unius,
1325 843 1389 924 vel

215 975 386 1056 alterius
402 977 477 1074 rei,
497 985 543 1056 ut
559 976 594 1056 si
612 975 870 1056 interdicaris
892 1001 917 1055 a
937 975 1210 1056 celebratione
1232 977 1387 1058 Missae

215 1111 491 1216 areeeptione
522 1117 892 1208 sacramentorum,
926 1109 989 1189 vel
1020 1110 1072 1188 ab
1103 1109 1293 1216 ingressu
1311 1109 1390 1190 Ee-

214 1243 376 1326 olesiae.
412 1244 538 1326 Modo
569 1243 722 1350 aliquid
756 1243 933 1325 breviter
963 1250 1026 1324 est
1056 1243 1328 1325 innuendum.

505 1571 570 1650 De
604 1565 841 1648 Cessatione
870 1593 898 1646 a
928 1567 1094 1648 diuinis.

296 1903 512 1984 Interdicto
525 1904 577 1982 ob
593 1903 799 2010 quandam
813 1902 1126 1983 similitudinem
1145 1930 1309 1984 annexa
1324 1910 1387 1983 est

210 2043 380 2120 cessatio
411 2065 438 2118 a
460 2037 626 2120 diuinis.
652 2038 758 2118 Cum
780 2063 876 2117 vero
898 2037 989 2144 ipsa
1011 2037 1163 2118 nonsit
1190 2063 1382 2135 censura,
1471 2134 1474 2140 Ι

209 2173 414 2254 definitur:
439 2172 674 2253 Prohibitio
696 2172 993 2252 Ecclesiastico
1009 2172 1180 2253 Cleriais
1194 2174 1386 2281 imposita

208 2307 440 2388 abstinendi
469 2307 520 2388 ab
552 2307 712 2414 officiis
750 2305 918 2398 diuinis,
957 2314 994 2384 et
1032 2313 1384 2386 sacramentorum

208 2441 480 2551 quarumdam
524 2439 885 2520 administratione
931 2442 971 2520 in
1018 2440 1159 2547 atiquo
1209 2441 1294 2520 toea
1335 2442 1383 2520 ab

206 2605 331 2686 praue
372 2575 562 2656 delictam
611 2580 652 2657 in
693 2578 1019 2656 contestationem
1061 2576 1275 2654 moeroris.
1324 2573 1385 2654 lta

207 2715 413 2789 Auctores
448 2710 723 2790 communiter
764 2713 806 2789 in
851 2712 955 2819 Cap.
1003 2711 1055 2790 11
1098 2708 1147 2788 de
1178 2709 1381 2819 sponsal„

207 2855 245 2920 et
279 2841 384 2950 Cap.
419 2843 448 2920 8
480 2841 530 2920 cte
564 2842 696 2947 Ossia.
736 2841 935 2923 Ordinar.
974 2843 1015 2922 in
1038 2848 1081 2922 6.
1128 2842 1307 2922 Clemen.
1338 2841 1378 2922 1.

200 2975 382 3084 princip.
418 2974 486 3054 XI
512 2975 554 3052 in
585 2975 876 3053 cessationibus
908 2974 949 3055 h.
987 2984 1016 3056 t.

293 3107 455 3214 Duplici
488 3108 610 3188 modo
642 3107 851 3203 indicitur,
885 3107 1041 3186 scilicet
1073 3107 1135 3184 vel
1154 3131 1178 3186 a
1189 3107 1298 3212 jure,
1319 3107 1383 3186 vel

206 3244 257 3324 ab
289 3244 470 3325 homine.
506 3242 647 3322 Prima
677 3242 816 3322 existit
848 3243 938 3348 ipso
970 3240 1077 3321 tacto
1108 3267 1203 3320 eum
1241 3241 1382 3321 Eccle-

204 3375 269 3458 sia
298 3377 508 3483 polluitur,
543 3377 606 3456 vel
643 3384 880 3476 execratum
915 3375 1045 3456 altera
1076 3385 1216 3455 autem
1251 3375 1382 3455 fertur

204 3511 257 3590 ab
289 3537 352 3608 ee,
373 3511 442 3618 qui
470 3509 756 3616 jurisdictione
788 3509 912 3616 pollet
942 3509 984 3588 in
1017 3509 1104 3589 foro
1136 3521 1322 3588 externo.

290 3643 471 3723 Indicere
487 3653 626 3722 autem
644 3641 755 3722 illam
774 3651 907 3750 potest
923 3644 958 3723 is
970 3651 1147 3742 tanturn,
1172 3643 1241 3749 qui
1255 3641 1378 3721 habet

198 3776 528 3882 jurisdictionem
559 3777 599 3855 in
624 3776 710 3857 loro
732 3787 916 3857 externo.
944 3778 1175 3856 Relaxatur
1197 3801 1291 3855 vero
1315 3774 1379 3854 vel

204 3910 255 3990 ab
269 3937 332 4010 ec,
367 3911 435 4016 qui
468 3937 558 3991 eam
592 3911 804 4017 imposuit,
840 3911 901 3990 vel
933 3911 1023 4016 ejus
1054 3909 1288 4015 Superiora,
1315 3909 1378 3986 vel

203 4043 255 4122 nb
267 4070 331 4142 ea,
351 4043 421 4150 qui
438 4045 490 4122 ab
508 4043 742 4149 imponente
761 4051 1004 4149 potestatem
1022 4042 1193 4149 accepit.
1219 4043 1377 4122 Huius-

201 4175 312 4255 modi
344 4185 485 4256 autem
517 4175 716 4256 relaxatio
734 4177 820 4255 fieri
845 4185 977 4284 potest
999 4177 1061 4256 vel
1085 4201 1290 4286 capresse,
1310 4175 1375 4255 vel

202 4313 338 4403 tacite,
359 4337 434 4390 oeu
458 4319 596 4390 monet
612 4310 712 4417 Cap.
734 4313 759 4390 8
777 4311 906 4390 infin.
929 4311 979 4390 de
997 4311 1119 4419 Offie.
1143 4310 1245 4390 Orci.
1268 4311 1310 4388 in
1328 4315 1372 4389 6.
