3264 5146
264 343 286 398 li
554 349 847 403 rmunuoulouns
870 347 964 400 JURIS
988 348 1156 400 canorum

275 488 320 560 ut
340 479 382 558 in
402 479 606 588 praesenti
636 477 769 559 titulo
793 477 847 558 Et
866 475 926 557 sio
951 483 1118 584 sumpta
1137 479 1348 586 sponsalia
1367 480 1440 561 de-

274 612 475 694 finiuntur
508 643 527 688 ‹
547 611 765 719 promissio
786 635 899 712 vera,
923 609 1066 712 libera,
1091 619 1237 693 mutua
1256 618 1297 693 et
1315 612 1438 719 signo

281 744 502 826 »sensibili
532 771 728 854 expressa
758 745 885 826 futuri
926 743 1176 826 matrimonii
1211 745 1316 827 inter
1345 771 1438 853 per-

283 904 443 984 »sonas
474 878 524 958 de
549 878 642 984 jure
672 877 887 958 habiles»

392 1011 454 1093 2.⁰
483 1012 549 1092 Ad
569 1011 804 1091 habendum
824 1009 993 1116 proinde
1024 1035 1167 1090 eorum
1188 1010 1437 1119 completum

277 1154 520 1254 conceptum
550 1145 764 1252 sequentia
793 1151 890 1225 sunt
920 1143 1178 1224 attendenda:
1212 1189 1233 1207 -
1263 1145 1323 1252 (a)
1355 1146 1437 1227 dici

270 1280 597 1390 promissionem
621 1303 702 1359 non
723 1278 875 1359 sufficit
905 1276 1070 1386 quidem
1091 1277 1362 1386 propositum,
1387 1307 1438 1360 ex

278 1439 359 1519 quo
389 1438 471 1492 non
497 1409 628 1491 oritur
657 1409 870 1516 obligatio;
894 1417 934 1490 et
954 1411 1091 1517 ipsum
1113 1412 1288 1491 verbum
1314 1437 1440 1518 spon·

279 1545 428 1628 salium
445 1545 597 1626 indicat
617 1544 724 1625 banc
744 1544 1076 1653 promissionem,
1093 1589 1114 1605 -
1130 1543 1192 1649 (b)
1215 1543 1321 1626 hano
1340 1571 1438 1626 vero

278 1677 592 1788 promissionem
623 1677 769 1758 debere
800 1703 891 1758 esse
921 1703 1075 1774 oerum·
1097 1676 1134 1755 si
1159 1673 1298 1757 delicit
1328 1677 1438 1758 enim

278 1814 443 1894 animus
463 1819 504 1893 et
524 1811 692 1892 intentio
723 1837 767 1894 se
788 1810 1013 1916 obligandi,
1037 1809 1252 1890 vinculum
1281 1809 1440 1918 obliga·

279 1945 403 2028 tionis
433 1971 516 2026 non
546 1943 709 2051 exurgit
725 1974 735 2044 ;
769 1951 890 2051 atque
920 1942 1015 2024 hinc
1037 1944 1148 2049 ficta
1177 1951 1215 2023 et
1243 1945 1440 2026 simulata

273 2079 491 2190 promissio
521 2075 816 2183 obligationem
856 2103 938 2157 non
969 2075 1139 2176 inducit,
1172 2083 1294 2184 prout
1333 2076 1441 2159 clare

278 2211 485 2316 colligitur
513 2236 566 2288 ex
596 2235 686 2318 cap.
723 2237 791 2290 un.
826 2209 867 2289 b.
903 2216 932 2290 t.
969 2209 1011 2288 in
1040 2209 1104 2289 VI
1127 2216 1165 2287 et
1194 2235 1285 2320 cap.
1310 2211 1365 2288 26
1399 2213 1442 2290 in

272 2344 357 2450 stn.
383 2341 424 2422 b.
450 2349 479 2422 t.
505 2341 662 2422 Verum
684 2340 750 2422 hio
770 2341 898 2448 probe
929 2342 1154 2421 notandum
1175 2349 1251 2442 est,
1276 2345 1443 2449 quando

280 2475 403 2580 signa
426 2480 595 2554 externa
616 2472 895 2581 expressionis
915 2473 1138 2554 voluntatis
1158 2481 1257 2554 sunt
1277 2476 1443 2556 conclu·

270 2605 435 2707 dentis,
455 2605 662 2713 praesumi
688 2631 851 2713 semper
871 2604 913 2685 in
935 2604 1022 2685 loro
1042 2605 1228 2711 judiciali
1249 2605 1442 2687 ecclesia

281 2739 386 2820 stico
416 2739 730 2847 promissionem
752 2765 844 2819 esse
864 2763 1021 2840 veram,
1045 2746 1085 2818 et
1104 2740 1335 2820 secundum
1364 2741 1443 2822 boc

282 2897 373 2953 esse
407 2871 692 2979 judicandum,
727 2897 858 2977 usque
888 2871 988 2951 dum
1018 2871 1127 2952 fictio
1163 2871 1444 2954 concludenter

284 3008 492 3114 probetur,
525 3005 633 3085 sicut
662 3005 779 3085 docet
807 3005 1069 3086 Innocentius
1099 3005 1147 3086 III
1179 3007 1246 3087 cit.
1272 3033 1368 3117 cap..
1387 3009 1443 3088 26

283 3143 324 3224 b.
350 3150 378 3224 t.
385 3173 399 3240 ;
421 3187 442 3204 -
464 3140 521 3248 (o)
545 3139 715 3220 liberam
745 3165 907 3246 quoque
937 3149 1123 3246 oportere
1154 3166 1244 3220 esse
1270 3141 1446 3248 promis-

282 3278 456 3378 sionem;
489 3300 587 3354 nam
617 3273 686 3354 nbi
718 3281 892 3353 nonest
928 3273 1112 3374 libertas,
1146 3273 1203 3354 ibi
1233 3275 1443 3382 sponsalia

283 3435 366 3489 non
396 3415 495 3488 sunt
525 3433 577 3488 ex
608 3433 697 3516 cap.
723 3405 842 3486 2412.
868 3415 918 3504 t.;
951 3405 1045 3486 hinc
1075 3405 1146 3485 ubi
1178 3415 1240 3487 est
1270 3408 1441 3508 coactio,

282 3549 355 3623 aut
374 3567 487 3622 error
506 3541 570 3621 vel
591 3567 695 3620 usus
725 3539 896 3620 rationis
926 3565 1008 3620 non
1038 3539 1270 3648 expeditne,
1294 3541 1447 3648 pariter

281 3673 491 3783 sponsalia
510 3699 592 3753 non
613 3673 831 3775 habentur3
850 3682 890 3755 et
910 3673 1011 3757 haec
1031 3673 1199 3756 libertas
1219 3676 1338 3756 debet
1353 3701 1447 3757 esse

271 3807 475 3916 formulis
507 3814 547 3886 et
576 3805 747 3887 directa.
772 3805 994 3916 Disputant
1023 3807 1128 3889 inter
1157 3834 1202 3888 se
1229 3807 1443 3908 Doctores,

281 3967 334 4023 an
364 3939 573 4048 sponsalia
601 3947 713 4020 metu
744 3939 859 4046 gravi
891 3939 1121 4022 extrinseco
1151 3939 1304 4048 injusto
1325 3948 1366 4022 et
1386 3942 1448 4022 di-

282 4081 392 4184 recto
421 4071 523 4153 inita
552 4071 636 4154 sint
665 4097 740 4152 nec
760 4098 811 4152 ne
831 4071 985 4173 valide;
1009 4081 1130 4180 atque
1160 4098 1234 4179 pro
1265 4073 1448 4156 affirma·

280 4207 365 4288 tiva
384 4204 586 4286 sententia
606 4205 796 4286 dedimus
813 4231 1057 4313 responsum
1072 4207 1115 4286 in
1132 4205 1201 4287 tib.
1226 4209 1244 4286 l
1266 4207 1329 4288 tit.
1351 4209 1442 4288 XL.

281 4338 340 4419 Si'
356 4347 495 4420 autem
525 4337 627 4420 baec
656 4337 857 4419 sententia
886 4337 1153 4445 praeferatur,
1188 4366 1443 4448 consequens
