3356 5118
348 389 415 456 348
648 405 917 452 rumosas
940 406 1033 453 sonis
1055 406 1214 454 cesorum

348 547 387 616 et
418 536 513 618 hinc
543 535 818 643 suspensione
858 535 1056 628 relaxata,
1090 563 1321 646 suspensus
1362 536 1549 619 benefi-

348 665 460 746 cium
488 665 632 748 retinet
651 673 741 750 sine
773 696 880 749 nova
900 669 1131 770 collatione,
1155 697 1261 777 quae
1293 680 1433 752 tamen
1461 699 1552 753 ne·
1637 736 1640 779 2

348 803 530 883 cessaria
550 811 612 886 est
632 804 707 904 illi,
741 805 810 912 qui
843 805 1055 913 depositus
1091 805 1183 904 suit,
1217 833 1340 887 secus
1370 808 1551 890 benefi-
1646 890 1649 919 ι

348 936 457 1018 cium
489 937 663 1019 retinere
704 965 786 1019 non
825 937 946 1018 valet.
982 941 1041 1020 lta
1071 938 1446 1049 Schmalzgrueber
1492 945 1542 1023 la.
1648 918 1651 933 ¹

347 1081 378 1152 t.
412 1101 454 1152 rc.
492 1075 596 1156 134.

406 1209 618 1318 Depositio
658 1209 757 1290 olim
797 1207 1061 1315 infligebatur
1101 1209 1225 1290 etiam
1266 1213 1319 1292 ob
1362 1211 1544 1294 minora

349 1343 497 1427 delicta
528 1345 588 1424 uti
630 1352 738 1453 patet
778 1371 830 1424 ex
860 1369 950 1453 cop.
986 1345 1032 1436 4,
1067 1347 1109 1447 ξ.
1144 1353 1188 1425 at
1217 1349 1257 1426 si
1293 1345 1447 1426 Clerici
1482 1347 1542 1426 de
1651 1345 1656 1444 ῗ

336 1479 514 1588 judiciis
525 1507 541 1576 ;
574 1477 694 1558 hodie
725 1503 822 1558 vero
842 1475 1007 1556 nonnisi
1038 1479 1092 1557 ob
1114 1477 1302 1559 enormia
1331 1478 1534 1576 crimina,
1651 1533 1658 1584 εχ

349 1621 389 1694 et
421 1612 538 1693 valde
569 1611 815 1693 scandaloso
845 1637 911 1692 ex.
947 1637 1010 1717 gr.
1045 1610 1314 1692 homicidium
1340 1638 1536 1720 praeme-

348 1747 540 1842 ditatum,
561 1747 716 1828 lurtum
737 1745 985 1852 sacrilegum
1007 1745 1065 1825 rei
1086 1745 1304 1853 pretiosae,
1333 1756 1533 1854 stuprum

350 1879 591 1979 violentum,
627 1879 916 1960 fornicationes
938 1879 1121 1960 notoriae
1143 1889 1237 1986 post
1257 1880 1530 1961 monitionem

349 2015 628 2112 continuatae,
672 2014 775 2122 Arp.
821 2037 911 2122 cap.
947 2018 991 2104 6,
1026 2011 1075 2093 de
1119 2013 1276 2094 Cohab.
1320 2014 1453 2094 Clcrc.
1489 2023 1531 2093 et

348 2150 519 2232 Mulier.
555 2155 591 2228 et
621 2175 718 2230 seso.
752 2151 815 2234 22
851 2146 1016 2228 Triden.
1049 2153 1090 2229 in
1113 2147 1271 2229 decreto
1294 2148 1345 2228 de
1380 2147 1528 2228 Obser-

349 2285 472 2366 uand.
495 2289 536 2368 ia
551 2285 671 2365 Socr.
696 2285 818 2366 Miss.
844 2283 935 2363 Hoc
956 2284 1078 2364 modo
1099 2283 1311 2389 depositus
1342 2281 1525 2363 Clericus

349 2418 494 2498 retinet
524 2417 786 2525 privilegium
811 2417 884 2496 lori
906 2425 945 2497 et
965 2416 1152 2515 canoniS,
1177 2417 1254 2496 nisi
1283 2423 1323 2496 et
1355 2416 1431 2496 isto
1451 2441 1527 2521 per

348 2554 591 2634 sententiam
615 2553 811 2660 privetur,
840 2551 944 2660 Cap.
974 2557 1030 2631 10
1063 2551 1112 2632 ule
1141 2551 1347 2650 Jucliciis;
1368 2551 1400 2630 si
1423 2575 1525 2630 vero

346 2690 400 2769 ob
417 2673 681 2784 adulterium,
701 2694 740 2764 et
762 2683 922 2764 minora
941 2684 1089 2766 delicta
1111 2687 1324 2794 depositus
1352 2693 1429 2784 est,
1453 2711 1526 2792 pe-

347 2829 461 2900 racta
501 2819 751 2926 poenitentia
791 2818 937 2926 poterit
967 2845 1063 2899 cum
1094 2847 1143 2900 eo
1182 2821 1271 2927 jam
1308 2820 1523 2901 emendato

346 2951 580 3062 Episcopus
610 2951 847 3060 dispensare
876 2954 1158 3034 admonitum
1191 2957 1260 3036 cit.
1286 2981 1378 3064 cop.
1416 2955 1444 3032 4
1474 2951 1526 3030 ule

334 3087 528 3196 judiciis,
562 3085 661 3195 quia
690 3087 841 3169 misero
874 3087 1154 3170 misericordia
1184 3115 1267 3168 non
1298 3097 1361 3170 est
1392 3089 1522 3169 dene-

347 3222 504 3328 ganda:
538 3249 612 3302 nec
641 3219 711 3302 tali
745 3223 865 3304 modo
896 3222 1127 3303 restituitur
1147 3221 1183 3302 ei
1212 3221 1322 3302 fama
1352 3222 1521 3321 directe,

346 3355 418 3436 sed
451 3354 644 3436 indirecte
674 3355 783 3462 quod
825 3355 1004 3462 profecto
1045 3355 1237 3464 Episcopi
1278 3363 1523 3463 potestatem

346 3515 425 3569 non
459 3487 633 3588 excedit,
667 3515 758 3598 orp.
795 3489 871 3597 lep.
901 3493 993 3592 1,§
1031 3495 1102 3582 10,
1127 3490 1177 3570 ule
1208 3489 1455 3571 Postutond.

433 3621 510 3702 His
541 3621 697 3703 accedit
731 3623 983 3729 degradatio,
1017 3651 1123 3732 quae
1164 3629 1226 3704 est
1264 3649 1400 3732 poena
1442 3622 1527 3702 Ec·

346 3753 590 3854 clesiastica,
620 3779 702 3863 qua
732 3754 915 3837 Clericus
945 3757 998 3837 ob
1030 3757 1215 3838 criminis
1247 3757 1517 3856 atrocitatem,

346 3886 408 3968 vel
440 3887 492 3967 ob
524 3886 921 3995 incorrigibilitatem
947 3891 1198 3989 solemniter,
1224 3903 1263 3972 et
1285 3889 1520 3972 authentice

344 4021 532 4130 dejicitur
558 4022 609 4102 ab
631 4023 788 4123 ordine,
813 4023 1025 4126 beneficio,
1049 4025 1200 4127 offici0,
1225 4032 1263 4106 et
1292 4032 1404 4106 statu
1427 4021 1521 4103 Cle-

344 4155 476 4256 ricali,
511 4155 568 4236 ita
598 4164 643 4237 ut
674 4155 715 4236 in
746 4164 990 4264 potestatem
1021 4159 1274 4240 saecularem
1316 4165 1517 4255 transcat,

345 4299 385 4369 et
406 4289 457 4368 ab
479 4289 559 4370 ista
590 4291 722 4372 instar
751 4290 844 4372 laici
877 4291 1137 4392 incarcerari,
1162 4291 1442 4391 condemnari,
1469 4317 1519 4371 ac

346 4421 482 4532 puniri
514 4425 741 4505 secuudum
775 4426 886 4534 leges
916 4427 1057 4508 civiles
1084 4431 1226 4537 possit.
1250 4429 1343 4535 Ipsa
1364 4424 1519 4533 duplex
