3264 5146
458 391 634 443 313333.
659 407 678 422 -
702 391 841 442 333333
864 392 897 441 3.
1227 378 1268 443 79

114 523 239 603 statim
270 520 441 622 resilire,
474 519 582 628 quod
614 517 785 600 verbum
824 519 1096 601 diversimode
1138 519 1261 601 inter·

115 661 323 761 pretantur.

213 787 274 870 3.⁰
304 787 531 869 Concessae
572 786 754 868 facultati
796 785 1001 868 resiliendi
1034 813 1059 867 a
1088 811 1263 895 sponsa-

114 921 205 1003 libus
234 921 353 1004 datae
384 919 669 1029 impuberibus
700 919 769 1028 qui
801 920 853 1002 ed
882 922 1139 1028 pubertatem
1169 947 1262 1028 per-

116 1062 311 1155 venerunt,
346 1055 451 1136 duae
480 1055 585 1136 fiunt
615 1054 890 1162 exceptiones,
925 1079 1102 1162 quarum
1117 1055 1262 1165 prima

116 1197 260 1272 notetur
290 1189 334 1270 in
365 1192 506 1300 eap..8
538 1188 579 1268 h.
606 1197 652 1286 t.,
688 1214 784 1271 cum
815 1213 960 1295 nempe
992 1195 1085 1269 ante
1111 1189 1263 1296 puber-

117 1329 221 1404 tatem
246 1321 421 1429 legalem
457 1321 692 1428 impuberes
727 1346 771 1400 se
806 1319 1024 1401 carnaliter
1059 1343 1263 1426 cognove-

117 1471 210 1557 runt3
240 1465 341 1537 tune
370 1455 573 1564 siquidem
599 1455 692 1562 jure
724 1455 891 1562 antiquo
921 1453 1152 1536 habebatur
1171 1480 1262 1535 ma-

117 1589 337 1672 trimonium
357 1597 684 1698 praesumptum,
704 1589 753 1670 de
774 1614 855 1696 quo
867 1587 953 1694 jam
976 1587 1138 1694 egimus
1160 1595 1188 1666 t.
1219 1591 1257 1666 1.

119 1723 189 1804 Sed
214 1721 334 1805 bodie
370 1722 471 1804 baec
510 1721 691 1830 exceptio
732 1721 911 1828 amplius
950 1747 1031 1801 333
1072 1729 1148 1820 333,
1192 1719 1262 1800 ubi

121 1855 183 1938 luit
216 1855 472 1965 publicatum
512 1855 731 1936 Decretum
773 1881 863 1966 cop.
914 1857 930 1934 l
974 1880 1071 1935 3333.
1117 1856 1173 1932 24
1213 1853 1262 1931 de

118 1991 268 2098 reform.
289 1991 473 2070 inatrim.
494 1989 665 2070 Concilii
681 1987 925 2070 Tridentini.
944 1989 1128 2070 Alteram
1147 2013 1265 2068 exce-

118 2122 276 2228 ptionem
310 2123 487 2204 innuunt
516 2122 713 2204 Doctores
743 2149 794 2202 ex
817 2149 906 2232 cap.
923 2125 988 2202 Ι10
1010 2121 1060 2202 de
1079 2121 1259 2232 sponsal.

118 2263 145 2330 et.
179 2259 357 2338 matrim.
407 2281 551 2364 nempe
597 2256 760 2363 quando
805 2255 1015 2363 sponsalia
1058 2264 1155 2338 sunt
1189 2255 1264 2362 ju·

119 2397 210 2470 rute.
255 2391 576 2499 Disputantibus
620 2397 759 2471 autem
805 2389 906 2497 ipsis
941 2391 1050 2471 circa
1095 2389 1178 2469 vim
1225 2399 1265 2470 et

117 2523 380 2604 extensionem
424 2523 548 2631 hujus
590 2523 811 2631 juramenti
857 2523 934 2604 hoc
974 2523 1074 2604 mihi
1115 2524 1264 2631 proba-

36 2689 41 2702 ·
120 2653 224 2738 bilius
252 2657 415 2738 videtur
444 2683 591 2764 nempe
622 2656 683 2764 (a)
715 2657 1015 2738 nonobstante
1044 2655 1123 2736 hoc
1147 2655 1265 2763 jura-

119 2797 237 2872 mento
267 2790 481 2898 sponsalia
510 2791 788 2898 impuberum,
826 2790 990 2899 quando
1030 2790 1081 2870 ad
1113 2789 1265 2898 puber-

119 2931 224 3006 tatem
254 2925 398 3034 sponsi
429 2933 716 3033 pervenerunt,
750 2953 871 3032 posse
892 2933 1038 3006 mutuo
1059 2950 1264 3006 consensu

119 3055 286 3160 dissolvi,
320 3059 419 3166 quin
450 3085 617 3140 necesse
647 3059 701 3140 sit
721 3060 772 3140 ab
793 3059 844 3140 iis
864 3059 1028 3167 praevie
1049 3057 1130 3165 peti
1147 3057 1263 3164 jura-

118 3193 225 3276 menti
256 3193 621 3302 dispensationem,
654 3221 748 3276 cum
786 3195 826 3275 id
866 3193 987 3276 licere
1028 3219 1079 3274 ex
1119 3192 1263 3273 eadem

119 3325 258 3408 ratione
290 3325 553 3434 explanatum
584 3325 638 3407 sit
677 3329 740 3409 tlt.
789 3329 805 3407 l
851 3326 961 3408 circa
1000 3323 1210 3434 sponsalia
1241 3351 1266 3403 3

118 3458 329 3561 puberibus
360 3469 579 3559 contracta,
616 3469 656 3542 et
671 3461 952 3568 juramentum
974 3465 1171 3567 sequatur
1191 3485 1265 3538 na·

119 3599 238 3675 turam
269 3593 547 3700 obligationis,
582 3596 648 3677 cui
680 3593 857 3676 additur.
894 3593 956 3700 (b)
980 3593 1084 3674 Cum
1105 3591 1182 3674 hoo
1198 3592 1268 3699 ju·

118 3735 336 3810 ramentum
367 3727 554 3810 videatur
584 3728 635 3810 ad
666 3727 744 3809 hoc
774 3753 865 3809 esse
886 3728 1102 3827 directum,
1123 3733 1169 3808 ut
1190 3726 1268 3806 im·

118 3859 329 3962 puberibus
350 3861 700 3956 eamfaoultatem
721 3862 850 3962 tollat,
870 3889 952 3971 qua
972 3861 1066 3942 facti
1088 3860 1268 3967 puberes

119 3991 261 4102 absque
290 4021 418 4078 causa
447 4003 487 4078 et
516 3995 645 4078 altera
679 4003 793 4105 parte
833 3994 1067 4104 irrequisita
1104 3993 1267 4074 valeant

119 4128 259 4211 resilire
289 4155 315 4209 3
343 4131 608 4238 sponsalibus
638 4131 680 4212 in
711 4131 983 4239 impubertate
1013 4129 1141 4230 initis;
1170 4127 1267 4208 hine

120 4267 204 4362 puto
235 4263 489 4372 probabilius
526 4291 631 4364 esse,
675 4263 783 4371 quod
823 4263 925 4344 haee
964 4262 1174 4371 sponsalia
1213 4261 1263 4339 ad

121 4417 196 4474 eam
225 4397 459 4480 firmitatem
490 4425 563 4507 per
603 4397 787 4480 additum
822 4398 1103 4506 juramentum
1143 4394 1267 4476 redu·
