3388 5136
629 389 730 436 ιω
750 389 783 434 v.
809 405 850 418 -
875 385 1016 436 arnonus
1037 389 1060 431 1.
1391 367 1437 433 55

257 517 356 625 quia
385 515 556 624 saepius
584 513 750 622 respicit
780 519 952 620 peccata
980 511 1104 594 etiam
1132 511 1288 611 sutura,
1324 512 1435 592 ideo·

146 629 150 638 ¹
257 679 338 760 que
369 657 409 732 et
438 649 756 732 contumaciam.
791 646 901 728 Certi
930 655 1070 727 autem
1095 645 1203 754 J'uris
1234 653 1312 746 est,
1340 673 1435 728 cen-

260 811 403 868 suram
434 784 602 866 omniuo
634 781 842 890 requirere
871 780 1135 880 monitiones
1169 807 1247 862 ceu
1277 779 1433 888 passim

260 915 350 998 DD.
386 923 426 998 et
456 915 705 998 Canonistae
735 914 917 997 tradunt.

348 1051 537 1133 Tandem
581 1055 870 1159 praenotatum
914 1047 1135 1149 volumus,
1182 1043 1293 1155 quod
1342 1045 1435 1126 licet

261 1185 503 1293 hujusmodi
546 1182 844 1295 suspensiones
887 1181 1224 1282 subsumantur,
1272 1178 1433 1262 etiamsi

261 1317 427 1430 scriptis
446 1317 557 1400 haud
581 1318 843 1418 mandentur,
870 1314 1006 1424 prouti
1023 1321 1136 1423 patet
1156 1337 1210 1394 ex
1228 1315 1431 1396 savonen.

264 1455 323 1534 14
354 1453 600 1564 Septembris
634 1455 757 1535 1782
787 1453 897 1534 ono.
936 1457 979 1552 1,
1013 1447 1282 1532 nihilomiuus
1313 1449 1431 1548 bene,

260 1595 302 1668 et
340 1586 572 1670 laudabiter
611 1615 657 1669 se
699 1593 843 1694 gerent
886 1583 1101 1694 Episcopi,
1142 1582 1179 1663 si
1209 1582 1436 1664 sententias

261 1720 499 1827 hujusmodi
520 1721 797 1822 conscribant,
822 1720 1201 1802 animadvertentes
1221 1717 1436 1826 proprium

259 1880 351 1935 esse
367 1855 652 1964 suspensionis
669 1882 724 1937 esc
739 1855 974 1964 informata
991 1852 1250 1952 conscientia,
1270 1861 1316 1932 ut
1346 1851 1356 1928 i
1362 1876 1437 1958 psa

259 2013 340 2068 non
371 2015 396 2070 a
426 1988 594 2071 Vicario
625 1987 831 2085 Generali,
852 1988 925 2069 sed
949 1987 1003 2068 ab
1023 1987 1200 2096 ipsomet
1230 1983 1436 2093 Episcopo

257 2123 546 2208 subscribatur
561 2124 612 2203 ad
636 2122 843 2203 monitum
862 2121 1082 2202 Monacelli
1099 2119 1290 2202 Formul.
1311 2119 1432 2227 tepet.

252 2263 392 2367 praet.
428 2256 518 2356 fori
557 2255 717 2336 Eccles.
742 2285 791 2366 p.
826 2259 855 2335 3
898 2253 961 2334 tit.
995 2258 1027 2338 2
1047 2252 1230 2361 formul.
1266 2258 1294 2329 6
1330 2279 1371 2331 n.
1408 2253 1436 2329 4

259 2399 296 2470 et
327 2393 356 2471 5
363 2421 378 2490 ;
412 2391 520 2473 sicut
550 2389 677 2472 etiam
706 2389 826 2488 bene,
858 2395 899 2468 et
930 2386 1191 2467 laudabiliter
1220 2412 1265 2464 se
1293 2393 1437 2490 gerent

260 2521 471 2632 Episcopi,
493 2522 529 2603 si
560 2521 804 2628 hujusmodi
834 2519 1059 2600 sententias
1090 2517 1334 2625 proferendo
1366 2544 1439 2597 ex-

262 2653 440 2760 primant
470 2683 515 2736 se
545 2680 667 2761 agere
695 2653 738 2734 in
769 2653 853 2734 vim
889 2653 992 2764 Cup.
1031 2657 1055 2734 1
1088 2677 1186 2732 sess.
1215 2654 1273 2732 14
1310 2651 1433 2732 Cone.

267 2785 384 2867 Trio.
411 2785 461 2868 de
491 2787 723 2897 Resormut.

346 2921 473 3003 Hisce
494 2920 749 3030 praemissu,
771 2928 893 3028 atque
909 2919 1163 3027 praenotatis
1183 2919 1340 3001 alacres
1362 2946 1438 3027 pro

259 3056 359 3156 aris,
392 3063 433 3136 et
464 3054 566 3136 focis
595 3057 823 3155 certamus,
854 3061 977 3160 atque
1012 3053 1317 3152 contendimus,
1351 3081 1439 3134 cer·

261 3197 347 3270 tam
379 3197 499 3298 atquc
530 3188 743 3271 indubiam
786 3214 877 3270 esse
918 3186 1218 3295 Episcoporum
1260 3194 1439 3295 potesta-

260 3331 344 3404 tem
375 3349 429 3404 em
460 3322 693 3431 informata
738 3320 985 3402 conscientia
1016 3319 1242 3400 sententias
1263 3319 1432 3419 ferendi,

260 3457 431 3565 quibus,
462 3463 502 3537 et
533 3482 558 3538 a
588 3453 865 3563 suscipiendis
896 3452 1030 3534 sacris
1059 3449 1276 3532 ordinibus
1312 3450 1439 3531 Cleri-

260 3615 334 3672 cos
363 3596 544 3690 arceant,
578 3585 923 3698 desusceptis,
958 3613 1032 3668 nec
1063 3612 1145 3666 non
1177 3611 1202 3666 a
1232 3583 1440 3693 dignitati-

262 3725 341 3806 bus
371 3720 676 3806 Ecclesiasticis
705 3721 980 3829 suspendant.

347 3859 392 3940 td
427 3857 619 3965 pluribus
657 3855 915 3963 argumentis
958 3853 1230 3936 demonstrari
1278 3859 1439 3962 posset3

262 3997 305 4070 at
334 3989 550 4072 brevitatis
581 3989 715 4096 gratia
745 3987 1018 4097 probabimus
1054 3991 1092 4066 1⁰
1123 4013 1176 4068 cx
1206 3993 1321 4070 textu
1353 3987 1442 4094 ipso

260 4120 436 4204 Concilii
466 4120 697 4204 Tridentini
733 4123 837 4234 Cup.
877 4125 901 4201 1
934 4145 1031 4202 sess.
1069 4122 1143 4201 14.
1173 4121 1216 4202 2⁰
1236 4118 1301 4199 Ex
1321 4117 1445 4200 Bulla

263 4255 486 4338 Auctorem
509 4255 633 4364 fidei,
669 4253 892 4338 omittendo
924 4252 1153 4336 decisiones
1184 4253 1228 4334 S.
1264 4251 1445 4360 Congre-
1526 4319 1530 4326 Α

262 4387 443 4494 gationis
474 4388 662 4490 Concilii,
696 4396 737 4470 et
767 4385 995 4470 sententias
1028 4384 1120 4466 DD.
1160 4392 1283 4494 atque
1312 4384 1447 4468 Cano-
