3380 5132
591 409 690 456 amaa
713 410 744 454 v.
770 427 812 438 -
835 410 975 458 amanus
994 412 1016 457 a
1372 392 1393 459 9

217 539 309 619 Leo:
343 541 399 617 11
434 541 459 638 g
491 538 519 616 2
540 537 601 644 ff.
627 535 677 616 de
700 537 860 648 poenis.
888 537 931 618 Si
965 563 1060 619 vero
1092 537 1195 645 legis
1228 535 1394 619 violatio

217 669 472 776 contingeret
502 669 638 779 calpa,
672 667 759 749 sive
791 669 953 752 debitae
998 669 1234 778 diligentiae
1277 697 1394 778 prae-

217 803 492 902 termissione,
527 802 567 883 id
599 829 680 882 non
710 829 807 883 vero
854 803 1016 905 delicte,
1049 805 1122 885 sed
1162 803 1281 911 quasi
1323 805 1392 884 de-

216 935 312 1018 licto
334 936 624 1044 imputandum
647 941 721 1016 est.
743 937 787 1017 Si
805 937 980 1046 denique
1006 937 1259 1044 contingeret
1279 937 1387 1037 dolo,

215 1071 435 1180 praecipue
458 1069 584 1172 male,
609 1077 705 1151 tunc
727 1070 906 1178 prolecto
927 1097 1088 1172 verum,
1108 1079 1148 1151 et
1178 1069 1388 1178 proprium

216 1204 411 1285 delictum
455 1211 543 1305 est;
576 1202 845 1285 scitissimum
888 1231 984 1286 cum
1026 1204 1079 1285 sit
1109 1204 1274 1284 duobus
1310 1203 1391 1284 ele-

215 1337 365 1418 mentis
396 1337 593 1418 delictum
624 1345 812 1419 constare
842 1338 1006 1439 debere,
1041 1338 1229 1418 videlicet
1249 1365 1300 1419 ex
1318 1363 1391 1416 vo-

215 1469 386 1552 luntatis
416 1471 640 1578 proposito,
675 1496 756 1578 quo
788 1470 882 1578 quis
913 1470 1100 1570 intendit,
1135 1477 1174 1550 et
1205 1469 1291 1550 vult
1332 1468 1390 1550 ef-

216 1601 368 1684 lectum
389 1603 469 1710 legi
491 1603 757 1701 contrarium,
785 1629 963 1685 necnon
995 1631 1048 1685 ex
1071 1601 1176 1685 tacto
1200 1608 1385 1702 externo,

215 1761 267 1815 ex
297 1762 378 1843 quc
408 1735 473 1816 lex
506 1736 697 1818 violatur.
732 1734 921 1831 Quorum
953 1737 1253 1819 elementorum
1289 1735 1389 1816 alte·

215 1877 375 1951 rutrum
405 1870 442 1951 si
473 1871 593 1973 desit,
618 1869 814 1954 delictum
835 1869 1014 1980 amplius
1037 1897 1118 1952 non
1149 1869 1383 1950 habebitur.

215 2001 322 2084 Hinc
352 2002 546 2085 delictum
583 2003 774 2086 Maschat
805 2003 968 2086 delinit:
993 2005 1163 2112 factam
1204 2001 1386 2084 caterius

215 2144 357 2218 eontra
399 2137 523 2247 lepem
563 2137 671 2238 dolo,
707 2137 767 2218 cel
807 2137 928 2248 calpa
969 2137 1207 2220 admissam.
1243 2135 1386 2216 Devoti

215 2277 374 2352 autem:
413 2271 559 2371 libera,
604 2279 641 2350 ct
681 2271 917 2352 noluntaria
963 2275 1088 2374 actio,
1125 2272 1185 2352 oet
1225 2270 1388 2351 omissio

214 2406 428 2487 contraria
460 2405 626 2515 lepidas,
654 2431 866 2516 poenaque
896 2403 1137 2486 coercenda.

300 2539 459 2621 Delicta
489 2539 598 2648 apud
629 2537 842 2622 Romanos
869 2539 950 2620 alia
974 2539 1144 2651 publica
1175 2564 1282 2640 esse,
1308 2536 1389 2622 alia

205 2675 378 2786 privata
420 2681 562 2756 notum
603 2681 679 2754 est.
726 2674 918 2776 Publica,
953 2700 1060 2783 quae
1101 2672 1385 2782 Reipublicae,

211 2806 388 2915 privata,
422 2832 527 2913 quae
557 2807 819 2914 singulorum
845 2807 942 2914 jura
973 2807 1204 2889 laedebant.
1227 2805 1385 2888 Varum

211 2939 331 3022 hodie
362 2939 536 3049 quodvis
572 2941 767 3022 delictum
803 2947 994 3023 censetur
1024 2941 1263 3049 publicum,
1298 2939 1391 3020 nul-

212 3073 298 3155 lum
343 3083 483 3156 autern
530 3074 751 3184 privatum.
800 3074 934 3158 Gloss.
982 3075 1023 3156 in
1067 3075 1169 3186 Cap.
1204 3073 1387 3182 infames

212 3233 323 3290 eoas.
350 3215 394 3310 6,
419 3237 457 3317 q.
483 3213 524 3291 1.
551 3208 602 3291 Et
634 3209 805 3290 merito:
842 3208 1002 3290 nullum
1045 3209 1155 3288 enim
1196 3206 1390 3289 delictum

212 3351 290 3444 est,
315 3342 424 3452 quod
455 3341 602 3424 saltem
634 3341 843 3443 indirecte,
869 3367 917 3424 ac
938 3341 1122 3423 reflexim
1149 3340 1388 3422 societatem

213 3501 293 3556 non
340 3475 487 3558 laedat.
523 3475 759 3578 Enimvem,
792 3479 830 3558 ai
859 3477 978 3586 aesas
1015 3500 1157 3556 accere
1199 3474 1384 3584 patriae,

213 3608 345 3716 inquit
373 3609 546 3711 Seneca,
572 3609 622 3690 de
653 3611 720 3692 ira
752 3611 824 3692 lib.
843 3613 972 3712 2-39,
992 3635 1087 3719 erpo
1119 3608 1200 3689 eici
1215 3633 1387 3716 qaoque:

210 3769 308 3823 nam
338 3741 405 3823 hic
428 3769 533 3853 pars
557 3746 728 3855 patriae
747 3753 817 3826 est.
843 3743 1022 3826 Sanctae
1049 3750 1192 3854 partes
1222 3748 1330 3839 sant,
1354 3741 1392 3820 si

210 3883 336 3959 totam
368 3877 597 3960 venerabile
625 3885 696 3960 eat.
733 3878 911 3962 Publica
941 3904 1039 3960 vero
1071 3875 1391 3960 subdividebant

210 4009 363 4118 pariter
396 4008 576 4092 Romani
610 4011 918 4113 inordinaria,
952 4020 991 4092 et
1022 4009 1384 4093 extraordinaria.

211 4141 367 4246 Prima,
401 4169 507 4253 quae
539 4152 580 4227 et
600 4145 778 4226 erimina
800 4143 961 4254 proprie
992 4143 1250 4245 dicebantur,
1270 4148 1391 4225 erant

209 4277 259 4357 de
290 4277 443 4386 quibus
474 4277 543 4360 lex
574 4287 686 4360 certa
715 4286 902 4377 caverat,
938 4283 1172 4388 certamque
1208 4301 1383 4387 poenam

210 4411 487 4518 praefinierat,
536 4412 719 4494 secunda
764 4437 860 4495 vero
890 4419 1024 4515 erant,
1059 4409 1291 4520 dequibus
1325 4409 1389 4490 lex
