<?xml version="1.0" encoding="UTF-8"?>
<!DOCTYPE html PUBLIC "-//W3C//DTD XHTML 1.0 Transitional//EN"
    "http://www.w3.org/TR/xhtml1/DTD/xhtml1-transitional.dtd">
<html xmlns="http://www.w3.org/1999/xhtml" xml:lang="en" lang="en">
 <head>
  <title>
</title>
<meta http-equiv="Content-Type" content="text/html;charset=utf-8" />
  <meta name='ocr-system' content='tesseract 3.04.00' />
  <meta name='ocr-capabilities' content='ocr_page ocr_carea ocr_par ocr_line ocrx_word'/>
</head>
<body>
  <div class='ocr_page' id='page_1' title='image "./praelectionesju00angegoog/praelectionesju00angegoog_0158.png"; bbox 0 0 3136 5138; ppageno 0'>
   <div class='ocr_carea' id='block_1_1' title="bbox 503 433 1313 497">
    <p class='ocr_par' dir='ltr' id='par_1_1' title="bbox 503 433 1313 497">
     <span class='ocr_line' id='line_1_1' title="bbox 503 433 1313 497; baseline 0.004 -5"><span class='ocrx_word' id='word_1_1' title='bbox 503 443 610 494; x_wconf 80' lang='lat' dir='ltr'><strong>xrsnn</strong></span> <span class='ocrx_word' id='word_1_2' title='bbox 633 443 678 492; x_wconf 90' lang='lat' dir='ltr'><strong>1v.</strong></span> <span class='ocrx_word' id='word_1_3' title='bbox 703 461 725 476; x_wconf 88' lang='lat'><em>-</em></span> <span class='ocrx_word' id='word_1_4' title='bbox 746 441 884 496; x_wconf 77' lang='lat' dir='ltr'><strong>rnuxus</strong></span> <span class='ocrx_word' id='word_1_5' title='bbox 907 445 942 497; x_wconf 85' lang='lat' dir='ltr'><strong>v,</strong></span> <span class='ocrx_word' id='word_1_6' title='bbox 1250 433 1313 495; x_wconf 87' lang='grc'><strong>147</strong></span> 
     </span>
    </p>
   </div>
   <div class='ocr_carea' id='block_1_2' title="bbox 126 572 1305 1750">
    <p class='ocr_par' dir='ltr' id='par_1_2' title="bbox 126 572 1305 1750">
     <span class='ocr_line' id='line_1_2' title="bbox 126 572 1305 681; baseline 0.001 -28"><span class='ocrx_word' id='word_1_7' title='bbox 126 572 374 654; x_wconf 89' lang='lat' dir='ltr'><strong>conditione</strong></span> <span class='ocrx_word' id='word_1_8' title='bbox 399 573 642 681; x_wconf 88' lang='lat' dir='ltr'><strong>impossibili</strong></span> <span class='ocrx_word' id='word_1_9' title='bbox 664 573 765 656; x_wconf 92' lang='lat' dir='ltr'><strong>inita</strong></span> <span class='ocrx_word' id='word_1_10' title='bbox 784 582 881 655; x_wconf 89' lang='lat' dir='ltr'><strong>sunt</strong></span> <span class='ocrx_word' id='word_1_11' title='bbox 902 573 1029 675; x_wconf 90' lang='lat' dir='ltr'><strong>nulla,</strong></span> <span class='ocrx_word' id='word_1_12' title='bbox 1053 583 1174 681; x_wconf 91' lang='lat' dir='ltr'><strong>prout</strong></span> <span class='ocrx_word' id='word_1_13' title='bbox 1195 575 1305 657; x_wconf 87' lang='lat' dir='ltr'><strong>deei-</strong></span> 
     </span>
     <span class='ocr_line' id='line_1_3' title="bbox 128 707 1305 816; baseline 0.002 -30"><span class='ocrx_word' id='word_1_14' title='bbox 128 707 257 787; x_wconf 85' lang='lat' dir='ltr'>ditur</span> <span class='ocrx_word' id='word_1_15' title='bbox 278 708 327 788; x_wconf 91' lang='lat' dir='ltr'><strong>de</strong></span> <span class='ocrx_word' id='word_1_16' title='bbox 342 707 433 788; x_wconf 88' lang='lat' dir='ltr'><strong>aliis</strong></span> <span class='ocrx_word' id='word_1_17' title='bbox 450 707 738 806; x_wconf 68' lang='lat' dir='ltr'><strong>contractibus</strong></span> <span class='ocrx_word' id='word_1_18' title='bbox 760 707 856 816; x_wconf 92' lang='lat' dir='ltr'><strong>quia</strong></span> <span class='ocrx_word' id='word_1_19' title='bbox 873 707 1044 816; x_wconf 81' lang='lat' dir='ltr'><strong>adjectio</strong></span> <span class='ocrx_word' id='word_1_20' title='bbox 1061 709 1305 790; x_wconf 83' lang='lat' dir='ltr'><strong>conditionis</strong></span> 
     </span>
     <span class='ocr_line' id='line_1_4' title="bbox 126 839 1302 950; baseline 0.005 -32"><span class='ocrx_word' id='word_1_21' title='bbox 126 839 411 948; x_wconf 88' lang='lat' dir='ltr'><strong>impossibilis</strong></span> <span class='ocrx_word' id='word_1_22' title='bbox 441 841 578 949; x_wconf 89' lang='lat' dir='ltr'><strong>potius</strong></span> <span class='ocrx_word' id='word_1_23' title='bbox 619 842 851 924; x_wconf 77' lang='lat' dir='ltr'>dissensum</span> <span class='ocrx_word' id='word_1_24' title='bbox 892 867 1017 950; x_wconf 91' lang='lat' dir='ltr'><strong>quam</strong></span> <span class='ocrx_word' id='word_1_25' title='bbox 1055 868 1302 924; x_wconf 90' lang='lat' dir='ltr'><strong>eonsensum</strong></span> 
     </span>
     <span class='ocr_line' id='line_1_5' title="bbox 126 973 1305 1081; baseline 0.003 -30"><span class='ocrx_word' id='word_1_26' title='bbox 126 973 383 1054; x_wconf 79' lang='lat' dir='ltr'><strong>naturaliter</strong></span> <span class='ocrx_word' id='word_1_27' title='bbox 404 975 582 1072; x_wconf 89' lang='lat' dir='ltr'><strong>denotat,</strong></span> <span class='ocrx_word' id='word_1_28' title='bbox 607 981 646 1055; x_wconf 90' lang='lat' dir='ltr'><strong>et</strong></span> <span class='ocrx_word' id='word_1_29' title='bbox 667 999 719 1054; x_wconf 92' lang='lat' dir='ltr'><strong>ex</strong></span> <span class='ocrx_word' id='word_1_30' title='bbox 739 973 867 1054; x_wconf 90' lang='lat' dir='ltr'><strong>altera</strong></span> <span class='ocrx_word' id='word_1_31' title='bbox 887 982 1002 1081; x_wconf 89' lang='lat' dir='ltr'><strong>parte</strong></span> <span class='ocrx_word' id='word_1_32' title='bbox 1027 1001 1109 1055; x_wconf 92' lang='lat' dir='ltr'><strong>non</strong></span> <span class='ocrx_word' id='word_1_33' title='bbox 1130 973 1305 1056; x_wconf 91' lang='lat' dir='ltr'><strong>habetur</strong></span> 
     </span>
     <span class='ocr_line' id='line_1_6' title="bbox 132 1106 1304 1216; baseline 0.003 -32"><span class='ocrx_word' id='word_1_34' title='bbox 132 1106 259 1186; x_wconf 90' lang='lat' dir='ltr'><strong>favor</strong></span> <span class='ocrx_word' id='word_1_35' title='bbox 285 1107 390 1213; x_wconf 90' lang='lat' dir='ltr'><strong>juris</strong></span> <span class='ocrx_word' id='word_1_36' title='bbox 420 1107 598 1215; x_wconf 76' lang='lat' dir='ltr'><strong>positivi.</strong></span> <span class='ocrx_word' id='word_1_37' title='bbox 631 1107 688 1188; x_wconf 89' lang='lat' dir='ltr'><strong>At</strong></span> <span class='ocrx_word' id='word_1_38' title='bbox 718 1109 751 1188; x_wconf 90' lang='lat' dir='ltr'><strong>si</strong></span> <span class='ocrx_word' id='word_1_39' title='bbox 785 1107 962 1189; x_wconf 87' lang='lat' dir='ltr'><strong>conditio</strong></span> <span class='ocrx_word' id='word_1_40' title='bbox 984 1115 1046 1188; x_wconf 91' lang='lat' dir='ltr'><strong>est</strong></span> <span class='ocrx_word' id='word_1_41' title='bbox 1066 1108 1304 1216; x_wconf 81' lang='lat' dir='ltr'><strong>simpliciter</strong></span> 
     </span>
     <span class='ocr_line' id='line_1_7' title="bbox 129 1241 1304 1350; baseline 0.002 -30"><span class='ocrx_word' id='word_1_42' title='bbox 129 1241 289 1347; x_wconf 60' lang='lat' dir='ltr'><strong>turpis</strong></span> <span class='ocrx_word' id='word_1_43' title='bbox 322 1249 420 1323; x_wconf 89' lang='lat' dir='ltr'><strong>tune</strong></span> <span class='ocrx_word' id='word_1_44' title='bbox 450 1249 542 1350; x_wconf 89' lang='lat' dir='ltr'><strong>post</strong></span> <span class='ocrx_word' id='word_1_45' title='bbox 571 1242 660 1350; x_wconf 88' lang='lat' dir='ltr'><strong>ejus</strong></span> <span class='ocrx_word' id='word_1_46' title='bbox 701 1249 857 1322; x_wconf 86' lang='lat' dir='ltr'><strong>tantam</strong></span> <span class='ocrx_word' id='word_1_47' title='bbox 897 1251 1089 1323; x_wconf 91' lang='lat' dir='ltr'><strong>eventum</strong></span> <span class='ocrx_word' id='word_1_48' title='bbox 1128 1241 1304 1324; x_wconf 90' lang='lat' dir='ltr'><strong>habetur</strong></span> 
     </span>
     <span class='ocr_line' id='line_1_8' title="bbox 129 1371 1302 1482; baseline 0.005 -32"><span class='ocrx_word' id='word_1_49' title='bbox 129 1371 337 1479; x_wconf 77' lang='lat' dir='ltr'><strong>obligatio</strong></span> <span class='ocrx_word' id='word_1_50' title='bbox 377 1400 429 1454; x_wconf 90' lang='lat' dir='ltr'><strong>ex</strong></span> <span class='ocrx_word' id='word_1_51' title='bbox 468 1374 747 1482; x_wconf 88' lang='lat' dir='ltr'><strong>sponsalibus,</strong></span> <span class='ocrx_word' id='word_1_52' title='bbox 791 1374 884 1456; x_wconf 87' lang='lat' dir='ltr'><strong>lieet</strong></span> <span class='ocrx_word' id='word_1_53' title='bbox 923 1383 1016 1456; x_wconf 92' lang='lat' dir='ltr'><strong>ante</strong></span> <span class='ocrx_word' id='word_1_54' title='bbox 1057 1375 1302 1456; x_wconf 90' lang='lat' dir='ltr'><strong>eonditionis</strong></span> 
     </span>
     <span class='ocr_line' id='line_1_9' title="bbox 127 1509 1298 1617; baseline 0.004 -31"><span class='ocrx_word' id='word_1_55' title='bbox 127 1516 333 1588; x_wconf 88' lang='lat' dir='ltr'><strong>eventum</strong></span> <span class='ocrx_word' id='word_1_56' title='bbox 362 1535 444 1588; x_wconf 92' lang='lat' dir='ltr'><strong>non</strong></span> <span class='ocrx_word' id='word_1_57' title='bbox 474 1509 675 1590; x_wconf 72' lang='lat' dir='ltr'><strong>habeatur</strong></span> <span class='ocrx_word' id='word_1_58' title='bbox 704 1509 899 1616; x_wconf 75' lang='lat' dir='ltr'><strong>obligatio</strong></span> <span class='ocrx_word' id='word_1_59' title='bbox 917 1510 968 1589; x_wconf 92' lang='lat' dir='ltr'><strong>ad</strong></span> <span class='ocrx_word' id='word_1_60' title='bbox 998 1511 1298 1617; x_wconf 81' lang='lat' dir='ltr'><strong>expectandum</strong></span> 
     </span>
     <span class='ocr_line' id='line_1_10' title="bbox 130 1643 1302 1750; baseline 0.003 -30"><span class='ocrx_word' id='word_1_61' title='bbox 130 1651 349 1743; x_wconf 86' lang='lat' dir='ltr'><strong>eventum,</strong></span> <span class='ocrx_word' id='word_1_62' title='bbox 369 1670 464 1723; x_wconf 91' lang='lat' dir='ltr'><strong>eum</strong></span> <span class='ocrx_word' id='word_1_63' title='bbox 485 1643 652 1724; x_wconf 82' lang='lat' dir='ltr'><strong>inducat</strong></span> <span class='ocrx_word' id='word_1_64' title='bbox 672 1643 723 1723; x_wconf 90' lang='lat' dir='ltr'><strong>ad</strong></span> <span class='ocrx_word' id='word_1_65' title='bbox 744 1651 971 1750; x_wconf 85' lang='lat' dir='ltr'><strong>peecatum,</strong></span> <span class='ocrx_word' id='word_1_66' title='bbox 996 1643 1047 1723; x_wconf 93' lang='lat' dir='ltr'><strong>ad</strong></span> <span class='ocrx_word' id='word_1_67' title='bbox 1068 1643 1177 1750; x_wconf 92' lang='lat' dir='ltr'><strong>quod</strong></span> <span class='ocrx_word' id='word_1_68' title='bbox 1198 1644 1302 1724; x_wconf 93' lang='lat' dir='ltr'><strong>obli-</strong></span> 
     </span>
    </p>
   </div>
   <div class='ocr_carea' id='block_1_3' title="bbox 126 1775 1301 2420">
    <p class='ocr_par' dir='ltr' id='par_1_3' title="bbox 126 1775 1301 2420">
     <span class='ocr_line' id='line_1_11' title="bbox 129 1775 1300 1890; baseline 0.003 -35"><span class='ocrx_word' id='word_1_69' title='bbox 129 1775 254 1882; x_wconf 87' lang='lat' dir='ltr'><strong>gatio</strong></span> <span class='ocrx_word' id='word_1_70' title='bbox 281 1776 394 1890; x_wconf 77' lang='lat' dir='ltr'><strong>nulla</strong></span> <span class='ocrx_word' id='word_1_71' title='bbox 423 1776 559 1858; x_wconf 90' lang='lat' dir='ltr'><strong>datur.</strong></span> <span class='ocrx_word' id='word_1_72' title='bbox 591 1823 612 1837; x_wconf 94' lang='lat'><em>-</em></span> <span class='ocrx_word' id='word_1_73' title='bbox 642 1777 720 1857; x_wconf 91' lang='lat' dir='ltr'><strong>Hie</strong></span> <span class='ocrx_word' id='word_1_74' title='bbox 749 1776 910 1857; x_wconf 90' lang='lat' dir='ltr'><strong>videtur</strong></span> <span class='ocrx_word' id='word_1_75' title='bbox 939 1803 1030 1857; x_wconf 85' lang='lat' dir='ltr'><strong>esse</strong></span> <span class='ocrx_word' id='word_1_76' title='bbox 1061 1777 1177 1858; x_wconf 88' lang='lat' dir='ltr'><strong>loeus</strong></span> <span class='ocrx_word' id='word_1_77' title='bbox 1208 1805 1300 1884; x_wconf 92' lang='lat' dir='ltr'><strong>per-</strong></span> 
     </span>
     <span class='ocr_line' id='line_1_12' title="bbox 128 1909 1298 2020; baseline 0.002 -30"><span class='ocrx_word' id='word_1_78' title='bbox 128 1911 375 1990; x_wconf 83' lang='lat' dir='ltr'><strong>tractandae</strong></span> <span class='ocrx_word' id='word_1_79' title='bbox 397 1910 588 2019; x_wconf 81' lang='lat' dir='ltr'><strong>antiquae</strong></span> <span class='ocrx_word' id='word_1_80' title='bbox 609 1911 874 2020; x_wconf 85' lang='lat' dir='ltr'><strong>quaestionis:</strong></span> <span class='ocrx_word' id='word_1_81' title='bbox 901 1935 954 1990; x_wconf 88' lang='lat' dir='ltr'><strong>an</strong></span> <span class='ocrx_word' id='word_1_82' title='bbox 976 1909 1080 1992; x_wconf 90' lang='lat' dir='ltr'><strong>inter</strong></span> <span class='ocrx_word' id='word_1_83' title='bbox 1100 1910 1298 1992; x_wconf 81' lang='lat' dir='ltr'><strong>habentes</strong></span> 
     </span>
     <span class='ocr_line' id='line_1_13' title="bbox 129 2041 1297 2150; baseline 0.003 -29"><span class='ocrx_word' id='word_1_84' title='bbox 129 2042 476 2150; x_wconf 87' lang='lat' dir='ltr'><strong>impedimentum</strong></span> <span class='ocrx_word' id='word_1_85' title='bbox 506 2044 702 2124; x_wconf 85' lang='lat' dir='ltr'><strong>dirimens</strong></span> <span class='ocrx_word' id='word_1_86' title='bbox 732 2043 867 2124; x_wconf 91' lang='lat' dir='ltr'><strong>valida</strong></span> <span class='ocrx_word' id='word_1_87' title='bbox 886 2043 970 2124; x_wconf 90' lang='lat' dir='ltr'><strong>sint</strong></span> <span class='ocrx_word' id='word_1_88' title='bbox 989 2041 1199 2150; x_wconf 84' lang='lat' dir='ltr'><strong>sponsalia</strong></span> <span class='ocrx_word' id='word_1_89' title='bbox 1217 2046 1297 2125; x_wconf 92' lang='lat' dir='ltr'><strong>sub</strong></span> 
     </span>
     <span class='ocr_line' id='line_1_14' title="bbox 126 2175 1301 2286; baseline 0.002 -30"><span class='ocrx_word' id='word_1_90' title='bbox 126 2175 369 2258; x_wconf 80' lang='lat' dir='ltr'><strong>conditione</strong></span> <span class='ocrx_word' id='word_1_91' title='bbox 398 2177 433 2257; x_wconf 94' lang='lat' dir='ltr'><strong>si</strong></span> <span class='ocrx_word' id='word_1_92' title='bbox 465 2177 655 2259; x_wconf 79' lang='lat' dir='ltr'><strong>Pontifex</strong></span> <span class='ocrx_word' id='word_1_93' title='bbox 697 2176 1021 2285; x_wconf 67' lang='lat' dir='ltr'><strong>dispensaverit?</strong></span> <span class='ocrx_word' id='word_1_94' title='bbox 1053 2177 1146 2270; x_wconf 83' lang='lat' dir='ltr'><strong>Qua</strong></span> <span class='ocrx_word' id='word_1_95' title='bbox 1174 2203 1301 2286; x_wconf 86' lang='lat' dir='ltr'><strong>super</strong></span> 
     </span>
     <span class='ocr_line' id='line_1_15' title="bbox 127 2310 1299 2420; baseline 0.002 -29"><span class='ocrx_word' id='word_1_96' title='bbox 127 2311 376 2418; x_wconf 90' lang='lat' dir='ltr'><strong>quaestione</strong></span> <span class='ocrx_word' id='word_1_97' title='bbox 391 2311 467 2392; x_wconf 88' lang='lat' dir='ltr'><strong>etsi</strong></span> <span class='ocrx_word' id='word_1_98' title='bbox 484 2312 709 2420; x_wconf 89' lang='lat' dir='ltr'><strong>antiquitus</strong></span> <span class='ocrx_word' id='word_1_99' title='bbox 720 2312 806 2418; x_wconf 89' lang='lat' dir='ltr'><strong>jam</strong></span> <span class='ocrx_word' id='word_1_100' title='bbox 823 2310 969 2392; x_wconf 88' lang='lat' dir='ltr'><strong>fuisset</strong></span> <span class='ocrx_word' id='word_1_101' title='bbox 985 2311 1080 2392; x_wconf 90' lang='lat' dir='ltr'><strong>data</strong></span> <span class='ocrx_word' id='word_1_102' title='bbox 1100 2311 1299 2393; x_wconf 67' lang='lat' dir='ltr'><strong>a‘Doeto·</strong></span> 
     </span>
    </p>
   </div>
   <div class='ocr_carea' id='block_1_4' title="bbox 123 2443 1299 3490">
    <p class='ocr_par' dir='ltr' id='par_1_4' title="bbox 123 2443 1299 3490">
     <span class='ocr_line' id='line_1_16' title="bbox 127 2443 1299 2552; baseline 0.003 -30"><span class='ocrx_word' id='word_1_103' title='bbox 127 2443 255 2524; x_wconf 87' lang='lat' dir='ltr'><strong>ribus</strong></span> <span class='ocrx_word' id='word_1_104' title='bbox 285 2443 495 2549; x_wconf 90' lang='lat' dir='ltr'><strong>responsio</strong></span> <span class='ocrx_word' id='word_1_105' title='bbox 526 2443 770 2525; x_wconf 87' lang='lat' dir='ltr'><strong>affirmativa</strong></span> <span class='ocrx_word' id='word_1_106' title='bbox 799 2469 894 2526; x_wconf 89' lang='lat' dir='ltr'><strong>eum</strong></span> <span class='ocrx_word' id='word_1_107' title='bbox 925 2445 1121 2552; x_wconf 80' lang='lat' dir='ltr'><strong>congruis</strong></span> <span class='ocrx_word' id='word_1_108' title='bbox 1147 2443 1299 2526; x_wconf 91' lang='lat' dir='ltr'><strong>limita·</strong></span> 
     </span>
     <span class='ocr_line' id='line_1_17' title="bbox 124 2575 1299 2676; baseline 0 -18"><span class='ocrx_word' id='word_1_109' title='bbox 124 2575 334 2676; x_wconf 76' lang='lat' dir='ltr'><strong>tionibuS,</strong></span> <span class='ocrx_word' id='word_1_110' title='bbox 357 2576 476 2659; x_wconf 89' lang='lat' dir='ltr'><strong>hodie</strong></span> <span class='ocrx_word' id='word_1_111' title='bbox 502 2577 649 2660; x_wconf 87' lang='lat' dir='ltr'><strong>iterum</strong></span> <span class='ocrx_word' id='word_1_112' title='bbox 680 2576 926 2660; x_wconf 88' lang='lat' dir='ltr'><strong>eoneertatio</strong></span> <span class='ocrx_word' id='word_1_113' title='bbox 958 2577 1147 2660; x_wconf 84' lang='lat' dir='ltr'><strong>efferbuit</strong></span> <span class='ocrx_word' id='word_1_114' title='bbox 1168 2579 1299 2660; x_wconf 92' lang='lat' dir='ltr'><strong>addu-</strong></span> 
     </span>
     <span class='ocr_line' id='line_1_18' title="bbox 123 2709 1299 2819; baseline 0.001 -28"><span class='ocrx_word' id='word_1_115' title='bbox 123 2709 213 2791; x_wconf 81' lang='lat' dir='ltr'><strong>ctis</strong></span> <span class='ocrx_word' id='word_1_116' title='bbox 243 2709 286 2790; x_wconf 90' lang='lat' dir='ltr'><strong>in</strong></span> <span class='ocrx_word' id='word_1_117' title='bbox 305 2711 556 2792; x_wconf 90' lang='lat' dir='ltr'><strong>eontrarium</strong></span> <span class='ocrx_word' id='word_1_118' title='bbox 577 2711 783 2792; x_wconf 92' lang='lat' dir='ltr'><strong>nonnullis</strong></span> <span class='ocrx_word' id='word_1_119' title='bbox 804 2710 1032 2792; x_wconf 88' lang='lat' dir='ltr'><strong>rationibus</strong></span> <span class='ocrx_word' id='word_1_120' title='bbox 1049 2710 1183 2819; x_wconf 88' lang='lat' dir='ltr'><strong>magis</strong></span> <span class='ocrx_word' id='word_1_121' title='bbox 1203 2738 1299 2819; x_wconf 91' lang='lat' dir='ltr'><strong>spe·</strong></span> 
     </span>
     <span class='ocr_line' id='line_1_19' title="bbox 125 2843 1295 2952; baseline 0.001 -28"><span class='ocrx_word' id='word_1_122' title='bbox 125 2843 261 2924; x_wconf 89' lang='lat' dir='ltr'><strong>eiosis</strong></span> <span class='ocrx_word' id='word_1_123' title='bbox 299 2869 423 2952; x_wconf 90' lang='lat' dir='ltr'><strong>quam</strong></span> <span class='ocrx_word' id='word_1_124' title='bbox 463 2845 698 2926; x_wconf 77' lang='lat' dir='ltr'><strong>efficacibus</strong></span> <span class='ocrx_word' id='word_1_125' title='bbox 738 2851 778 2925; x_wconf 95' lang='lat' dir='ltr'><strong>et</strong></span> <span class='ocrx_word' id='word_1_126' title='bbox 816 2844 1003 2952; x_wconf 87' lang='lat' dir='ltr'><strong>allegatis</strong></span> <span class='ocrx_word' id='word_1_127' title='bbox 1048 2845 1295 2952; x_wconf 89' lang='lat' dir='ltr'><strong>quibusdam</strong></span> 
     </span>
     <span class='ocr_line' id='line_1_20' title="bbox 127 2977 1298 3087; baseline 0 -29"><span class='ocrx_word' id='word_1_128' title='bbox 127 2977 464 3079; x_wconf 63' lang='lat' dir='ltr'><strong>auetoritatibus</strong></span> <span class='ocrx_word' id='word_1_129' title='bbox 497 3003 602 3087; x_wconf 97' lang='grc' dir='ltr'><strong>(ἃᾶἃᾶ</strong></span> <span class='ocrx_word' id='word_1_130' title='bbox 632 2977 683 3058; x_wconf 92' lang='lat' dir='ltr'><strong>ad</strong></span> <span class='ocrx_word' id='word_1_131' title='bbox 712 3003 799 3058; x_wconf 91' lang='lat' dir='ltr'><strong>rem</strong></span> <span class='ocrx_word' id='word_1_132' title='bbox 830 3005 912 3059; x_wconf 91' lang='lat' dir='ltr'><strong>non</strong></span> <span class='ocrx_word' id='word_1_133' title='bbox 939 2979 1107 3061; x_wconf 89' lang='lat' dir='ltr'><strong>faeiunt.</strong></span> <span class='ocrx_word' id='word_1_134' title='bbox 1133 2979 1298 3060; x_wconf 87' lang='lat' dir='ltr'><strong>Asseri-</strong></span> 
     </span>
     <span class='ocr_line' id='line_1_21' title="bbox 127 3112 1299 3221; baseline 0 -30"><span class='ocrx_word' id='word_1_135' title='bbox 127 3139 230 3192; x_wconf 90' lang='lat' dir='ltr'><strong>mus</strong></span> <span class='ocrx_word' id='word_1_136' title='bbox 260 3137 372 3220; x_wconf 90' lang='lat' dir='ltr'><strong>ergo,</strong></span> <span class='ocrx_word' id='word_1_137' title='bbox 405 3113 513 3221; x_wconf 91' lang='lat' dir='ltr'><strong>quod</strong></span> <span class='ocrx_word' id='word_1_138' title='bbox 544 3113 579 3192; x_wconf 92' lang='lat' dir='ltr'><strong>si</strong></span> <span class='ocrx_word' id='word_1_139' title='bbox 610 3119 756 3220; x_wconf 89' lang='lat' dir='ltr'><strong>agatur</strong></span> <span class='ocrx_word' id='word_1_140' title='bbox 786 3112 835 3193; x_wconf 93' lang='lat' dir='ltr'><strong>de</strong></span> <span class='ocrx_word' id='word_1_141' title='bbox 865 3113 1156 3221; x_wconf 90' lang='lat' dir='ltr'><strong>impedimento</strong></span> <span class='ocrx_word' id='word_1_142' title='bbox 1197 3112 1299 3193; x_wconf 92' lang='lat' dir='ltr'><strong>diri-</strong></span> 
     </span>
     <span class='ocr_line' id='line_1_22' title="bbox 126 3245 1294 3358; baseline 0 -33"><span class='ocrx_word' id='word_1_143' title='bbox 126 3251 285 3346; x_wconf 87' lang='lat' dir='ltr'><strong>mente,</strong></span> <span class='ocrx_word' id='word_1_144' title='bbox 318 3247 359 3327; x_wconf 94' lang='lat' dir='ltr'><strong>in</strong></span> <span class='ocrx_word' id='word_1_145' title='bbox 389 3273 470 3355; x_wconf 91' lang='lat' dir='ltr'><strong>quo</strong></span> <span class='ocrx_word' id='word_1_146' title='bbox 501 3246 689 3328; x_wconf 81' lang='lat' dir='ltr'><strong>Pontifex</strong></span> <span class='ocrx_word' id='word_1_147' title='bbox 704 3249 836 3358; x_wconf 85' lang='lat' dir='ltr'><strong>possit</strong></span> <span class='ocrx_word' id='word_1_148' title='bbox 856 3257 893 3327; x_wconf 89' lang='lat' dir='ltr'><strong>et</strong></span> <span class='ocrx_word' id='word_1_149' title='bbox 912 3248 1039 3326; x_wconf 80' lang='lat' dir='ltr'><strong>soleat</strong></span> <span class='ocrx_word' id='word_1_150' title='bbox 1055 3245 1294 3354; x_wconf 89' lang='lat' dir='ltr'><strong>dispensare</strong></span> 
     </span>
     <span class='ocr_line' id='line_1_23' title="bbox 125 3379 1298 3490; baseline -0.001 -31"><span class='ocrx_word' id='word_1_151' title='bbox 125 3381 331 3489; x_wconf 83' lang='lat' dir='ltr'><strong>simulque</strong></span> <span class='ocrx_word' id='word_1_152' title='bbox 361 3381 588 3463; x_wconf 77' lang='lat' dir='ltr'><strong>habeantur</strong></span> <span class='ocrx_word' id='word_1_153' title='bbox 618 3383 796 3462; x_wconf 81' lang='lat' dir='ltr'><strong>rationes</strong></span> <span class='ocrx_word' id='word_1_154' title='bbox 825 3383 1068 3490; x_wconf 87' lang='lat' dir='ltr'><strong>saffieientes</strong></span> <span class='ocrx_word' id='word_1_155' title='bbox 1088 3379 1145 3460; x_wconf 84' lang='lat' dir='ltr'><strong>ad</strong></span> <span class='ocrx_word' id='word_1_156' title='bbox 1158 3386 1298 3490; x_wconf 88' lang='lat' dir='ltr'><strong>peten-</strong></span> 
     </span>
    </p>
   </div>
   <div class='ocr_carea' id='block_1_5' title="bbox 126 3512 1459 3628">
    <p class='ocr_par' dir='ltr' id='par_1_5' title="bbox 126 3512 1459 3628">
     <span class='ocr_line' id='line_1_24' title="bbox 126 3512 1459 3628; baseline 0 -34"><span class='ocrx_word' id='word_1_157' title='bbox 126 3515 229 3594; x_wconf 86' lang='lat' dir='ltr'><strong>dam</strong></span> <span class='ocrx_word' id='word_1_158' title='bbox 259 3521 296 3594; x_wconf 89' lang='lat' dir='ltr'><strong>et</strong></span> <span class='ocrx_word' id='word_1_159' title='bbox 326 3515 623 3628; x_wconf 78' lang='lat' dir='ltr'><strong>impetrandam</strong></span> <span class='ocrx_word' id='word_1_160' title='bbox 653 3516 1004 3627; x_wconf 77' lang='lat' dir='ltr'><strong>dispensationem,</strong></span> <span class='ocrx_word' id='word_1_161' title='bbox 1029 3513 1165 3594; x_wconf 92' lang='lat' dir='ltr'><strong>valida</strong></span> <span class='ocrx_word' id='word_1_162' title='bbox 1192 3512 1297 3594; x_wconf 84' lang='lat' dir='ltr'><strong>inter</strong></span> <span class='ocrx_word' id='word_1_163' title='bbox 1453 3565 1459 3606; x_wconf 81' lang='grc'><strong>,-</strong></span> 
     </span>
    </p>
   </div>
   <div class='ocr_carea' id='block_1_6' title="bbox 122 3647 1297 4560">
    <p class='ocr_par' dir='ltr' id='par_1_6' title="bbox 122 3647 1297 4560">
     <span class='ocr_line' id='line_1_25' title="bbox 126 3647 1294 3757; baseline -0.001 -28"><span class='ocrx_word' id='word_1_164' title='bbox 126 3673 204 3729; x_wconf 89' lang='lat' dir='ltr'><strong>eos</strong></span> <span class='ocrx_word' id='word_1_165' title='bbox 236 3657 355 3730; x_wconf 88' lang='lat' dir='ltr'><strong>erunt</strong></span> <span class='ocrx_word' id='word_1_166' title='bbox 383 3649 593 3757; x_wconf 89' lang='lat' dir='ltr'><strong>sponsalia</strong></span> <span class='ocrx_word' id='word_1_167' title='bbox 622 3648 701 3730; x_wconf 92' lang='lat' dir='ltr'><strong>sub</strong></span> <span class='ocrx_word' id='word_1_168' title='bbox 732 3649 809 3729; x_wconf 88' lang='lat' dir='ltr'><strong>hae</strong></span> <span class='ocrx_word' id='word_1_169' title='bbox 838 3647 1067 3730; x_wconf 81' lang='lat' dir='ltr'><strong>conditione</strong></span> <span class='ocrx_word' id='word_1_170' title='bbox 1087 3648 1196 3730; x_wconf 90' lang='lat' dir='ltr'><strong>edita</strong></span> <span class='ocrx_word' id='word_1_171' title='bbox 1220 3681 1238 3723; x_wconf 91' lang='grc'><em>(</em></span> <span class='ocrx_word' id='word_1_172' title='bbox 1259 3648 1294 3728; x_wconf 92' lang='lat' dir='ltr'><strong>si</strong></span> 
     </span>
     <span class='ocr_line' id='line_1_26' title="bbox 125 3779 1295 3892; baseline 0 -30"><span class='ocrx_word' id='word_1_173' title='bbox 125 3779 323 3864; x_wconf 88' lang='lat' dir='ltr'><strong>Pontifex</strong></span> <span class='ocrx_word' id='word_1_174' title='bbox 352 3783 687 3892; x_wconf 83' lang='lat' dir='ltr'><strong>dispensaverit»</strong></span> <span class='ocrx_word' id='word_1_175' title='bbox 722 3783 794 3863; x_wconf 90' lang='lat' dir='ltr'><strong>sed</strong></span> <span class='ocrx_word' id='word_1_176' title='bbox 824 3783 996 3864; x_wconf 91' lang='lat' dir='ltr'><strong>istorum</strong></span> <span class='ocrx_word' id='word_1_177' title='bbox 1037 3782 1295 3890; x_wconf 88' lang='lat' dir='ltr'><strong>sponsalium</strong></span> 
     </span>
     <span class='ocr_line' id='line_1_27' title="bbox 125 3912 1293 4024; baseline -0.002 -29"><span class='ocrx_word' id='word_1_178' title='bbox 125 3914 322 4000; x_wconf 86' lang='lat' dir='ltr'><strong>validitas</strong></span> <span class='ocrx_word' id='word_1_179' title='bbox 352 3923 452 3997; x_wconf 92' lang='lat' dir='ltr'><strong>tune</strong></span> <span class='ocrx_word' id='word_1_180' title='bbox 480 3915 670 4016; x_wconf 87' lang='lat' dir='ltr'><strong>habetur,</strong></span> <span class='ocrx_word' id='word_1_181' title='bbox 703 3915 867 4024; x_wconf 92' lang='lat' dir='ltr'><strong>quando</strong></span> <span class='ocrx_word' id='word_1_182' title='bbox 888 3915 1137 4023; x_wconf 86' lang='lat' dir='ltr'><strong>dispensatio</strong></span> <span class='ocrx_word' id='word_1_183' title='bbox 1160 3912 1293 3994; x_wconf 91' lang='lat' dir='ltr'><strong>extitit</strong></span> 
     </span>
     <span class='ocr_line' id='line_1_28' title="bbox 123 4047 1297 4160; baseline -0.004 -28"><span class='ocrx_word' id='word_1_184' title='bbox 123 4052 238 4132; x_wconf 88' lang='lat' dir='ltr'><strong>sicut</strong></span> <span class='ocrx_word' id='word_1_185' title='bbox 268 4049 500 4131; x_wconf 78' lang='lat' dir='ltr'><strong>verificatur</strong></span> <span class='ocrx_word' id='word_1_186' title='bbox 530 4049 573 4128; x_wconf 92' lang='lat' dir='ltr'><strong>in</strong></span> <span class='ocrx_word' id='word_1_187' title='bbox 598 4047 815 4156; x_wconf 90' lang='lat' dir='ltr'><strong>quibusvis</strong></span> <span class='ocrx_word' id='word_1_188' title='bbox 835 4047 1100 4160; x_wconf 88' lang='lat' dir='ltr'><strong>sponsalibus</strong></span> <span class='ocrx_word' id='word_1_189' title='bbox 1120 4047 1199 4127; x_wconf 93' lang='lat' dir='ltr'><strong>sub</strong></span> <span class='ocrx_word' id='word_1_190' title='bbox 1221 4047 1297 4127; x_wconf 92' lang='lat' dir='ltr'><strong>ho-</strong></span> 
     </span>
     <span class='ocr_line' id='line_1_29' title="bbox 126 4181 1295 4292; baseline -0.003 -28"><span class='ocrx_word' id='word_1_191' title='bbox 126 4193 250 4265; x_wconf 87' lang='lat' dir='ltr'><strong>nesta</strong></span> <span class='ocrx_word' id='word_1_192' title='bbox 270 4192 309 4264; x_wconf 89' lang='lat' dir='ltr'><strong>et</strong></span> <span class='ocrx_word' id='word_1_193' title='bbox 328 4181 513 4292; x_wconf 89' lang='lat' dir='ltr'><strong>possibili</strong></span> <span class='ocrx_word' id='word_1_194' title='bbox 534 4181 766 4263; x_wconf 85' lang='lat' dir='ltr'><strong>conditione</strong></span> <span class='ocrx_word' id='word_1_195' title='bbox 786 4182 922 4282; x_wconf 79' lang='lat' dir='ltr'><strong>editis,</strong></span> <span class='ocrx_word' id='word_1_196' title='bbox 946 4207 1051 4289; x_wconf 87' lang='lat' dir='ltr'><strong>quae</strong></span> <span class='ocrx_word' id='word_1_197' title='bbox 1073 4181 1295 4288; x_wconf 89' lang='lat' dir='ltr'><strong>adimpleta</strong></span> 
     </span>
     <span class='ocr_line' id='line_1_30' title="bbox 123 4311 1295 4422; baseline -0.008 -22"><span class='ocrx_word' id='word_1_198' title='bbox 123 4315 361 4400; x_wconf 80' lang='lat' dir='ltr'><strong>conditione</strong></span> <span class='ocrx_word' id='word_1_199' title='bbox 393 4313 625 4396; x_wconf 87' lang='lat' dir='ltr'><strong>firmantur.</strong></span> <span class='ocrx_word' id='word_1_200' title='bbox 660 4313 954 4422; x_wconf 88' lang='lat' dir='ltr'><strong>Unusquisque</strong></span> <span class='ocrx_word' id='word_1_201' title='bbox 974 4313 1155 4422; x_wconf 90' lang='lat' dir='ltr'><strong>profeeto</strong></span> <span class='ocrx_word' id='word_1_202' title='bbox 1176 4311 1295 4394; x_wconf 92' lang='lat' dir='ltr'><strong>intel-</strong></span> 
     </span>
     <span class='ocr_line' id='line_1_31' title="bbox 122 4445 1297 4560; baseline -0.006 -28"><span class='ocrx_word' id='word_1_203' title='bbox 122 4451 216 4560; x_wconf 89' lang='lat' dir='ltr'><strong>ligit</strong></span> <span class='ocrx_word' id='word_1_204' title='bbox 250 4449 612 4534; x_wconf 87' lang='lat' dir='ltr'><strong>rationabilitatem</strong></span> <span class='ocrx_word' id='word_1_205' title='bbox 643 4447 949 4548; x_wconf 91' lang='lat' dir='ltr'><strong>limitationum,</strong></span> <span class='ocrx_word' id='word_1_206' title='bbox 983 4475 1088 4557; x_wconf 89' lang='grc' dir='ltr'><strong>(ἃᾶἃᾶ</strong></span> <span class='ocrx_word' id='word_1_207' title='bbox 1111 4445 1297 4554; x_wconf 89' lang='lat' dir='ltr'><strong>proposi-</strong></span> 
     </span>
    </p>
   </div>
   <div class='ocr_carea' id='block_1_7' title="bbox 0 0 1572 5138">
    <p class='ocr_par' dir='ltr' id='par_1_7' title="bbox 0 0 1572 5138">
     <span class='ocr_line' id='line_1_32' title="bbox 0 0 1572 5138; baseline 0 3"><span class='ocrx_word' id='word_1_208' title='bbox 0 0 1572 5138; x_wconf 95' lang='lat' dir='ltr'><strong> </strong></span> 
     </span>
    </p>
   </div>
  </div>
 </body>
</html>
