3356 5118
579 394 679 440 mua
700 394 732 438 v,
759 411 799 422 -
825 393 964 440 rmunos
987 393 1087 439 xxxn.
1357 368 1424 435 323

239 519 408 602 infamis
439 547 465 599 a
495 544 574 598 suo
596 518 730 598 officio
754 519 1009 598 amovendus
1030 525 1106 616 est,
1143 521 1267 623 prout
1297 515 1425 597 habe-

238 663 307 738 tur
338 655 378 733 in
410 681 502 763 cop.
539 657 583 745 6,
608 651 649 730 h.
680 659 710 732 t.
747 656 808 732 4.⁰
841 652 885 730 Si
916 651 1051 732 clerici
1083 651 1238 732 subditi
1271 657 1424 756 negant

238 791 492 898 Episcopum
533 813 623 866 esse
661 786 893 886 dominum,
927 813 1002 866 seu
1034 795 1240 892 pastorem
1277 813 1419 886 suum,

238 933 278 1005 et
309 923 351 1003 in
391 947 521 1003 causa
561 920 766 1028 spirituali
808 947 904 1000 eum
945 919 1116 1000 trahunt
1151 918 1204 998 ad
1240 918 1421 1026 judicem

239 1056 522 1157 saecularem,
566 1055 630 1134 vel
671 1053 890 1135 consilium
932 1055 1129 1162 praebent
1169 1052 1422 1133 adversariis

239 1189 424 1296 ejusdem
447 1197 591 1268 contra
614 1188 752 1294 ipsum
774 1187 1042 1294 Episcopum,
1068 1213 1119 1265 exw
1142 1213 1223 1292 quo
1246 1214 1422 1270 excessu

237 1322 467 1430 deponendi
509 1328 622 1419 sunt,
658 1329 698 1401 et
727 1320 889 1422 officiis,
935 1330 1059 1427 atque
1090 1319 1302 1398 beneficiis
1340 1319 1424 1426 pri-

238 1455 376 1556 vandi,
411 1464 533 1562 prout
563 1453 723 1534 eruitur
744 1479 793 1534 ex
815 1481 905 1565 cap.
935 1456 1196 1536 Graocmina
1217 1454 1289 1546 15,
1316 1453 1357 1533 h.
1385 1462 1415 1537 t.

296 1589 490 1668 Caeteros
521 1587 624 1666 alios
655 1614 850 1668 excessus
881 1589 1142 1669 subditorum
1175 1585 1241 1667 hic
1278 1615 1423 1668 recen·

236 1747 327 1802 sere
367 1723 639 1820 abstinemus
682 1747 730 1801 eo
762 1723 871 1829 quod
914 1749 1001 1821 em,
1042 1747 1278 1830 poenasque
1320 1721 1422 1830 ipsis

238 1855 454 1964 impositas
485 1856 643 1963 passim
676 1855 718 1934 in
746 1855 841 1962 jure
872 1857 1067 1964 reperies,

602 2259 842 2342 TITULUS
872 2261 1049 2342 XXXII.

494 2529 557 2608 De
587 2529 682 2608 noui
714 2527 851 2638 operis
881 2528 1160 2610 appelatione.

322 2793 441 2873 Sicut
479 2791 521 2869 in
563 2790 747 2898 profanis
784 2792 877 2896 jure
918 2791 1026 2872 'civili
1064 2791 1254 2874 nunciari
1288 2801 1423 2902 potest

235 2953 391 3008 novum
432 2952 553 3032 epae,
589 2923 646 3003 ita
682 2923 806 3003 eliam
839 2925 880 3002 in
912 2925 1213 3007 Ecclesiasticis
1247 2927 1296 3007 de
1324 2927 1417 3034 jure

235 3060 432 3142 canonico
450 3059 491 3138 id
508 3058 745 3162 contingere
763 3065 908 3164 polest,
925 3059 961 3137 si
981 3085 1064 3138 una
1085 3060 1272 3140 Ecclesia
1294 3089 1346 3140 ex
1369 3089 1414 3167 g.

236 3193 278 3271 in
304 3191 603 3299 praejudicium
627 3189 797 3272 alterius
819 3217 973 3270 novum
1004 3191 1239 3272 aedificium
1263 3193 1420 3299 erigere

235 3325 371 3406 vellet.
407 3325 497 3404 Hac
528 3325 577 3404 de
608 3351 652 3404 re
683 3324 733 3404 Β.
770 3323 1047 3433 Raymundus
1080 3325 1186 3405 inter
1216 3353 1416 3407 excessus

236 3459 527 3540 Praelatorum
557 3459 682 3540 etiam
715 3459 824 3539 istud
857 3463 1042 3540 recenset
1075 3468 1335 3568 praesentem
1367 3459 1418 3541 ti-

235 3591 372 3672 tulum
404 3593 670 3673 subnectens,

323 3723 547 3806 Nunciatio
579 3727 675 3807 novi
707 3724 844 3834 operis
875 3724 917 3806 in
948 3754 992 3808 re
1023 3733 1164 3808 nostra
1185 3727 1285 3808 nihil
1304 3728 1416 3810 aliud

233 3867 314 3960 est,
340 3861 419 3940 nisi
452 3861 674 3968 prohibitio
697 3860 943 3942 aedificandi
965 3889 1116 3943 novam
1138 3863 1318 3972 aliquam
1342 3865 1420 3945 Ec-

234 3991 406 4075 clesiam
447 3995 488 4074 in
532 3997 747 4095 damnum,
785 4005 825 4078 et
864 3997 1164 4105 praejudicium
1207 3998 1420 4080 Ecclesiae

229 4127 317 4235 jam
361 4129 591 4212 existentis.
636 4131 849 4212 Damnum
890 4132 988 4234 hoc,
1033 4133 1073 4214 el
1118 4134 1419 4242 praejudicium

235 4263 479 4372 multiplicis
511 4265 673 4372 generis
695 4293 787 4347 esse
810 4275 960 4375 potest,
986 4267 1320 4376 quandoquidem
1341 4269 1420 4351 Eo-

234 4397 361 4480 clesia
386 4399 474 4508 jam
507 4401 685 4483 existens
722 4409 858 4511 potest
877 4404 1020 4485 timere
1040 4402 1342 4515 praejudicium
1364 4403 1417 4484 ab
