3386 5126
551 401 652 446 muc
674 401 705 446 v.
731 415 774 432 -·
797 399 936 448 rrrucus
958 399 1004 447 vr.
1306 379 1371 446 173

196 531 270 610 dos
311 528 463 610 tributo
495 525 803 632 evangelizandi
825 523 959 606 officio
990 532 1276 633 susceperunt,
1312 525 1370 608 uti

197 663 356 744 Paulus
374 662 481 742 idem
498 668 673 742 testatur
694 660 735 740 in
758 659 932 768 epistola
952 660 1004 740 ad
1021 659 1190 740 Galatas
1211 685 1300 770 cap.
1322 663 1367 751 2,

197 825 279 878 non
310 796 474 904 quidem
506 802 552 875 ut
582 795 733 876 invitos
764 801 958 901 cogerent
987 794 1038 874 ad
1061 793 1372 901 suscipiendum

198 929 458 1038 baptismatis
488 937 810 1030 sacramentum,
845 936 885 1010 et
916 953 1065 1043 nomen
1087 926 1250 1007 Christo
1272 927 1373 1007 dan-

196 1065 312 1166 dum,
346 1063 418 1144 sed
450 1069 495 1144 ut
525 1063 728 1171 exempla
765 1061 1081 1170 praedicatione,
1116 1087 1165 1142 ao
1205 1057 1373 1140 monitis

199 1196 431 1278 invitarent.
471 1197 574 1306 Cap.
611 1201 656 1288 9,
690 1195 934 1303 dejadoeis.
961 1194 1048 1277 Nec
1073 1193 1288 1276 dissimilis
1305 1191 1373 1300 ju·

197 1331 304 1437 giter
343 1330 420 1412 luit
464 1329 849 1412 Ecclesiastioorum
881 1329 1123 1411 Antistitum
1165 1354 1280 1428 cura,
1325 1353 1389 1409 ac-

197 1464 445 1566 sollioitudo‚
469 1465 640 1566 scilicet,
666 1473 712 1546 ut
732 1464 882 1546 Christi
905 1465 1006 1545 fides
1027 1489 1152 1572 quam
1174 1462 1373 1544 latissime

198 1599 487 1679 extenderetur
509 1599 632 1706 juxta
663 1597 947 1704 evangelicum
975 1597 1074 1678 illud
1102 1595 1368 1678 mandatum:

199 1734 259 1850 lte
290 1734 332 1814 in
362 1734 593 1815 uniuersum
624 1733 833 1825 mundam,
847 1731 1091 1844 praedicate
1121 1711 1374 1839 euangelium

199 1867 311 1948 omni
330 1874 558 1949 creaturae.

285 1998 410 2081 Hisce
451 1999 588 2107 potius
625 2001 676 2081 ad
708 1999 998 2100 eruditionem,
1032 2025 1154 2106 quam
1187 1997 1372 2079 necessi-

199 2136 324 2212 tatem
356 2131 596 2237 praemissis
628 2131 766 2236 quaeri
799 2131 968 2212 hicnon
991 2130 1195 2211 immerito
1217 2137 1370 2236 potest:

200 2288 296 2344 cum
327 2261 531 2369 legislatio
561 2261 852 2343 Ecclesiastica
882 2288 964 2342 non
986 2263 1191 2369 respiciat,
1217 2288 1292 2342 nec
1313 2287 1374 2341 re-

199 2396 355 2504 spicere
385 2395 531 2502 possit‚
557 2393 634 2473 nisi
657 2420 855 2501 personas
893 2395 1030 2503 aliquo
1052 2395 1173 2476 modo
1195 2421 1220 2474 a
1240 2422 1285 2475 se
1306 2395 1377 2474 de-

201 2530 438 2637 pendentes²
473 2527 618 2610 curin
650 2527 727 2608 hoo
758 2527 876 2610 titulo
907 2527 957 2610 B.
998 2525 1273 2638 Raymundus
1304 2555 1373 2610 re-

201 2662 358 2770 spicere
369 2661 499 2743 voluit
510 2662 700 2769 judaeoS,
720 2669 760 2743 et
776 2688 1010 2763 saracenos
1030 2664 1100 2770 qui
1122 2661 1377 2772 baptismum

204 2819 284 2874 non
315 2802 567 2901 receperunt,
605 2793 777 2903 ideoque
809 2796 860 2874 ab
879 2797 969 2902 ipsa
985 2795 1210 2876 nullimode
1226 2795 1378 2902 depen-

203 2927 313 3028 dent,
333 2927 492 3008 dicente
508 2927 709 3036 Apostolo
726 2928 765 3020 1,
786 2927 842 3006 od
862 2927 1096 3010 Corinthios
1112 2931 1156 3022 5,
1178 2955 1282 3012 cers.
1297 2930 1374 3020 52,

200 3111 252 3122 -
277 3059 385 3150 Quid
415 3059 519 3140 mihi
550 3067 606 3142 est
638 3059 688 3140 de
720 3059 818 3150 illia,
853 3061 924 3165 qui
942 3060 1060 3168 foris
1079 3067 1171 3141 sunt
1199 3059 1295 3164 (lroc
1316 3066 1379 3140 est

203 3199 320 3272 extra
350 3191 597 3300 Ecclesiam)
614 3192 840 3298 judicare?
862 3191 971 3272 Huic
993 3193 1119 3272 dubio
1141 3191 1377 3299 responderi

206 3330 353 3430 potest,
379 3322 488 3405 liuno
516 3323 729 3405 tituluma
759 3323 808 3406 B.
834 3321 1084 3431 Raymundo
1105 3323 1171 3406 hic
1198 3323 1379 3430 positum

205 3457 333 3538 luisse
363 3483 446 3537 non
477 3458 527 3538 ad
565 3457 820 3538 innuendum
854 3456 1132 3538 infidelitatem
1164 3481 1237 3563 per
1267 3457 1380 3564 ipsos

206 3587 330 3668 veluti
361 3589 675 3694 repraesentari,
710 3589 781 3670 sed
815 3589 1035 3698 praecipue
1062 3589 1110 3671 ad
1133 3587 1379 3698 patefacien-

205 3721 320 3822 dum,
340 3720 460 3828 quale
477 3723 786 3824 commercium,
807 3731 848 3812 et
867 3723 1001 3832 qualis
1024 3723 1121 3805 unio
1142 3745 1233 3805 esse
1251 3722 1381 3832 possit

207 3855 311 3934 inter
333 3853 604 3953 Christianos
639 3862 677 3936 et
697 3855 912 3955 lnledeleS,
936 3884 1011 3939 scu
1033 3857 1085 3938 ad
1107 3855 1382 3938 determinan-

206 3985 301 4066 dam
319 3984 579 4068 tolerantiam
597 3989 648 4070 ab
668 3989 854 4071 Ecclesia
871 3991 1095 4072 adhibitam
1113 4017 1213 4098 erga
1228 3990 1379 4097 hujus-

205 4119 316 4200 modi
334 4120 535 4223 lnfideleS‚
556 4124 662 4204 etad
679 4124 996 4226 ostendendum,
1015 4123 1243 4206 Ecclesiam
1261 4148 1383 4203 num-

208 4278 332 4360 quam
358 4253 410 4352 vi,
435 4261 475 4336 et
502 4253 630 4337 armis
662 4255 900 4364 religionem
925 4257 987 4337 eis
1006 4257 1269 4366 imposuisse.
1294 4257 1377 4339 Lo-
