3386 5126
555 424 655 472 mamr
679 423 708 470 v.
732 441 775 456 -
798 425 938 473 memus
960 426 1016 473 vn.
1306 404 1392 470 201¹

192 560 445 664 primentes,
498 561 536 634 et
585 551 881 661 quomodolibet
929 553 1203 662 defendentes.
1258 553 1366 632 Hinc

198 686 434 796 hujusmodi
470 685 563 766 libri
604 685 685 792 legi
727 692 934 793 nequeunt
968 686 1057 765 sinc
1099 694 1282 792 peccato,
1327 692 1369 764 at

199 819 573 904 excommunicatio
604 846 675 900 eos
704 820 991 901 tantummodo
1021 819 1148 899 libros
1169 817 1365 926 percellit,

197 957 266 1065 qui
290 955 534 1038 nominatim
557 955 609 1035 ab
631 953 881 1062 Apostolicis
902 953 1032 1036 literis
1062 935 1245 1033 damnati
1277 950 1367 1032 lue-

197 1089 292 1172 rint.
337 1090 456 1171 Patet
495 1087 590 1172 hinc
629 1085 881 1188 immutatio,
925 1095 967 1168 ct
1008 1086 1204 1168 correctio
1244 1083 1368 1165 ctiam

197 1225 332 1332 quoad
374 1223 596 1322 secundae,
639 1229 678 1302 et
718 1220 860 1302 tertiae
895 1219 1042 1301 classis
1073 1219 1215 1299 libros

284 1358 442 1439 Verum
465 1364 511 1437 ut
531 1354 751 1464 prohibitio
782 1354 956 1435 istorum
987 1353 1186 1434 librorum
1208 1357 1369 1456 urgeat,

197 1491 421 1599 requiritur
461 1487 633 1570 scientia
673 1486 975 1596 prohibitioniS,
1010 1486 1104 1568 hinc
1135 1511 1160 1564 a
1194 1507 1370 1564 censura

196 1631 368 1707 excusat
409 1623 642 1730 ignorantia
683 1622 804 1704 etiam
847 1647 1000 1721 crassa,
1037 1630 1077 1702 et
1107 1614 1371 1727 probabiliter

196 1758 319 1840 etiam
359 1757 564 1858 affectata,
608 1757 832 1862 dummodo
873 1755 1018 1863 procul
1059 1753 1167 1834 absit
1206 1748 1369 1833 temeri-

195 1901 274 1991 taS,
309 1918 414 2001 quae
454 1891 757 1975 contumaciam
791 1890 831 1970 in
863 1889 1050 1971 censuris
1091 1884 1366 1968 necessariam

195 2026 357 2106 revelet.
384 2027 467 2106 Sed
488 2025 584 2132 quid
607 2025 773 2106 tandem
794 2024 1016 2105 dicendum
1038 2024 1088 2103 de
1111 2021 1368 2102 absolutionc

195 2158 246 2238 ab
279 2157 465 2237 haeresil
500 2157 560 2236 De
592 2155 669 2234 hac
700 2180 877 2262 sequens
908 2154 1091 2262 loquitur
1113 2153 1312 2234 articulus

420 2537 421 2542 ‘
466 2515 530 2594 De
561 2511 814 2592 absolutione
842 2509 893 2590 ob
925 2508 1101 2594 haeresi.

282 2822 337 2904 Ut
368 2821 560 2930 cognosci
592 2821 736 2930 possit,
769 2821 938 2929 quinam
961 2821 1172 2905 absolvero
1194 2824 1246 2904 ab
1268 2822 1365 2905 hae·

194 2955 273 3037 resi
291 2956 440 3058 valeat,
460 2955 761 3064 inspiciendum
772 2963 849 3052 est,
865 2962 1003 3035 utrum
1017 2956 1171 3037 crimen
1185 2957 1367 3038 haeresis

195 3090 404 3170 occultum
446 3089 581 3170 adhuc
621 3089 689 3187 sit,
723 3095 763 3168 et
803 3089 854 3169 ad
897 3087 1030 3169 lorum
1068 3091 1368 3171 contentiosum

195 3222 379 3303 nondum
410 3223 646 3321 deductum,
683 3249 733 3302 an
766 3230 907 3303 contra
938 3220 1087 3302 adhoc
1122 3223 1360 3306 deductum.

195 3355 239 3436 Si
280 3354 476 3463 primum,
506 3354 598 3462 jure
639 3353 861 3447 ordinario,
905 3364 945 3436 et
984 3353 1364 3461 praescindendoa

195 3487 444 3596 specialibus
475 3487 715 3596 privilegiis,
741 3487 953 3568 absolvere
976 3489 1027 3568 ab
1049 3486 1207 3568 haeresi
1231 3493 1365 3594 potest

195 3619 310 3700 solus
332 3619 532 3702 Summus
554 3619 757 3721 Pontifex,
782 3619 847 3701 oui
871 3619 1076 3702 absolutio
1098 3619 1208 3702 illius
1236 3646 1366 3702 reser-

195 3761 290 3835 vata
320 3761 383 3835 cst
411 3753 569 3836 ratione
599 3753 1037 3836 excommunicationis
1068 3755 1123 3834 illi
1162 3779 1361 3836 annexae.

195 3885 240 3964 Si
272 3913 368 3968 vero
398 3889 644 3988 secundum,
667 3895 765 3970 tunc
796 3890 847 3970 ab
870 3887 1045 3990 haeresi,
1065 3897 1105 3970 et
1126 3915 1367 3970 excommu-

194 4018 399 4101 nicatione
430 4022 506 4129 ipsi
540 4047 703 4104 annexa
732 4050 806 4132 pro
838 4023 924 4105 loro
962 4022 1235 4105 conscientiae
1256 4050 1305 4104 ex
1325 4023 1364 4102 vi

195 4152 424 4236 Tridentini
443 4154 719 4239 Conciliisess.
741 4160 819 4250 24,
843 4159 946 4268 Cap.
968 4163 1012 4250 6,
1032 4163 1165 4265 potest
1186 4154 1246 4236 1.θ
1264 4157 1373 4268 Epi-

194 4314 356 4400 scopus,
391 4292 454 4371 25³
487 4293 724 4402 Capitulum
753 4292 857 4374 Sede
878 4301 1062 4386 coeunte,
1089 4293 1151 4373 3.⁰
1174 4291 1373 4374 Proeloti

199 4423 420 4531 inferiores
435 4423 763 4532 jurisdictionem
786 4425 1052 4529 ordinariam,
1078 4433 1116 4511 et
1136 4427 1254 4536 quasi
1272 4425 1375 4534 Epi-
