3264 5146
295 467 334 528 {b
581 478 872 529 ranunncrmuns
895 479 987 532 touls
1012 478 1179 530 cruorum

298 611 532 715 subsequens
563 609 870 688 matrimonium
893 609 968 688 etsi
986 608 1229 717 simpliciter
1250 615 1386 686 rutum
1407 633 1459 684 ex

300 767 389 851 enp.
417 744 464 822 31
492 740 587 822 lut.
596 742 861 841 ‚dissolvunt
846 748 912 822 tur
907 740 1141 889 sponsalia
1161 749 1232 822 ant
1217 739 1409 822 tt'eoeden
1384 748 1456 839 t,1a

296 880 419 980 prout
404 873 603 954 tmelius
643 880 821 983 exponet
823 881 933 954 urtr
921 875 1080 972 u.;rv
1114 873 1306 982 qnoniam
1338 901 1463 982 spon·

296 1006 447 1088 salium
468 1007 758 1114 adimplement
760 1033 831 1088 um
851 1007 983 1088 reddit
968 1016 1034 1089 tur
1055 1007 1363 1115 impossibilet
1324 1034 1345 1088 s
1364 1015 1434 1088 ant
1438 1035 1459 1088 e

296 1139 373 1219 hoc
403 1139 609 1246 conjugio.
644 1141 712 1218 An
744 1165 839 1220 vero
870 1165 918 1218 eo
959 1139 1220 1220 matrimonio
1260 1140 1459 1221 dissoluto

297 1271 514 1354 reviviscat
543 1272 676 1379 prima
708 1271 964 1379 sponsalium
994 1272 1204 1379 obligatio,
1227 1281 1460 1355 coirtrover-

296 1405 395 1487 titur
412 1407 516 1487 inter
531 1407 743 1488 Doctores:
766 1405 1015 1514 probabilior
1031 1414 1167 1488 tamen
1184 1408 1343 1488 videtur
1364 1435 1458 1488 sen-

297 1539 423 1620 tentia
438 1539 697 1640 affirmativa,
718 1567 814 1622 cum
832 1546 1018 1620 cessante
1039 1541 1250 1621 obstaculo
1272 1541 1456 1622 naturale

297 1673 351 1753 sit
370 1673 558 1780 quodvis
580 1674 771 1782 antiquae
795 1673 1081 1780 promissionis
1103 1673 1250 1754 iterum
1274 1674 1423 1782 vigeat.
1438 1721 1459 1736 ·

297 1805 359 1913 (d)
391 1807 653 1890 resolvuntur
692 1807 845 1916 pariter
879 1834 957 1916 per
988 1807 1204 1888 discessum
1233 1809 1370 1918 sponsi
1400 1810 1459 1888 oet

295 1939 547 2022 domicilium
577 1949 736 2021 mutere
767 1941 931 2020 colentis
956 1940 1015 2020 oel
1035 1941 1145 2020 brari
1174 1968 1253 2020 non
1284 1939 1459 2022 redituri

297 2099 348 2151 ex
370 2101 460 2184 cup.
484 2079 508 2154 5
531 2074 572 2155 b.
599 2083 644 2172 t.,
671 2074 749 2154 hoc
769 2074 878 2154 enim
900 2101 1000 2156 casu
1021 2074 1197 2154 nimium
1217 2083 1457 2223 gravaretur

295 2236 449 2314 sponsa
478 2235 582 2316 quae
610 2209 674 2289 vel
705 2207 959 2289 domicilium
990 2215 1078 2288 mut
1080 2233 1164 2309 are,
1188 2208 1252 2288 vel
1282 2208 1455 2288 nimium

296 2347 439 2447 expect
441 2367 510 2422 are
541 2349 696 2422 ttenere
698 2369 806 2422 ur.-
827 2343 867 2447 (e
870 2341 884 2448 )
846 2341 993 2422 ePer
1014 2340 1337 2448 fornicationem
1366 2343 1458 2421 sub-

295 2481 534 2580 sequentem,
559 2482 754 2582 quaet
685 2476 754 2555 dat
779 2475 947 2556 facultat
889 2481 1013 2555 ttem
1043 2483 1133 2583 part
1136 2475 1147 2554 i
1169 2475 1373 2557 innocenti
1393 2503 1458 2556 re·

296 2605 456 2687 siliendi
479 2635 503 2688 a
523 2607 602 2688 fide
618 2607 873 2716 sponsalium
890 2607 1011 2714 juxta
1031 2617 1173 2689 notum
1190 2607 1450 2716 principium:

301 2741 537 2848 «frangenti
568 2742 707 2841 fidem,
736 2743 838 2823 fides
869 2743 1081 2850 frangatur
1111 2743 1256 2824 eidem.
1278 2776 1295 2819 »
1319 2743 1455 2850 Atque

296 2901 348 2954 ex
369 2874 445 2956 hac
467 2885 551 2956 tam
567 2874 654 2954 viro
676 2901 801 2983 quam
817 2875 977 2955 mulieri
999 2877 1119 2956 datur
1134 2875 1205 2982 jus
1225 2877 1450 2957 recedendi.

295 3007 415 3100 Quod
446 3007 681 3088 canonistas
710 3005 983 3088 communiter
1013 3008 1236 3088 extendunt
1256 3009 1309 3088 ad
1331 3008 1456 3088 lomi-

295 3142 497 3222 cationem
528 3140 800 3249 spiritualem,
833 3147 933 3246 puta
963 3139 1179 3242 haeresim,
1205 3139 1452 3248 apostasiam

296 3281 334 3354 et
356 3273 551 3356 schisma.
578 3275 718 3382 Longe
750 3268 866 3354 aliter
895 3299 987 3354 meo
1013 3272 1167 3380 judicio
1197 3274 1455 3355 retinendum,

296 3415 358 3489 est
379 3409 427 3488 de
450 3409 715 3490 fornicatione
744 3407 1020 3507 antecedente,
1044 3435 1147 3516 quae
1167 3409 1300 3516 inagis
1321 3407 1456 3515 impu-

295 3547 406 3621 tatur
426 3550 466 3623 et
489 3551 608 3623 nocet
638 3543 816 3643 mulieri,
840 3569 963 3650 quam
986 3543 1086 3643 vire,
1111 3549 1156 3623 ut
1179 3571 1289 3624 nunc
1318 3550 1454 3626 osten·

296 3675 428 3756 detur.
462 3720 483 3737 -
523 3675 583 3782 (f)
626 3675 785 3757 Pariter
818 3705 896 3788 per
934 3677 1150 3758 notabilem
1189 3679 1450 3760 nudationem

295 3811 437 3908 enimi,
469 3812 651 3921 eorporis
682 3819 754 3891 aut
775 3813 978 3921 fortunae
1005 3816 1342 3924 supervenientem
1371 3815 1454 3894 aine

297 3942 590 4024 antecedentem
619 3943 690 4024 sed
718 3971 798 4022 non
828 3947 1028 4053 eopnitnm
1050 3973 1099 4027 ex
1119 3974 1208 4058 onp.
1233 3949 1288 4027 25
1312 3947 1361 4028 de
1378 3949 1454 4054 ju·

295 4075 530 4182 rq'urundo.
565 4077 759 4159 Traditur
795 4077 997 4184 siquidem
1028 4079 1069 4158 in
1100 4107 1148 4162 eo
1188 4081 1320 4188 capite
1349 4079 1455 4160 duas

296 4211 547 4293 conditiones
569 4211 611 4292 in
632 4212 779 4320 quavis
799 4211 1071 4320 promissione
1091 4239 1252 4362 sempor
1267 4241 1357 4296 esse
1378 4215 1456 4294 im·

295 4342 469 4450 plicibus,
503 4351 788 4454 compa-1⁰
815 4345 950 4426 valere
980 4346 1294 4495 promissionem
1322 4350 1360 4428 si
1390 4373 1454 4427 res

297 4484 402 4579 sunt,
443 4479 547 4560 sieut
587 4487 854 4591 apparenm·
835 4481 925 4558 ··02
954 4479 1267 4586 promissionem
1297 4481 1449 4589 vigere,
