3356 5118
440 413 538 458 maa
560 413 592 457 ν.
618 429 658 438 -
683 403 821 458 rrrueus
844 411 975 457 xxxvn.
1230 393 1297 460 349

118 545 198 639 est,
242 537 396 618 scilicet
438 537 610 618 verbalis
642 562 740 628 una,
767 537 893 618 realis
924 536 1067 618 altera.
1104 539 1294 620 Verbalis

118 683 184 754 est
218 697 281 771 ea,
317 697 399 779 qua
430 670 631 777 ejusmodi
661 669 903 776 privationis
924 670 1126 751 sententia
1146 671 1296 754 solem-

118 805 238 902 niter,
275 814 316 886 et
341 802 575 886 authentice
608 803 910 911 promulgatur,
945 803 1117 911 ideoque
1148 804 1296 886 dicitur

118 939 247 1019 etiam
275 938 544 1020 sententialis.
581 937 720 1019 Realis
743 963 853 1039 vero,
880 964 985 1046 quae
1006 937 1130 1018 etiam
1151 945 1296 1020 actua-

120 1074 190 1172 lis,
214 1081 253 1154 et
277 1073 467 1154 solemnis
497 1072 647 1154 dicitur
676 1099 725 1153 ea
755 1082 833 1172 est,
866 1100 949 1182 qua
983 1073 1209 1154 sententiae
1240 1073 1297 1156 ita

119 1205 228 1287 latae
259 1206 305 1286 fit
326 1206 512 1287 executio
539 1206 660 1312 juxta
691 1206 817 1287 ritum
844 1215 1047 1288 statutum
1074 1208 1177 1316 Cap.
1212 1209 1296 1287 De-

118 1339 314 1449 9rodotc'o
336 1340 376 1420 b.
404 1347 430 1421 t.
459 1343 501 1421 in
522 1345 567 1422 6.
594 1339 739 1420 Differt
770 1349 907 1421 autem
940 1341 1177 1447 degradatio
1204 1367 1295 1421 ver·

120 1475 228 1554 balis
259 1501 285 1554 a
314 1474 578 1585 depositione,
612 1473 710 1580 quia
740 1499 765 1552 a
795 1473 996 1555 sententia
1026 1473 1295 1582 depositionis

120 1605 357 1689 immediate
387 1608 553 1689 transiri
586 1607 725 1714 nequit
756 1608 805 1688 ad
838 1607 1175 1713 degradationem
1207 1607 1295 1688 sine

120 1767 230 1821 nova
259 1741 463 1822 sententia
489 1740 818 1846 degradationis:
854 1741 957 1822 bene
979 1767 1073 1821 vero
1095 1768 1120 1822 a
1141 1741 1295 1848 degra-

120 1875 285 1956 datione
319 1874 470 1955 verbali
503 1877 554 1954 ad
586 1874 756 1955 realem.

209 2009 374 2090 Rursus
396 2007 530 2090 differt
551 2009 788 2116 degradatio
810 2009 983 2090 cerbatis
1005 2035 1030 2088 a
1052 2011 1173 2102 reali,
1198 2010 1296 2117 quia

122 2141 300 2222 verbalis
339 2141 428 2222 fieri
468 2148 602 2249 potest
642 2143 693 2222 ab
734 2143 939 2250 Episcopo
978 2143 1116 2222 solum
1147 2143 1297 2222 confir·

117 2285 233 2356 mato
265 2275 448 2356 noudum
480 2281 732 2374 consecrat0,
767 2275 1003 2383 etquidem
1036 2274 1097 2353 vel
1131 2301 1291 2381 perse,

118 2409 185 2490 vel
216 2436 289 2517 per
319 2408 463 2508 alium,
483 2409 658 2488 exercite
681 2435 761 2488 non
783 2407 887 2488 tollit
908 2407 1168 2517 privilegium
1201 2408 1290 2508 lori,

118 2553 159 2625 et
195 2529 380 2643 canoniS,
426 2551 465 2624 et
506 2541 724 2622 verbaliter
759 2542 1029 2648 degradatum
1066 2541 1295 2650 Episcopus

118 2677 335 2756 restituere
367 2681 524 2781 potest;
559 2683 745 2754 econtra
775 2674 1011 2781 degradatio
1046 2675 1170 2756 realis
1207 2675 1294 2756 fieri

120 2808 241 2890 debet
271 2809 323 2887 ab
355 2807 559 2914 Episcopo
601 2815 854 2908 consecratu,
897 2808 1017 2916 cujus
1057 2808 1189 2890 ordini
1234 2816 1296 2890 est

121 2945 282 3024 adnexa
312 2969 362 3022 ex
396 2948 610 3050 praecepto
642 2940 866 3038 Ecclesiae,
900 2949 939 3021 el
965 2944 1141 3024 exercite
1164 2943 1296 3050 privat

121 3075 334 3184 privilegio
366 3074 458 3175 fori,
483 3085 523 3158 et
545 3075 730 3173 canonis,
755 3074 812 3154 ita
838 3083 884 3153 ut
905 3073 1035 3155 instar
1061 3077 1192 3155 laicus
1223 3076 1298 3158 ha·

122 3212 281 3309 beatur,
307 3208 394 3314 ipse
425 3219 562 3290 tamen
590 3209 803 3290 character
823 3208 899 3288 SS.
925 3209 1132 3309 ordinum,
1158 3209 1290 3317 quiin

122 3343 262 3424 anima
292 3341 556 3450 imprimitur,
591 3342 823 3423 indelebilis
854 3349 932 3441 est,
966 3351 1006 3422 et
1037 3343 1187 3423 auferri
1226 3369 1296 3422 ne-

121 3477 223 3586 quit,
268 3475 441 3583 ideoque
482 3477 516 3556 si
558 3477 827 3583 contingeret,
867 3476 1046 3584 aliquem
1088 3505 1140 3558 ex
1183 3477 1296 3556 falsis

121 3609 433 3720 probationibus
465 3611 743 3710 condemnari,
780 3617 819 3691 cl
849 3611 1081 3716 degradari,
1127 3612 1296 3692 demon·

120 3751 249 3824 strata
293 3745 559 3852 postmodum
600 3744 835 3825 innocentia
876 3745 1089 3827 restitutus
1137 3746 1296 3827 noviter

122 3876 300 3957 ordinari
323 3903 405 3958 uon
427 3877 609 3977 deberet,
634 3878 717 3958 imo
734 3878 784 3958 de
801 3877 1073 3986 plurimorum
1091 3877 1181 3960 DD.
1197 3905 1296 3959 sen-

122 4013 247 4094 tentia
276 4013 526 4119 degradatus
558 4013 599 4092 in
631 4039 732 4093 casu
775 4019 983 4092 extremae
1020 4011 1291 4112 necessitatis,

122 4146 153 4225 si
177 4146 378 4228 Sacerdos
397 4145 499 4228 foret
515 4146 694 4256 aliquem
712 4147 924 4228 absolvere
941 4153 1094 4255 posset.
1115 4147 1291 4229 Barbos

123 4279 177 4358 ad
196 4281 311 4362 Trid.
330 4306 428 4363 sese.
449 4283 526 4362 54.
543 4281 783 4364 desacrum.
792 4283 948 4393 poenit.
968 4309 1058 4391 cap.
1077 4281 1133 4362 14
1141 4345 1147 4360 .
1163 4309 1203 4360 n.
1219 4281 1292 4363 13.

122 4413 175 4493 At
205 4413 365 4497 realiter
395 4416 645 4524 degradatus
667 4443 693 4496 a
713 4415 801 4497 solo
824 4417 938 4522 Papa
960 4415 1118 4497 restitui
1143 4425 1290 4522 potest.
