<?xml version="1.0" encoding="UTF-8"?>
<!DOCTYPE html PUBLIC "-//W3C//DTD XHTML 1.0 Transitional//EN"
    "http://www.w3.org/TR/xhtml1/DTD/xhtml1-transitional.dtd">
<html xmlns="http://www.w3.org/1999/xhtml" xml:lang="en" lang="en">
 <head>
  <title>
</title>
<meta http-equiv="Content-Type" content="text/html;charset=utf-8" />
  <meta name='ocr-system' content='tesseract 3.04.00' />
  <meta name='ocr-capabilities' content='ocr_page ocr_carea ocr_par ocr_line ocrx_word'/>
</head>
<body>
  <div class='ocr_page' id='page_1' title='image "./praelectionesju00angegoog/praelectionesju00angegoog_0468.png"; bbox 0 0 3388 5136; ppageno 0'>
   <div class='ocr_carea' id='block_1_1' title="bbox 556 399 1379 464">
    <p class='ocr_par' dir='ltr' id='par_1_1' title="bbox 556 399 1379 464">
     <span class='ocr_line' id='line_1_1' title="bbox 556 399 1379 464; baseline 0.006 -5"><span class='ocrx_word' id='word_1_1' title='bbox 556 414 655 460; x_wconf 78' lang='lat' dir='ltr'><strong>urana</strong></span> <span class='ocrx_word' id='word_1_2' title='bbox 678 413 710 459; x_wconf 85' lang='lat' dir='ltr'><strong>v.</strong></span> <span class='ocrx_word' id='word_1_3' title='bbox 736 431 777 441; x_wconf 83' lang='lat'><strong>—</strong></span> <span class='ocrx_word' id='word_1_4' title='bbox 801 415 941 462; x_wconf 78' lang='lat' dir='ltr'><strong>rrrunus</strong></span> <span class='ocrx_word' id='word_1_5' title='bbox 963 417 1012 462; x_wconf 91' lang='lat'>111.</span> <span class='ocrx_word' id='word_1_6' title='bbox 1315 399 1379 464; x_wconf 82' lang='lat'><strong>105</strong></span> 
     </span>
    </p>
   </div>
   <div class='ocr_carea' id='block_1_2' title="bbox 194 542 1413 1858">
    <p class='ocr_par' dir='ltr' id='par_1_2' title="bbox 194 542 1413 1858">
     <span class='ocr_line' id='line_1_2' title="bbox 200 542 1380 652; baseline 0.006 -30"><span class='ocrx_word' id='word_1_7' title='bbox 200 544 289 652; x_wconf 90' lang='lat' dir='ltr'><strong>ipso</strong></span> <span class='ocrx_word' id='word_1_8' title='bbox 321 551 504 650; x_wconf 84' lang='lat' dir='ltr'><strong>aooepta,</strong></span> <span class='ocrx_word' id='word_1_9' title='bbox 540 542 602 622; x_wconf 93' lang='lat' dir='ltr'><strong>vel</strong></span> <span class='ocrx_word' id='word_1_10' title='bbox 624 542 763 624; x_wconf 87' lang='lat' dir='ltr'><strong>animo</strong></span> <span class='ocrx_word' id='word_1_11' title='bbox 784 543 992 648; x_wconf 83' lang='lat' dir='ltr'><strong>obligandi</strong></span> <span class='ocrx_word' id='word_1_12' title='bbox 1015 545 1189 626; x_wconf 88' lang='lat' dir='ltr'><strong>alterum</strong></span> <span class='ocrx_word' id='word_1_13' title='bbox 1212 547 1264 627; x_wconf 89' lang='lat' dir='ltr'><strong>ad</strong></span> <span class='ocrx_word' id='word_1_14' title='bbox 1288 548 1380 629; x_wconf 91' lang='lat' dir='ltr'><strong>red-</strong></span> 
     </span>
     <span class='ocr_line' id='line_1_3' title="bbox 198 675 1380 783; baseline 0.004 -26"><span class='ocrx_word' id='word_1_15' title='bbox 198 676 374 758; x_wconf 88' lang='lat' dir='ltr'><strong>dendam</strong></span> <span class='ocrx_word' id='word_1_16' title='bbox 407 703 494 756; x_wconf 92' lang='lat' dir='ltr'><strong>rem</strong></span> <span class='ocrx_word' id='word_1_17' title='bbox 525 675 818 783; x_wconf 80' lang='lat' dir='ltr'><strong>temporalem,</strong></span> <span class='ocrx_word' id='word_1_18' title='bbox 853 684 926 757; x_wconf 89' lang='lat' dir='ltr'><strong>aut</strong></span> <span class='ocrx_word' id='word_1_19' title='bbox 957 677 1183 780; x_wconf 86' lang='lat' dir='ltr'><strong>viceversa,</strong></span> <span class='ocrx_word' id='word_1_20' title='bbox 1224 679 1380 762; x_wconf 81' lang='lat' dir='ltr'><strong>seilicet</strong></span> 
     </span>
     <span class='ocr_line' id='line_1_4' title="bbox 198 808 1375 920; baseline 0.003 -30"><span class='ocrx_word' id='word_1_21' title='bbox 198 810 363 918; x_wconf 90' lang='lat' dir='ltr'><strong>quando</strong></span> <span class='ocrx_word' id='word_1_22' title='bbox 394 809 487 916; x_wconf 91' lang='lat' dir='ltr'><strong>quis</strong></span> <span class='ocrx_word' id='word_1_23' title='bbox 521 808 634 889; x_wconf 89' lang='lat' dir='ltr'><strong>alteri</strong></span> <span class='ocrx_word' id='word_1_24' title='bbox 667 809 822 890; x_wconf 79' lang='lat' dir='ltr'><strong>confert</strong></span> <span class='ocrx_word' id='word_1_25' title='bbox 854 836 939 890; x_wconf 93' lang='lat' dir='ltr'><strong>rem</strong></span> <span class='ocrx_word' id='word_1_26' title='bbox 962 812 1243 920; x_wconf 77' lang='lat' dir='ltr'><strong>temporalem,</strong></span> <span class='ocrx_word' id='word_1_27' title='bbox 1270 821 1375 894; x_wconf 92' lang='lat' dir='ltr'><strong>tam-</strong></span> 
     </span>
     <span class='ocr_line' id='line_1_5' title="bbox 197 940 1371 1052; baseline 0.004 -31"><span class='ocrx_word' id='word_1_28' title='bbox 197 968 321 1051; x_wconf 86' lang='lat' dir='ltr'><strong>quam</strong></span> <span class='ocrx_word' id='word_1_29' title='bbox 354 967 405 1022; x_wconf 91' lang='lat' dir='ltr'><strong>ex</strong></span> <span class='ocrx_word' id='word_1_30' title='bbox 432 940 595 1049; x_wconf 88' lang='lat' dir='ltr'><strong>justitia</strong></span> <span class='ocrx_word' id='word_1_31' title='bbox 630 941 810 1022; x_wconf 90' lang='lat' dir='ltr'><strong>debitam</strong></span> <span class='ocrx_word' id='word_1_32' title='bbox 851 970 925 1051; x_wconf 93' lang='lat' dir='ltr'><strong>pro</strong></span> <span class='ocrx_word' id='word_1_33' title='bbox 966 971 1007 1024; x_wconf 91' lang='lat' dir='ltr'><strong>re</strong></span> <span class='ocrx_word' id='word_1_34' title='bbox 1047 943 1269 1052; x_wconf 72' lang='lat' dir='ltr'><strong>spirituali,</strong></span> <span class='ocrx_word' id='word_1_35' title='bbox 1309 945 1371 1026; x_wconf 92' lang='lat' dir='ltr'><strong>vel</strong></span> 
     </span>
     <span class='ocr_line' id='line_1_6' title="bbox 197 1075 1367 1182; baseline 0.001 -25"><span class='ocrx_word' id='word_1_36' title='bbox 197 1103 292 1157; x_wconf 85' lang='lat' dir='ltr'><strong>eum</strong></span> <span class='ocrx_word' id='word_1_37' title='bbox 325 1075 549 1156; x_wconf 88' lang='lat' dir='ltr'><strong>intentione</strong></span> <span class='ocrx_word' id='word_1_38' title='bbox 580 1075 788 1182; x_wconf 83' lang='lat' dir='ltr'><strong>obligandi</strong></span> <span class='ocrx_word' id='word_1_39' title='bbox 818 1077 870 1157; x_wconf 93' lang='lat' dir='ltr'><strong>ad</strong></span> <span class='ocrx_word' id='word_1_40' title='bbox 902 1078 1148 1160; x_wconf 83' lang='lat' dir='ltr'><strong>reddendam</strong></span> <span class='ocrx_word' id='word_1_41' title='bbox 1186 1077 1367 1159; x_wconf 90' lang='lat' dir='ltr'><strong>vioissim</strong></span> 
     </span>
     <span class='ocr_line' id='line_1_7' title="bbox 197 1209 1372 1320; baseline 0.003 -31"><span class='ocrx_word' id='word_1_42' title='bbox 197 1235 284 1290; x_wconf 87' lang='lat' dir='ltr'><strong>rem</strong></span> <span class='ocrx_word' id='word_1_43' title='bbox 314 1209 587 1318; x_wconf 90' lang='lat' dir='ltr'><strong>spiritualem,</strong></span> <span class='ocrx_word' id='word_1_44' title='bbox 622 1209 735 1290; x_wconf 94' lang='lat' dir='ltr'><strong>nullo</strong></span> <span class='ocrx_word' id='word_1_45' title='bbox 766 1219 904 1292; x_wconf 90' lang='lat' dir='ltr'><strong>tamen</strong></span> <span class='ocrx_word' id='word_1_46' title='bbox 926 1219 1045 1319; x_wconf 86' lang='lat' dir='ltr'><strong>paolo</strong></span> <span class='ocrx_word' id='word_1_47' title='bbox 1067 1237 1281 1320; x_wconf 86' lang='lat' dir='ltr'><strong>expresso,</strong></span> <span class='ocrx_word' id='word_1_48' title='bbox 1309 1211 1372 1293; x_wconf 87' lang='lat' dir='ltr'><strong>vel</strong></span> 
     </span>
     <span class='ocr_line' id='line_1_8' title="bbox 197 1324 1373 1428; baseline 0.001 -2"><span class='ocrx_word' id='word_1_49' title='bbox 197 1344 319 1426; x_wconf 84' lang='lat' dir='ltr'><strong>tacito</strong></span> <span class='ocrx_word' id='word_1_50' title='bbox 341 1324 649 1426; x_wconf 69' lang='lat' dir='ltr'><strong>interveniente</strong></span> <span class='ocrx_word' id='word_1_51' title='bbox 670 1345 777 1426; x_wconf 82' lang='lat' dir='ltr'><strong>Hine</strong></span> <span class='ocrx_word' id='word_1_52' title='bbox 798 1346 1053 1428; x_wconf 78' lang='lat' dir='ltr'><strong>simoniacus</strong></span> <span class='ocrx_word' id='word_1_53' title='bbox 1075 1347 1265 1428; x_wconf 88' lang='lat' dir='ltr'><strong>mentalis</strong></span> <span class='ocrx_word' id='word_1_54' title='bbox 1286 1347 1373 1427; x_wconf 90' lang='lat' dir='ltr'><strong>effi-</strong></span> 
     </span>
     <span class='ocr_line' id='line_1_9' title="bbox 195 1477 1366 1589; baseline 0.003 -29"><span class='ocrx_word' id='word_1_55' title='bbox 195 1479 316 1580; x_wconf 82' lang='lat' dir='ltr'><strong>citur,</strong></span> <span class='ocrx_word' id='word_1_56' title='bbox 349 1479 417 1587; x_wconf 93' lang='lat' dir='ltr'><strong>qui</strong></span> <span class='ocrx_word' id='word_1_57' title='bbox 452 1477 675 1587; x_wconf 80' lang='lat' dir='ltr'><strong>Episcopo</strong></span> <span class='ocrx_word' id='word_1_58' title='bbox 698 1480 883 1582; x_wconf 88' lang='lat' dir='ltr'><strong>inservit,</strong></span> <span class='ocrx_word' id='word_1_59' title='bbox 910 1482 1023 1562; x_wconf 92' lang='lat' dir='ltr'><strong>nullo</strong></span> <span class='ocrx_word' id='word_1_60' title='bbox 1044 1481 1210 1589; x_wconf 91' lang='lat' dir='ltr'><strong>quidem</strong></span> <span class='ocrx_word' id='word_1_61' title='bbox 1233 1489 1366 1589; x_wconf 89' lang='lat' dir='ltr'><strong>paot0,</strong></span> 
     </span>
     <span class='ocr_line' id='line_1_10' title="bbox 195 1612 1413 1724; baseline 0.001 -32"><span class='ocrx_word' id='word_1_62' title='bbox 195 1613 259 1693; x_wconf 92' lang='lat' dir='ltr'><strong>vel</strong></span> <span class='ocrx_word' id='word_1_63' title='bbox 289 1612 559 1694; x_wconf 81' lang='lat' dir='ltr'><strong>conventione</strong></span> <span class='ocrx_word' id='word_1_64' title='bbox 590 1621 757 1694; x_wconf 87' lang='lat' dir='ltr'><strong>externe</strong></span> <span class='ocrx_word' id='word_1_65' title='bbox 799 1615 950 1718; x_wconf 90' lang='lat' dir='ltr'><strong>verbis,</strong></span> <span class='ocrx_word' id='word_1_66' title='bbox 985 1617 1048 1696; x_wconf 92' lang='lat' dir='ltr'><strong>vel</strong></span> <span class='ocrx_word' id='word_1_67' title='bbox 1078 1615 1211 1724; x_wconf 87' lang='lat' dir='ltr'><strong>signis</strong></span> <span class='ocrx_word' id='word_1_68' title='bbox 1243 1615 1370 1716; x_wconf 85' lang='lat' dir='ltr'><strong>faeta,</strong></span> <span class='ocrx_word' id='word_1_69' title='bbox 1408 1663 1413 1674; x_wconf 90' lang='lat'><strong>·</strong></span> 
     </span>
     <span class='ocr_line' id='line_1_11' title="bbox 194 1747 1374 1858; baseline 0.003 -32"><span class='ocrx_word' id='word_1_70' title='bbox 194 1747 346 1827; x_wconf 89' lang='lat' dir='ltr'><strong>sedeo</strong></span> <span class='ocrx_word' id='word_1_71' title='bbox 387 1753 524 1826; x_wconf 92' lang='lat' dir='ltr'><strong>tamen</strong></span> <span class='ocrx_word' id='word_1_72' title='bbox 555 1747 706 1847; x_wconf 88' lang='lat' dir='ltr'><strong>animo,</strong></span> <span class='ocrx_word' id='word_1_73' title='bbox 744 1756 785 1830; x_wconf 90' lang='lat' dir='ltr'><strong>et</strong></span> <span class='ocrx_word' id='word_1_74' title='bbox 814 1749 1038 1832; x_wconf 90' lang='lat' dir='ltr'><strong>intentione</strong></span> <span class='ocrx_word' id='word_1_75' title='bbox 1071 1760 1117 1832; x_wconf 92' lang='lat' dir='ltr'><strong>ut</strong></span> <span class='ocrx_word' id='word_1_76' title='bbox 1158 1777 1231 1858; x_wconf 93' lang='lat' dir='ltr'><strong>pro</strong></span> <span class='ocrx_word' id='word_1_77' title='bbox 1262 1775 1374 1831; x_wconf 91' lang='lat' dir='ltr'><strong>mer·</strong></span> 
     </span>
    </p>
   </div>
   <div class='ocr_carea' id='block_1_3' title="bbox 192 1878 1368 2095">
    <p class='ocr_par' dir='ltr' id='par_1_3' title="bbox 192 1878 1368 2095">
     <span class='ocr_line' id='line_1_12' title="bbox 194 1878 1368 1992; baseline 0.003 -31"><span class='ocrx_word' id='word_1_78' title='bbox 194 1879 291 1961; x_wconf 84' lang='lat' dir='ltr'><strong>oede</strong></span> <span class='ocrx_word' id='word_1_79' title='bbox 322 1879 358 1958; x_wconf 92' lang='lat' dir='ltr'><strong>ei</strong></span> <span class='ocrx_word' id='word_1_80' title='bbox 390 1878 572 1962; x_wconf 82' lang='lat' dir='ltr'><strong>conferat</strong></span> <span class='ocrx_word' id='word_1_81' title='bbox 609 1881 868 1964; x_wconf 80' lang='lat' dir='ltr'><strong>beneficium.</strong></span> <span class='ocrx_word' id='word_1_82' title='bbox 908 1885 968 1966; x_wconf 89' lang='lat' dir='ltr'><strong>lta</strong></span> <span class='ocrx_word' id='word_1_83' title='bbox 997 1883 1368 1992; x_wconf 86' lang='lat' dir='ltr'><strong>Sohmalzgrueber</strong></span> 
     </span>
     <span class='ocr_line' id='line_1_13' title="bbox 192 2011 459 2095; baseline 0 -3"><span class='ocrx_word' id='word_1_84' title='bbox 192 2011 233 2094; x_wconf 78' lang='lat' dir='ltr'><strong>t.</strong></span> <span class='ocrx_word' id='word_1_85' title='bbox 254 2018 283 2092; x_wconf 90' lang='lat' dir='ltr'><strong>t.</strong></span> <span class='ocrx_word' id='word_1_86' title='bbox 303 2039 345 2093; x_wconf 83' lang='lat' dir='ltr'><strong>n.</strong></span> <span class='ocrx_word' id='word_1_87' title='bbox 370 2014 459 2095; x_wconf 82' lang='lat'><strong>28.</strong></span> 
     </span>
    </p>
   </div>
   <div class='ocr_carea' id='block_1_4' title="bbox 183 2142 1372 4536">
    <p class='ocr_par' dir='ltr' id='par_1_4' title="bbox 185 2142 1372 3868">
     <span class='ocr_line' id='line_1_14' title="bbox 279 2142 1372 2258; baseline 0.005 -33"><span class='ocrx_word' id='word_1_88' title='bbox 279 2142 469 2226; x_wconf 88' lang='lat' dir='ltr'><strong>Simonia</strong></span> <span class='ocrx_word' id='word_1_89' title='bbox 499 2170 596 2225; x_wconf 86' lang='lat' dir='ltr'><strong>vero</strong></span> <span class='ocrx_word' id='word_1_90' title='bbox 627 2148 950 2230; x_wconf 82' lang='lat' dir='ltr'><strong>conventionalis</strong></span> <span class='ocrx_word' id='word_1_91' title='bbox 981 2159 1058 2252; x_wconf 87' lang='lat' dir='ltr'><strong>est,</strong></span> <span class='ocrx_word' id='word_1_92' title='bbox 1102 2152 1145 2229; x_wconf 93' lang='lat' dir='ltr'><strong>in</strong></span> <span class='ocrx_word' id='word_1_93' title='bbox 1186 2177 1269 2258; x_wconf 88' lang='lat' dir='ltr'><strong>qua</strong></span> <span class='ocrx_word' id='word_1_94' title='bbox 1310 2151 1372 2230; x_wconf 93' lang='lat' dir='ltr'><strong>in·</strong></span> 
     </span>
     <span class='ocr_line' id='line_1_15' title="bbox 191 2278 1372 2392; baseline 0 -30"><span class='ocrx_word' id='word_1_95' title='bbox 191 2278 363 2362; x_wconf 86' lang='lat' dir='ltr'><strong>tervenit</strong></span> <span class='ocrx_word' id='word_1_96' title='bbox 394 2285 578 2385; x_wconf 81' lang='lat' dir='ltr'><strong>paetum,</strong></span> <span class='ocrx_word' id='word_1_97' title='bbox 611 2305 685 2359; x_wconf 91' lang='lat' dir='ltr'><strong>seu</strong></span> <span class='ocrx_word' id='word_1_98' title='bbox 718 2283 933 2364; x_wconf 80' lang='lat' dir='ltr'><strong>conventio</strong></span> <span class='ocrx_word' id='word_1_99' title='bbox 966 2309 1178 2392; x_wconf 87' lang='lat' dir='ltr'><strong>expressa,</strong></span> <span class='ocrx_word' id='word_1_100' title='bbox 1215 2283 1277 2364; x_wconf 88' lang='lat' dir='ltr'><strong>vel</strong></span> <span class='ocrx_word' id='word_1_101' title='bbox 1309 2291 1372 2366; x_wconf 90' lang='lat' dir='ltr'><strong>ta·</strong></span> 
     </span>
     <span class='ocr_line' id='line_1_16' title="bbox 191 2410 1369 2526; baseline 0.001 -32"><span class='ocrx_word' id='word_1_102' title='bbox 191 2415 272 2495; x_wconf 82' lang='lat' dir='ltr'><strong>nita</strong></span> <span class='ocrx_word' id='word_1_103' title='bbox 301 2413 351 2493; x_wconf 92' lang='lat' dir='ltr'><strong>de</strong></span> <span class='ocrx_word' id='word_1_104' title='bbox 382 2410 517 2492; x_wconf 86' lang='lat' dir='ltr'><strong>dando</strong></span> <span class='ocrx_word' id='word_1_105' title='bbox 548 2411 752 2519; x_wconf 89' lang='lat' dir='ltr'><strong>spirituali</strong></span> <span class='ocrx_word' id='word_1_106' title='bbox 774 2441 847 2522; x_wconf 94' lang='lat' dir='ltr'><strong>pro</strong></span> <span class='ocrx_word' id='word_1_107' title='bbox 870 2417 1099 2526; x_wconf 87' lang='lat' dir='ltr'><strong>temporali,</strong></span> <span class='ocrx_word' id='word_1_108' title='bbox 1133 2443 1209 2498; x_wconf 85' lang='lat' dir='ltr'><strong>eeu</strong></span> <span class='ocrx_word' id='word_1_109' title='bbox 1231 2416 1369 2498; x_wconf 90' lang='lat' dir='ltr'><strong>innui-</strong></span> 
     </span>
     <span class='ocr_line' id='line_1_17' title="bbox 189 2549 1371 2632; baseline 0.003 -5"><span class='ocrx_word' id='word_1_110' title='bbox 189 2574 299 2629; x_wconf 79' lang='lat' dir='ltr'><strong>mus</strong></span> <span class='ocrx_word' id='word_1_111' title='bbox 326 2549 383 2632; x_wconf 92' lang='lat' dir='ltr'><strong>Ut</strong></span> <span class='ocrx_word' id='word_1_112' title='bbox 402 2555 541 2629; x_wconf 87' lang='lat' dir='ltr'><strong>autem</strong></span> <span class='ocrx_word' id='word_1_113' title='bbox 563 2557 779 2632; x_wconf 81' lang='lat' dir='ltr'><strong>censeatur</strong></span> <span class='ocrx_word' id='word_1_114' title='bbox 809 2552 1034 2632; x_wconf 81' lang='lat' dir='ltr'><strong>commissa</strong></span> <span class='ocrx_word' id='word_1_115' title='bbox 1064 2551 1242 2632; x_wconf 90' lang='lat' dir='ltr'><strong>simonia</strong></span> <span class='ocrx_word' id='word_1_116' title='bbox 1272 2577 1371 2632; x_wconf 87' lang='lat' dir='ltr'><strong>oon-</strong></span> 
     </span>
     <span class='ocr_line' id='line_1_18' title="bbox 190 2683 1370 2794; baseline 0.001 -33"><span class='ocrx_word' id='word_1_117' title='bbox 190 2683 436 2766; x_wconf 87' lang='lat' dir='ltr'><strong>ventionalis</strong></span> <span class='ocrx_word' id='word_1_118' title='bbox 467 2712 549 2768; x_wconf 90' lang='lat' dir='ltr'><strong>non</strong></span> <span class='ocrx_word' id='word_1_119' title='bbox 579 2685 732 2767; x_wconf 82' lang='lat' dir='ltr'><strong>suffieit</strong></span> <span class='ocrx_word' id='word_1_120' title='bbox 762 2687 852 2766; x_wconf 88' lang='lat' dir='ltr'><strong>sola</strong></span> <span class='ocrx_word' id='word_1_121' title='bbox 882 2686 1101 2794; x_wconf 89' lang='lat' dir='ltr'><strong>promissio</strong></span> <span class='ocrx_word' id='word_1_122' title='bbox 1149 2685 1207 2766; x_wconf 90' lang='lat' dir='ltr'><strong>rei</strong></span> <span class='ocrx_word' id='word_1_123' title='bbox 1248 2683 1370 2792; x_wconf 92' lang='lat' dir='ltr'><strong>spiri·</strong></span> 
     </span>
     <span class='ocr_line' id='line_1_19' title="bbox 188 2814 1368 2929; baseline -0.002 -29"><span class='ocrx_word' id='word_1_124' title='bbox 188 2814 314 2900; x_wconf 88' lang='lat' dir='ltr'><strong>tualis</strong></span> <span class='ocrx_word' id='word_1_125' title='bbox 344 2845 418 2926; x_wconf 93' lang='lat' dir='ltr'><strong>pro</strong></span> <span class='ocrx_word' id='word_1_126' title='bbox 449 2818 679 2927; x_wconf 90' lang='lat' dir='ltr'><strong>temporali,</strong></span> <span class='ocrx_word' id='word_1_127' title='bbox 713 2827 786 2900; x_wconf 87' lang='lat' dir='ltr'><strong>aul</strong></span> <span class='ocrx_word' id='word_1_128' title='bbox 814 2819 998 2900; x_wconf 82' lang='lat' dir='ltr'><strong>vicissim</strong></span> <span class='ocrx_word' id='word_1_129' title='bbox 1029 2820 1121 2902; x_wconf 90' lang='lat' dir='ltr'><strong>sola</strong></span> <span class='ocrx_word' id='word_1_130' title='bbox 1147 2817 1368 2929; x_wconf 88' lang='lat' dir='ltr'><strong>promissio</strong></span> 
     </span>
     <span class='ocr_line' id='line_1_20' title="bbox 188 2950 1364 3062; baseline 0.001 -32"><span class='ocrx_word' id='word_1_131' title='bbox 188 2950 246 3031; x_wconf 88' lang='lat' dir='ltr'><strong>rei</strong></span> <span class='ocrx_word' id='word_1_132' title='bbox 287 2951 527 3061; x_wconf 90' lang='lat' dir='ltr'><strong>temporalis</strong></span> <span class='ocrx_word' id='word_1_133' title='bbox 563 2979 637 3062; x_wconf 92' lang='lat' dir='ltr'><strong>pro</strong></span> <span class='ocrx_word' id='word_1_134' title='bbox 676 2952 894 3061; x_wconf 88' lang='lat' dir='ltr'><strong>spirituali,</strong></span> <span class='ocrx_word' id='word_1_135' title='bbox 940 2955 1012 3034; x_wconf 92' lang='lat' dir='ltr'><strong>sed</strong></span> <span class='ocrx_word' id='word_1_136' title='bbox 1053 2980 1103 3035; x_wconf 90' lang='lat' dir='ltr'><strong>ea</strong></span> <span class='ocrx_word' id='word_1_137' title='bbox 1144 2953 1364 3062; x_wconf 91' lang='lat' dir='ltr'><strong>promissio</strong></span> 
     </span>
     <span class='ocr_line' id='line_1_21' title="bbox 188 3084 1365 3195; baseline 0.002 -31"><span class='ocrx_word' id='word_1_138' title='bbox 188 3084 308 3166; x_wconf 88' lang='lat' dir='ltr'><strong>debet</strong></span> <span class='ocrx_word' id='word_1_139' title='bbox 338 3111 429 3168; x_wconf 89' lang='lat' dir='ltr'><strong>esse</strong></span> <span class='ocrx_word' id='word_1_140' title='bbox 461 3088 585 3169; x_wconf 90' lang='lat' dir='ltr'><strong>etiam</strong></span> <span class='ocrx_word' id='word_1_141' title='bbox 617 3114 642 3168; x_wconf 90' lang='lat' dir='ltr'><strong>a</strong></span> <span class='ocrx_word' id='word_1_142' title='bbox 671 3087 939 3195; x_wconf 77' lang='lat' dir='ltr'><strong>promissorio</strong></span> <span class='ocrx_word' id='word_1_143' title='bbox 970 3093 1204 3195; x_wconf 74' lang='lat' dir='ltr'><strong>acceptata,</strong></span> <span class='ocrx_word' id='word_1_144' title='bbox 1243 3112 1365 3167; x_wconf 84' lang='lat' dir='ltr'><strong>senus</strong></span> 
     </span>
     <span class='ocr_line' id='line_1_22' title="bbox 187 3218 1369 3331; baseline 0.001 -31"><span class='ocrx_word' id='word_1_145' title='bbox 187 3218 314 3321; x_wconf 88' lang='lat' dir='ltr'><strong>enim,</strong></span> <span class='ocrx_word' id='word_1_146' title='bbox 348 3219 389 3301; x_wconf 92' lang='lat' dir='ltr'><strong>id</strong></span> <span class='ocrx_word' id='word_1_147' title='bbox 421 3231 483 3303; x_wconf 89' lang='lat' dir='ltr'><strong>est</strong></span> <span class='ocrx_word' id='word_1_148' title='bbox 512 3221 547 3303; x_wconf 90' lang='lat' dir='ltr'><strong>si</strong></span> <span class='ocrx_word' id='word_1_149' title='bbox 579 3229 790 3331; x_wconf 81' lang='lat' dir='ltr'><strong>acceptata</strong></span> <span class='ocrx_word' id='word_1_150' title='bbox 821 3221 996 3319; x_wconf 90' lang='lat' dir='ltr'><strong>nonsit,</strong></span> <span class='ocrx_word' id='word_1_151' title='bbox 1025 3219 1369 3301; x_wconf 85' lang='lat' dir='ltr'><strong>nonoonventio-</strong></span> 
     </span>
     <span class='ocr_line' id='line_1_23' title="bbox 186 3352 1362 3463; baseline -0.003 -31"><span class='ocrx_word' id='word_1_152' title='bbox 186 3352 308 3454; x_wconf 91' lang='lat' dir='ltr'><strong>nalis,</strong></span> <span class='ocrx_word' id='word_1_153' title='bbox 341 3355 414 3434; x_wconf 90' lang='lat' dir='ltr'><strong>sed</strong></span> <span class='ocrx_word' id='word_1_154' title='bbox 446 3355 637 3437; x_wconf 89' lang='lat' dir='ltr'><strong>mentalis</strong></span> <span class='ocrx_word' id='word_1_155' title='bbox 674 3357 892 3438; x_wconf 85' lang='lat' dir='ltr'><strong>dumtaxat</strong></span> <span class='ocrx_word' id='word_1_156' title='bbox 932 3353 1220 3463; x_wconf 87' lang='lat' dir='ltr'><strong>appellabitur,</strong></span> <span class='ocrx_word' id='word_1_157' title='bbox 1266 3376 1362 3431; x_wconf 86' lang='lat' dir='ltr'><strong>oum</strong></span> 
     </span>
     <span class='ocr_line' id='line_1_24' title="bbox 186 3481 1359 3598; baseline -0.001 -34"><span class='ocrx_word' id='word_1_158' title='bbox 186 3485 349 3565; x_wconf 85' lang='lat' dir='ltr'><strong>deficiat</strong></span> <span class='ocrx_word' id='word_1_159' title='bbox 380 3513 476 3568; x_wconf 91' lang='lat' dir='ltr'><strong>vera</strong></span> <span class='ocrx_word' id='word_1_160' title='bbox 506 3489 736 3590; x_wconf 84' lang='lat' dir='ltr'><strong>conventio,</strong></span> <span class='ocrx_word' id='word_1_161' title='bbox 771 3503 811 3570; x_wconf 93' lang='lat' dir='ltr'><strong>et</strong></span> <span class='ocrx_word' id='word_1_162' title='bbox 840 3495 1022 3598; x_wconf 85' lang='lat' dir='ltr'><strong>paetum,</strong></span> <span class='ocrx_word' id='word_1_163' title='bbox 1051 3487 1160 3598; x_wconf 92' lang='lat' dir='ltr'><strong>quod</strong></span> <span class='ocrx_word' id='word_1_164' title='bbox 1182 3491 1239 3565; x_wconf 83' lang='lat' dir='ltr'><strong>est</strong></span> <span class='ocrx_word' id='word_1_165' title='bbox 1259 3481 1359 3564; x_wconf 87' lang='lat' dir='ltr'><strong>duo-</strong></span> 
     </span>
     <span class='ocr_line' id='line_1_25' title="bbox 186 3617 1358 3737; baseline 0.002 -39"><span class='ocrx_word' id='word_1_166' title='bbox 186 3643 293 3708; x_wconf 84' lang='lat' dir='ltr'><strong>rum,</strong></span> <span class='ocrx_word' id='word_1_167' title='bbox 321 3617 586 3730; x_wconf 82' lang='lat' dir='ltr'><strong>pluriumque</strong></span> <span class='ocrx_word' id='word_1_168' title='bbox 617 3624 659 3703; x_wconf 85' lang='lat' dir='ltr'><strong>in</strong></span> <span class='ocrx_word' id='word_1_169' title='bbox 690 3623 796 3705; x_wconf 84' lang='lat' dir='ltr'><strong>idem</strong></span> <span class='ocrx_word' id='word_1_170' title='bbox 819 3625 1023 3737; x_wconf 77' lang='lat' dir='ltr'><strong>placitum</strong></span> <span class='ocrx_word' id='word_1_171' title='bbox 1054 3647 1267 3706; x_wconf 81' lang='lat' dir='ltr'><strong>consensus</strong></span> <span class='ocrx_word' id='word_1_172' title='bbox 1296 3626 1358 3700; x_wconf 90' lang='lat' dir='ltr'><strong>ta·</strong></span> 
     </span>
     <span class='ocr_line' id='line_1_26' title="bbox 185 3749 1295 3868; baseline 0.004 -38"><span class='ocrx_word' id='word_1_173' title='bbox 185 3749 308 3850; x_wconf 80' lang='lat' dir='ltr'><strong>uitus,</strong></span> <span class='ocrx_word' id='word_1_174' title='bbox 345 3751 406 3832; x_wconf 90' lang='lat' dir='ltr'><strong>vel</strong></span> <span class='ocrx_word' id='word_1_175' title='bbox 436 3779 660 3863; x_wconf 88' lang='lat' dir='ltr'><strong>expressus</strong></span> <span class='ocrx_word' id='word_1_176' title='bbox 692 3758 767 3868; x_wconf 71' lang='lat' dir='ltr'><strong>lep.</strong></span> <span class='ocrx_word' id='word_1_177' title='bbox 805 3765 847 3862; x_wconf 87' lang='lat'><strong>1,</strong></span> <span class='ocrx_word' id='word_1_178' title='bbox 883 3765 907 3864; x_wconf 65' lang='grc' dir='ltr'><strong>ἓ</strong></span> <span class='ocrx_word' id='word_1_179' title='bbox 939 3764 971 3844; x_wconf 82' lang='lat'><em>2</em></span> <span class='ocrx_word' id='word_1_180' title='bbox 992 3760 1051 3868; x_wconf 83' lang='lat' dir='ltr'><strong>ff.</strong></span> <span class='ocrx_word' id='word_1_181' title='bbox 1087 3761 1154 3840; x_wconf 86' lang='lat' dir='ltr'><strong>De</strong></span> <span class='ocrx_word' id='word_1_182' title='bbox 1178 3761 1295 3867; x_wconf 82' lang='lat' dir='ltr'><strong>pact.</strong></span> 
     </span>
    </p>

    <p class='ocr_par' dir='ltr' id='par_1_5' title="bbox 183 3884 1365 4536">
     <span class='ocr_line' id='line_1_27' title="bbox 272 3884 1365 4002; baseline 0.004 -37"><span class='ocrx_word' id='word_1_183' title='bbox 272 3884 459 3968; x_wconf 89' lang='lat' dir='ltr'><strong>Simonia</strong></span> <span class='ocrx_word' id='word_1_184' title='bbox 488 3891 810 3974; x_wconf 83' lang='lat' dir='ltr'><strong>conventionalis</strong></span> <span class='ocrx_word' id='word_1_185' title='bbox 840 3893 989 4002; x_wconf 87' lang='lat' dir='ltr'><strong>triplex</strong></span> <span class='ocrx_word' id='word_1_186' title='bbox 1020 3899 1097 3992; x_wconf 91' lang='lat' dir='ltr'><strong>est,</strong></span> <span class='ocrx_word' id='word_1_187' title='bbox 1124 3915 1239 4002; x_wconf 82' lang='lat' dir='ltr'><strong>pura</strong></span> <span class='ocrx_word' id='word_1_188' title='bbox 1265 3912 1365 3997; x_wconf 85' lang='lat' dir='ltr'><strong>eum</strong></span> 
     </span>
     <span class='ocr_line' id='line_1_28' title="bbox 186 4018 1362 4134; baseline 0.002 -36"><span class='ocrx_word' id='word_1_189' title='bbox 186 4018 349 4099; x_wconf 89' lang='lat' dir='ltr'><strong>traditio</strong></span> <span class='ocrx_word' id='word_1_190' title='bbox 381 4046 431 4101; x_wconf 91' lang='lat' dir='ltr'><strong>ex</strong></span> <span class='ocrx_word' id='word_1_191' title='bbox 464 4033 610 4106; x_wconf 88' lang='lat' dir='ltr'><strong>neutra</strong></span> <span class='ocrx_word' id='word_1_192' title='bbox 640 4035 755 4134; x_wconf 88' lang='lat' dir='ltr'><strong>parte</strong></span> <span class='ocrx_word' id='word_1_193' title='bbox 785 4037 929 4111; x_wconf 81' lang='lat' dir='ltr'><strong>secuta</strong></span> <span class='ocrx_word' id='word_1_194' title='bbox 959 4033 1046 4128; x_wconf 74' lang='lat' dir='ltr'><strong>est,</strong></span> <span class='ocrx_word' id='word_1_195' title='bbox 1089 4026 1225 4105; x_wconf 80' lang='lat' dir='ltr'><strong>mioeta</strong></span> <span class='ocrx_word' id='word_1_196' title='bbox 1266 4046 1362 4102; x_wconf 87' lang='lat' dir='ltr'><strong>oum</strong></span> 
     </span>
     <span class='ocr_line' id='line_1_29' title="bbox 184 4150 1357 4270; baseline 0.005 -40"><span class='ocrx_word' id='word_1_197' title='bbox 184 4150 346 4232; x_wconf 89' lang='lat' dir='ltr'><strong>traditio</strong></span> <span class='ocrx_word' id='word_1_198' title='bbox 379 4153 486 4237; x_wconf 85' lang='lat' dir='ltr'><strong>laeta</strong></span> <span class='ocrx_word' id='word_1_199' title='bbox 516 4165 578 4240; x_wconf 88' lang='lat' dir='ltr'><strong>est</strong></span> <span class='ocrx_word' id='word_1_200' title='bbox 608 4185 658 4240; x_wconf 86' lang='lat' dir='ltr'><strong>ex</strong></span> <span class='ocrx_word' id='word_1_201' title='bbox 688 4161 884 4243; x_wconf 89' lang='lat' dir='ltr'><strong>alterutra</strong></span> <span class='ocrx_word' id='word_1_202' title='bbox 915 4169 1045 4270; x_wconf 86' lang='lat' dir='ltr'><strong>parte,</strong></span> <span class='ocrx_word' id='word_1_203' title='bbox 1081 4164 1153 4239; x_wconf 89' lang='lat' dir='ltr'><strong>aut</strong></span> <span class='ocrx_word' id='word_1_204' title='bbox 1193 4153 1357 4255; x_wconf 76' lang='lat' dir='ltr'><strong>meroiS,</strong></span> 
     </span>
     <span class='ocr_line' id='line_1_30' title="bbox 184 4287 1362 4404; baseline 0.007 -42"><span class='ocrx_word' id='word_1_205' title='bbox 184 4290 256 4364; x_wconf 87' lang='lat' dir='ltr'><strong>aut</strong></span> <span class='ocrx_word' id='word_1_206' title='bbox 286 4287 405 4394; x_wconf 88' lang='lat' dir='ltr'><strong>pretii</strong></span> <span class='ocrx_word' id='word_1_207' title='bbox 426 4289 670 4396; x_wconf 90' lang='lat' dir='ltr'><strong>simoniaoi;</strong></span> <span class='ocrx_word' id='word_1_208' title='bbox 694 4297 820 4377; x_wconf 85' lang='lat' dir='ltr'><strong>realis</strong></span> <span class='ocrx_word' id='word_1_209' title='bbox 841 4296 1005 4404; x_wconf 91' lang='lat' dir='ltr'><strong>quando</strong></span> <span class='ocrx_word' id='word_1_210' title='bbox 1027 4298 1278 4376; x_wconf 90' lang='lat' dir='ltr'><strong>oonsumata</strong></span> <span class='ocrx_word' id='word_1_211' title='bbox 1300 4296 1362 4371; x_wconf 91' lang='lat' dir='ltr'><strong>est</strong></span> 
     </span>
     <span class='ocr_line' id='line_1_31' title="bbox 183 4413 1359 4536; baseline 0.008 -43"><span class='ocrx_word' id='word_1_212' title='bbox 183 4413 361 4502; x_wconf 87' lang='lat' dir='ltr'><strong>simonia</strong></span> <span class='ocrx_word' id='word_1_213' title='bbox 392 4424 609 4508; x_wconf 88' lang='lat' dir='ltr'><strong>traditione</strong></span> <span class='ocrx_word' id='word_1_214' title='bbox 640 4435 725 4510; x_wconf 89' lang='lat' dir='ltr'><strong>tam</strong></span> <span class='ocrx_word' id='word_1_215' title='bbox 756 4429 921 4530; x_wconf 85' lang='lat' dir='ltr'><strong>merois,</strong></span> <span class='ocrx_word' id='word_1_216' title='bbox 955 4453 1080 4536; x_wconf 91' lang='lat' dir='ltr'><strong>quam</strong></span> <span class='ocrx_word' id='word_1_217' title='bbox 1111 4425 1245 4535; x_wconf 88' lang='lat' dir='ltr'><strong>pretii.</strong></span> <span class='ocrx_word' id='word_1_218' title='bbox 1272 4421 1359 4504; x_wconf 89' lang='lat' dir='ltr'><strong>Neo</strong></span> 
     </span>
    </p>
   </div>
   <div class='ocr_carea' id='block_1_5' title="bbox 0 0 1698 5136">
    <p class='ocr_par' dir='ltr' id='par_1_6' title="bbox 0 0 1698 5136">
     <span class='ocr_line' id='line_1_32' title="bbox 0 0 1698 5136; baseline 0 6"><span class='ocrx_word' id='word_1_219' title='bbox 0 0 1698 5136; x_wconf 95' lang='lat' dir='ltr'><strong> </strong></span> 
     </span>
    </p>
   </div>
  </div>
 </body>
</html>
