3136 5138
414 398 522 450 mnan
544 399 591 448 1v.
615 417 637 430 -
658 399 797 450 neonus
820 399 880 452 vu.
1173 383 1236 449 189

95 527 319 608 inhabilitas:
339 553 484 607 omues
500 535 637 607 tamen
653 526 696 607 in
715 526 794 608 hoc
814 526 1062 608 conveniunt
1081 525 1231 608 habere

92 662 265 742 rationem
283 686 455 768 poenae3
475 659 585 767 atqui
602 685 759 768 poenae
775 659 1074 742 ecclesiasticae
1095 661 1234 742 incur-

90 805 215 877 runtur
243 821 404 903 quoque
430 795 481 874 ab
503 793 569 894 iis,
594 794 663 901 qui
685 821 756 874 eas
777 793 980 902 ignorant.
1006 795 1066 876 De
1087 796 1232 903 poenis

92 928 200 1035 viguit
228 929 267 1008 in
296 929 389 1036 jure
419 927 497 1008 hoc
517 928 779 1036 principium,
803 930 912 1037 quod
938 955 1010 1010 eae
1032 931 1233 1036 respicere

90 1087 154 1141 non
182 1073 352 1169 possunt
382 1070 499 1143 actus
529 1062 787 1169 praeteritos,
812 1089 958 1171 nempe
981 1071 1073 1144 ante
1098 1063 1232 1169 legem

92 1195 367 1303 promulgatam
385 1205 541 1304 poenac'
568 1223 650 1276 non
671 1194 952 1296 incurruntur3
970 1196 1043 1277 sed
1069 1198 1233 1304 quando

92 1327 142 1408 len
159 1339 216 1412 est
241 1331 492 1412 sufficienter
521 1328 804 1411 communitati
836 1329 1110 1437 promulgata,
1134 1339 1233 1412 tunc

94 1490 202 1571 poena
236 1467 288 1546 ab
329 1465 523 1546 omnibus
563 1464 799 1565 incurritur,
842 1489 974 1572 neque
1013 1465 1236 1573 requiritur

91 1598 235 1681 scientia
255 1625 427 1707 poenae.
453 1601 538 1678 Imo
560 1598 743 1678 maxima
764 1597 992 1678 differentia
1011 1598 1116 1678 inter
1136 1625 1234 1706 poe-

93 1757 150 1810 nas
166 1739 200 1813 et
219 1758 418 1813 censuras
448 1731 550 1811 haec
575 1739 651 1832 est,
676 1731 784 1838 quod
806 1732 857 1812 ad
878 1758 1075 1812 censuras
1096 1731 1234 1814 incur-

90 1865 212 1947 rendas
236 1866 461 1974 requiritur
480 1865 653 1947 scientia
673 1866 926 1966 carumdem,
951 1893 1031 1946 non
1055 1867 1114 1948 sio
1135 1894 1232 1948 vero

88 1997 176 2078 circa
202 2025 374 2107 poenas,
399 1998 451 2079 Et
477 1999 570 2106 jure
601 1998 765 2106 quidem
796 2024 891 2078 cum
922 2023 1119 2080 censurae
1150 2027 1232 2080 uon

19 2135 20 2190 l
91 2131 327 2216 incurrantur
355 2133 444 2214 sinc
475 2141 709 2240 contemptu
751 2132 1005 2213 auctoritatis
1041 2133 1233 2214 ecclcsia-

19 2245 20 2278 ³
88 2263 206 2366 sticae3
238 2267 275 2346 is
307 2291 403 2346 vero
434 2265 503 2372 qui
534 2265 697 2372 ignorat
727 2265 985 2372 disciplinam
1023 2293 1103 2346 nou
1135 2293 1232 2348 con-

19 2377 20 2380 *
91 2399 221 2480 temnit:
258 2426 311 2479 ex
340 2398 417 2478 hoc
449 2399 602 2479 lactum
634 2415 710 2498 est,
744 2399 853 2506 quod
884 2400 976 2480 illac
1008 2400 1231 2482 divisiones

90 2531 320 2636 ignorantiae
337 2534 378 2614 in
393 2532 672 2614 invincibilem
694 2541 733 2614 et
754 2534 1002 2634 vincibilem,
1027 2561 1228 2636 crassam,

87 2673 117 2744 et
142 2667 383 2766 affectatam,
407 2665 442 2745 si
463 2692 599 2746 sermo
621 2675 682 2746 est
703 2667 751 2746 de
772 2667 982 2748 sanctione
1008 2659 1125 2776 legis,
1149 2695 1232 2748 non

89 2797 294 2879 reserantur
315 2797 393 2878 nisi
416 2799 467 2878 ad
489 2825 701 2899 censuraS,
726 2801 775 2880 dc
796 2799 947 2907 quibus
968 2799 1020 2878 ab
1041 2801 1122 2880 illis
1143 2803 1234 2882 Au·

90 2930 247 3012 ctoribus
271 2930 481 3038 quaeritur
508 2933 714 3039 quomodo
746 2931 840 3012 talis
861 2941 1081 3041 conceptus
1102 2935 1234 3041 possit

88 3065 254 3170 componi
272 3090 368 3145 oum
385 3064 490 3171 lege,
510 3090 615 3171 quae
635 3091 833 3147 censuras
854 3066 1126 3147 comminetur
1149 3069 1234 3177 ipso

81 3195 179 3298 chto
199 3198 485 3300 incurrendas3
504 3199 611 3305 quod
635 3199 687 3278 ab
710 3198 761 3278 iis
781 3198 827 3278 fit
847 3199 1048 3304 exigendo
1071 3207 1115 3279 ut
1137 3227 1235 3280 eou-

86 3335 238 3436 temptor
254 3329 358 3436 legis
373 3329 523 3411 habeat
539 3331 751 3437 praeviam
767 3331 1040 3438 cognitionem
1057 3333 1234 3414 inflictae

87 3485 277 3562 censurae,
313 3464 421 3545 unde
451 3491 627 3572 peccans
658 3471 801 3545 contra
830 3465 963 3570 legem
984 3465 1159 3548 habetur
1189 3479 1235 3550 ut

84 3604 320 3708 contemptor
359 3601 574 3707 potestatis
615 3599 931 3680 ecclesiasticae.
964 3599 1119 3680 -Cum
1152 3629 1234 3710 qua

85 3731 267 3812 sententia
296 3733 478 3812 maxime
510 3732 700 3814 cohaeret
730 3733 871 3840 praxis
893 3732 1236 3816 Poenitcntiariao

85 3873 114 3937 et
141 3861 330 3946 Datariae
350 3865 631 3973 Apostolicae‚
666 3893 771 3973 quae
802 3865 844 3945 iu
874 3867 1145 3948 concedendis
1175 3869 1237 3949 di-

86 3997 894 4108 sponsationibusquoadimpedimentum
906 4000 1104 4100 criminiS,
1114 4011 1236 4110 prout

87 4149 143 4227 pro
166 4131 258 4212 aliis
279 4133 599 4242 impedimentis,
624 4134 792 4241 quaein
813 4135 984 4216 modum
1006 4162 1235 4243 poenarum

88 4255 281 4368 impositae
298 4275 411 4368 sunt,
430 4267 539 4349 sicut
554 4268 596 4347 in
615 4267 954 4375 responsionibus
975 4268 1026 4349 ad
1048 4268 1236 4376 quaesita

83 4399 230 4495 quando
257 4399 340 4483 tale
371 4401 709 4509 impedimentum
739 4409 996 4483 contractum
1027 4402 1148 4483 fuerit
1170 4400 1235 4481 vel
