3386 5126
328 325 393 392 196
622 339 892 386 mmmmm
914 338 1007 385 sunu
1028 339 1191 386 casotum

328 469 479 551 reterre
498 475 702 550 teneatur.
722 465 803 545 Sed
820 463 967 573 poterit
988 492 1040 545 ne
1059 463 1200 545 haberi
1222 467 1507 549 communica-

327 605 400 706 tio,
428 609 469 684 et
493 601 717 710 disputatio
737 627 834 682 cum
854 599 1099 682 haereticis?
1125 601 1227 681 Mox
1249 599 1501 683 videbimus,

326 876 392 956 De
411 876 790 962 communicatione,
813 880 851 951 ct
867 869 1144 981 disputatione
1157 897 1246 950 com
1264 869 1500 953 haereticis.

412 1139 742 1224 Communicatio
771 1166 869 1221 cum
890 1139 1109 1220 haereticis
1134 1139 1232 1220 olim
1253 1150 1343 1220 erat
1362 1140 1504 1222 catho-

323 1277 414 1358 licis
444 1275 632 1358 absolute
663 1275 892 1375 interdicta,
932 1285 1072 1382 utpote
1113 1275 1497 1355 excommunicatis,

322 1411 446 1519 quue
476 1409 630 1492 factum
661 1417 724 1491 est
753 1416 842 1489 tum
874 1417 920 1489 ut
949 1407 1002 1486 ab
1033 1406 1217 1487 haeresis
1256 1407 1501 1514 contagione

321 1544 463 1626 fideles
493 1553 872 1652 praeservarentur3
908 1553 994 1623 tum
1017 1549 1062 1623 ut
1081 1541 1264 1650 perversi
1286 1553 1499 1622 noscerent

321 1706 367 1760 se
396 1705 489 1760 esse
520 1677 572 1758 ab
602 1677 789 1758 Ecclesia
827 1677 1036 1784 depulsos.
1086 1675 1220 1756 Hodie
1264 1676 1338 1756 sed
1384 1701 1494 1774 vero,

321 1813 444 1893 modo
474 1811 618 1920 procul
647 1811 703 1892 sit
730 1810 991 1908 scandalum,
1025 1817 1065 1890 et
1084 1810 1315 1917 pericnlum
1335 1837 1499 1918 perver-

320 1945 466 2047 sionis,
499 1945 713 2026 interdicta
742 1951 904 2026 tantum
944 1951 1007 2023 est
1051 1943 1368 2024 communicatio
1398 1969 1495 2023 cum

321 2075 537 2159 haereticis
567 2077 740 2186 publice,
764 2086 804 2159 et
823 2076 1067 2158 nominatim
1090 2076 1367 2176 denuncietis,
1390 2083 1497 2155 tam·

319 2237 445 2320 quam
474 2237 570 2294 cum
601 2211 971 2293 excommunicatis
1002 2211 1194 2309 vitandis,
1231 2211 1290 2292 uti
1313 2219 1423 2318 patet
1441 2212 1494 2289 ab

318 2344 483 2426 Extrav.
520 2345 689 2426 Martini
720 2347 760 2424 V
790 2346 860 2428 Ad
889 2345 1073 2426 citanda.
1109 2346 1248 2438 Quare
1280 2371 1377 2425 oum
1399 2343 1495 2425 hae-

318 2477 456 2559 reticis
486 2477 669 2561 toleratis
699 2479 792 2560 licet
822 2479 1128 2561 communicare
1159 2479 1202 2558 in
1227 2478 1429 2586 profanis,
1453 2479 1491 2558 in

317 2611 526 2712 civilibus,
560 2621 601 2694 et
630 2612 822 2694 civilibus
851 2613 1097 2720 conjunctis,
1132 2612 1191 2694 uti
1222 2621 1332 2694 esset
1362 2638 1490 2712 mera,

317 2753 356 2826 et
386 2746 612 2828 materialis
641 2745 874 2853 praesentia
904 2747 1096 2828 haeretici
1130 2747 1262 2828 funeri
1301 2747 1493 2828 catholici

200 2989 202 2994 Ι
316 2901 446 2958 causa
475 2875 659 2978 honoris,
692 2887 738 2962 ut
762 2879 937 2962 habetur
958 2881 999 2960 in
1021 2881 1290 2988 responsione
1312 2881 1358 2962 S.
1385 2880 1493 2961 Con·

315 3009 568 3118 gregationis
599 3011 643 3092 S.
669 3011 802 3094 Officii
828 3013 924 3094 data
945 3039 1052 3094 anno
1078 3014 1215 3115 1753;
1240 3012 1337 3095 item
1360 3039 1489 3114 mera,

314 3149 354 3224 et
384 3144 610 3228 materialis
629 3153 791 3228 tantum
812 3147 1044 3255 praesentia
1063 3147 1256 3228 haeretici
1279 3145 1488 3254 precibus

314 3283 353 3357 et
383 3276 530 3360 ritibus
560 3279 786 3362 catholicis,
821 3279 941 3362 Card.
977 3279 1119 3388 Soglia
1138 3279 1239 3361 lost.
1263 3281 1358 3388 jor.
1373 3281 1486 3391 prio.

313 3413 354 3514 ἓ.
388 3415 509 3512 234,·
542 3413 640 3496 item
670 3413 907 3495 assistentia
936 3412 1123 3494 catholici
1155 3413 1311 3522 nuptiis
1346 3413 1491 3493 haere·

311 3543 501 3626 tinorum.
546 3545 642 3628 Bul.
686 3548 798 3627 inter
837 3549 1071 3656 omniqcnos
1117 3547 1326 3628 Benedicti
1368 3545 1483 3628 XIV.

398 3675 695 3759 Verumtamen
726 3679 985 3786 regulariter,
1019 3687 1059 3762 et
1079 3681 1257 3788 practice
1285 3679 1488 3789 loquendo

309 3815 371 3888 est
391 3807 606 3894 interdicta
627 3810 864 3920 hujusmodi
886 3814 1206 3896 communicatio
1224 3815 1266 3894 in
1283 3815 1428 3914 sacris,
1448 3821 1489 3894 et

309 3939 484 4046 divinis3
519 3971 630 4046 nam,
665 3954 710 4027 ut
736 3947 793 4026 ait
813 3946 1062 4028 Benedictus
1085 3947 1185 4027 XIV
1205 3993 1256 4005 -
1277 3947 1386 4028 Fere
1407 3949 1482 4028 im·

300 4077 496 4185 possibile
526 4085 582 4159 est
612 4081 825 4162 usuvenire
854 4087 897 4161 ot
927 4107 955 4160 a
978 4081 1154 4189 flcqitio
1185 4083 1383 4162 excusari
1414 4107 1484 4161 oo-

309 4205 418 4288 teant
449 4210 655 4304 catholici,
689 4241 773 4294 sese
805 4217 847 4296 in
878 4215 994 4295 rebus
1023 4217 1155 4296 sacris
1187 4239 1277 4294 cnm
1307 4211 1487 4294 haercti-

309 4339 381 4432 cis‚
415 4349 451 4421 et
482 4345 750 4427 schismaticis
781 4345 1074 4429 admiscentes:
1107 4347 1206 4457 quia
1249 4357 1293 4429 ut
1324 4344 1479 4443 subdit,
