3386 5126
574 329 674 376 mnu
697 329 728 374 v.
753 345 795 356 --
819 327 958 374 uranus
980 327 1025 376 vr.
1322 307 1388 376 179

209 453 433 537 christiano
473 454 687 536 instituere
728 453 941 554 haeredes,
976 461 1048 534 aut
1087 453 1251 562 legatis,
1290 456 1383 537 fidei

208 588 458 690 commissis,
493 589 556 672 vel
588 588 879 670 donationibus
911 588 1175 696 locupletare,
1201 590 1386 672 admissa

206 730 367 805 tanturn
397 721 504 804 inter
534 723 647 830 ipsos
677 723 852 831 judaeos
874 728 945 804 aut
966 725 1291 826 testamentaria,
1312 731 1386 807 aut

204 859 388 966 legitima
423 857 687 942 successione
724 884 814 968 erp.
851 885 942 968 cop.
977 860 1026 951 5,
1060 866 1098 938 ct
1138 865 1166 940 6
1207 859 1256 940 de
1285 858 1386 939 hae-

206 997 358 1104 recten,
392 993 544 1074 Essent
583 993 692 1073 enim
734 993 835 1074 haec
875 992 1015 1074 omnia
1046 1019 1128 1073 non
1158 991 1384 1074 mediocria

204 1127 511 1209 benevolentiae
543 1136 788 1236 argumenta
820 1154 845 1208 a
874 1127 1098 1210 christiano
1129 1127 1170 1208 in
1208 1128 1383 1234 judaeos

205 1260 403 1362 exhibita,
428 1262 511 1342 imo
543 1269 583 1342 et
607 1263 648 1342 in
671 1261 927 1344 institutione
948 1261 1221 1344 haereditaria
1242 1264 1384 1344 obser-

204 1403 383 1497 veretur,
398 1395 599 1502 judaeum
621 1395 840 1478 haeredem
862 1395 1075 1478 christiani
1092 1395 1271 1478 defuncti
1290 1422 1385 1503 per-

203 1553 349 1610 sonam
365 1539 660 1637 representare,
683 1559 779 1614 cum
796 1530 942 1612 haeres
963 1530 1144 1612 defuncti
1162 1557 1381 1638 personam

203 1659 375 1744 induere
391 1665 565 1748 dicatur.
586 1665 784 1774 Exceptio
801 1673 961 1748 tantum
978 1671 1056 1767 est,
1080 1664 1117 1744 si
1132 1665 1383 1747 christianus

202 1793 356 1902 legaret
382 1797 548 1906 judaeo,
584 1801 693 1909 quod
725 1799 801 1908 ipsi
829 1800 926 1880 olim
959 1827 1009 1882 ex
1042 1799 1223 1908 qualibet
1252 1825 1382 1882 causa
1482 1834 1490 1850 s

202 1929 403 2034 debebat3
436 1960 519 2015 non
555 1935 743 2018 enimin
774 1961 824 2016 ea
853 1934 990 2043 specie
1020 1933 1244 2015 liberalitas
1275 1933 1376 2034 ulla,

200 2064 264 2144 vel
286 2067 572 2148 benevolentia
608 2069 839 2165 exhibetur,
867 2070 939 2150 sed
962 2068 1091 2150 tutius
1112 2067 1375 2174 prospicitur,

200 2225 251 2280 ne
282 2199 376 2306 quis
406 2225 483 2280 suo
511 2200 603 2306 jure
636 2201 862 2282 fraudetur.
897 2202 987 2282 Etc.

286 2322 464 2406 Ratione
506 2351 603 2404 varo
644 2325 781 2406 cultus
822 2349 1035 2406 sacrorum
1077 2324 1224 2406 iterum
1266 2322 1374 2404 idem

199 2459 348 2540 modus
379 2461 609 2542 servandus
641 2469 744 2559 erat,
766 2467 813 2541 ut
843 2459 955 2566 rigor
985 2486 1081 2540 cum
1117 2456 1375 2556 humanitate

197 2597 507 2699 temperaretur,
543 2594 648 2676 idest
679 2594 944 2675 exhiberetur
973 2592 1212 2676 humanitas
1242 2595 1284 2676 in
1307 2621 1370 2696 eo,

197 2731 244 2808 ut
279 2725 420 2831 judaei
461 2755 562 2808 suos
592 2729 697 2810 ritus
738 2729 787 2808 de
828 2755 941 2808 more
978 2737 1230 2828 exercerent,
1265 2729 1378 2836 rigor

197 2858 322 2942 etiem
362 2869 527 2968 proesto
568 2871 689 2960 esset,
727 2889 778 2941 ne
809 2861 972 2942 illorum
1011 2865 1146 2945 fovere
1176 2865 1375 2972 supersti-

196 2991 327 3074 tiones
359 2993 607 3097 videremur,
645 3003 766 3103 atque
797 3003 844 3076 ut
874 3007 1090 3078 noscerent
1126 2999 1220 3104 ipsi,
1259 2999 1373 3078 abuti

195 3125 487 3234 superstitione
504 3155 596 3230 sua,
612 3139 683 3211 aut
700 3129 867 3237 gloriari
885 3129 997 3210 nullo
1014 3131 1135 3210 modo
1152 3157 1288 3237 posse.
1305 3132 1370 3212 Ad

194 3259 494 3344 humanitatem
526 3264 717 3371 inprimis
753 3265 996 3372 pertinebat,
1031 3273 1077 3343 ut
1109 3291 1204 3344 curn
1231 3266 1370 3371 judaei

195 3395 244 3476 de
274 3421 390 3478 more
420 3423 498 3477 suo
528 3397 650 3498 ritus,
685 3398 958 3496 ceremonias,
991 3397 1289 3496 solemnitates,
1324 3423 1373 3478 ec

194 3528 436 3612 festivitates
476 3531 744 3632 celebrarent,
780 3559 860 3612 non
904 3531 1170 3614 turbarentur
1200 3557 1226 3612 a
1256 3531 1370 3612 chri-

193 3663 339 3746 stianis
379 3663 455 3773 lep.
496 3667 555 3746 14
606 3667 710 3749 Cod.
756 3667 805 3748 de
825 3667 1014 3774 judaeis,
1053 3668 1129 3778 lep.
1174 3669 1229 3748 16
1265 3666 1368 3750 Cod.

193 3799 243 3879 cle
265 3801 461 3908 poponis,
495 3827 627 3910 neque
659 3828 684 3882 a
714 3801 952 3886 christianis
974 3803 1279 3904 invaderentur,
1299 3812 1373 3885 aut

192 3933 546 4042 disrumperentur
568 3939 814 4020 coemeteria
831 3939 1097 4046 judaeorum.
1132 3939 1236 4049 Cap.
1263 3945 1290 4018 9
1323 3938 1373 4018 de

180 4069 365 4176 judaeis.
391 4069 581 4152 Secundo
613 4073 784 4154 vetitum
807 4081 869 4154 est
890 4072 1142 4166 christianis
1167 4099 1218 4152 ne
1240 4073 1281 4152 in
1303 4097 1371 4178 sy-

191 4231 378 4311 nagogas
416 4205 523 4288 facta
559 4207 723 4314 judaeis
765 4207 960 4289 facultate
991 4217 1148 4290 erectas
1179 4205 1295 4314 quasi
1327 4207 1369 4286 in

192 4339 362 4445 profana
391 4339 629 4422 habitacula
661 4341 864 4423 irruerent
894 4343 971 4452 lep.
1008 4345 1052 4438 4,
1086 4350 1122 4424 et
1160 4343 1233 4436 14,
1262 4341 1364 4424 Cod.
1415 4423 1421 4436 ,
