3388 5136
345 397 410 463 104
634 414 909 463 rnuncucrmnns
933 413 1026 462 roma
1048 412 1207 460 canorum

345 544 521 625 mutanti
554 543 833 626 constituatur
853 541 1199 650 correspcctivum
1230 541 1408 648 pretium
1433 570 1524 624 ces·

345 679 475 760 sionis
496 677 681 760 beneficii
714 677 796 759 sui.
1146 692 1150 700 '

431 813 653 894 Secundus
693 836 817 892 casus
862 808 1064 892 simoniae
1100 805 1206 916 juris
1244 807 1523 891 Ecclesiastici

343 946 533 1046 habetur,
577 945 612 1026 si
645 971 670 1024 a
701 945 864 1025 duobus
906 943 1167 1052 litigantibus
1202 940 1311 1023 circa
1356 941 1522 1050 aliquod

344 1081 589 1162 beneficium
631 1080 853 1162 transactio
883 1080 929 1162 fit
958 1079 1203 1162 auctoritate
1233 1077 1407 1185 privata.
1452 1079 1521 1160 Ita

350 1217 451 1326 Cap.
489 1216 518 1294 4
550 1213 774 1326 depactis,
809 1223 845 1296 ct
881 1216 983 1326 Cap.
1020 1217 1049 1294 4
1080 1213 1129 1294 dc
1155 1213 1515 1296 transactionibus.

344 1352 397 1432 Et
426 1351 531 1432 ratio
562 1359 640 1450 est,
674 1350 772 1458 quia
803 1349 927 1432 etiam
959 1349 1001 1428 in
1031 1345 1110 1429 hoc
1144 1373 1244 1428 casu
1286 1346 1520 1430 verificatur

342 1483 570 1593 periculum
602 1483 803 1564 simoniae
829 1483 936 1592 juris
966 1481 1108 1564 divini.
1143 1477 1310 1562 Tertius
1341 1479 1518 1587 denique

343 1643 467 1700 casus
498 1623 560 1696 est
591 1619 844 1699 renunciatio
875 1616 1061 1700 beneficii
1094 1616 1136 1695 in
1175 1614 1355 1695 favorem
1389 1613 1513 1695 tertii.

343 1751 614 1832 Reiffenstuel
646 1749 696 1831 dc
726 1753 952 1832 renunciat.
988 1757 1029 1854 §-
1064 1753 1109 1850 5,
1144 1778 1184 1830 n.
1224 1753 1329 1830 108.
1365 1749 1516 1830 Utrum

344 1913 441 1968 vcro
471 1885 650 1966 simonia
666 1885 775 1992 juris
797 1883 1074 1966 Ecclesiastici
1097 1883 1287 1965 admittat
1311 1884 1516 1964 levitatem

340 2019 540 2102 materiae
565 2047 647 2101 non
668 2019 918 2101 conveniunt
933 2017 1044 2112 Du..
1064 2025 1103 2100 ct
1132 2018 1383 2099 canonistac.
1409 2015 1516 2098 Vide

342 2153 715 2260 Schmalzgrueber
735 2153 776 2236 h.
803 2165 831 2236 t.
859 2157 884 2256 ξ
906 2158 950 2236 3.
974 2184 1016 2234 n.
1044 2156 1115 2235 14.
1141 2155 1211 2235 15.
1238 2156 1309 2254 16,
1334 2163 1371 2236 et
1391 2155 1462 2234 17.

425 2289 611 2397 Utraque
643 2297 782 2370 autern
813 2288 992 2370 simonia
1026 2297 1111 2369 tam
1148 2288 1256 2395 juris
1286 2286 1440 2387 Diviui,
1475 2297 1516 2370 et

337 2422 553 2523 naturaliS,
587 2448 711 2528 quam
737 2421 845 2528 juris
876 2420 1038 2528 positivi
1071 2421 1347 2504 Ecclesiastici
1370 2421 1516 2503 subdi-

337 2557 490 2638 viditur
505 2556 546 2636 in
571 2557 788 2654 internam,
814 2560 853 2634 et
874 2562 1102 2636 cateruam.
1123 2557 1287 2637 Iuturna
1307 2565 1384 2656 est,
1408 2583 1513 2666 quae

337 2693 378 2771 in
410 2690 501 2771 sola
531 2693 682 2787 mente,
717 2687 803 2768 sive
835 2688 993 2770 interno
1021 2689 1146 2772 animi
1169 2690 1380 2798 proposito
1402 2718 1513 2774 com·

336 2822 524 2904 mittendi
556 2821 777 2904 simoniam
807 2823 1007 2906 consistit.
1043 2825 1225 2906 Externa
1261 2833 1398 2907 autem
1432 2835 1509 2928 est,

335 2957 512 3068 quaein
544 2965 680 3038 actum
713 2964 928 3038 externum
962 2957 1061 3058 exit,
1095 2985 1143 3039 ac
1174 2959 1418 3067 prorumpit.
1448 2959 1513 3041 ld-

334 3119 414 3200 que
447 3091 597 3199 duplici
630 3093 752 3172 modo
781 3092 870 3172 lieri
900 3097 1048 3198 potest,
1092 3090 1152 3172 vel
1193 3093 1302 3172 onim
1344 3099 1509 3200 pactum

333 3225 499 3336 aliquod
520 3253 778 3336 expressum,
804 3227 870 3308 vel
886 3225 1056 3308 tacitum
1073 3227 1300 3332 intercedit,
1320 3228 1385 3312 vel
1398 3254 1480 3344 non
1498 3257 1506 3308 :

332 3364 367 3446 si
400 3391 481 3446 non
513 3363 726 3444 intercedit
756 3379 938 3469 pactum,
973 3387 1038 3442 res
1069 3389 1165 3443 vcro
1206 3350 1435 3472 spiritualis
1468 3359 1510 3441 in

332 3497 707 3602 compensationem
738 3495 992 3604 temporalis
1016 3502 1089 3577 aut
1110 3495 1211 3578 hacc
1231 3509 1395 3608 propter
1420 3529 1493 3586 reu

331 3627 588 3736 spiritualem
619 3636 829 3733 acceptam
858 3628 1052 3736 quasi'cx
1074 3629 1211 3711 debito
1233 3632 1368 3736 datur,
1394 3663 1507 3718 com·
1566 3715 1580 3756 x

331 3762 436 3844 mitti
467 3761 616 3844 dicitur
644 3761 822 3842 simonia
852 3764 1067 3845 mentalis:
1101 3764 1135 3844 si
1163 3773 1301 3845 autem
1332 3766 1505 3851 interce·
1578 3815 1589 3854 i

306 3896 390 4010 ⁸dit
419 3896 583 4004 aliquod
614 3901 780 4004 pactum
812 3923 1071 4005 expressum,
1105 3897 1168 3978 vel
1195 3897 1380 4002 tacitum,
1404 3909 1503 3987 tunc
1588 3881 1615 4012 't

330 4031 559 4142 appellatur
588 4031 766 4113 simonia
797 4031 1127 4112 conventionalia.
1615 4036 1618 4048 ¹

415 4165 602 4246 Simonia
631 4165 821 4247 mentalis
842 4163 978 4272 itaque
999 4165 1270 4247 committitur
1290 4194 1384 4248 cum
1407 4170 1499 4277 quis

328 4323 412 4379 rem
445 4297 701 4405 spiritualem
732 4299 855 4383 alicui
878 4299 1047 4402 confert,
1073 4309 1285 4410 tamquam
1307 4329 1500 4412 compen·

326 4431 526 4515 sationem
562 4459 613 4514 cx
640 4433 801 4541 justitia
831 4433 1009 4517 debitam
1042 4463 1115 4544 pro
1147 4463 1191 4517 re
1211 4438 1422 4546 temporali
1446 4438 1497 4520 ab
