3386 5126
546 475 646 522 nmen
668 475 701 522 v.
727 493 769 505 -
793 477 932 523 nunnus
955 479 988 522 v.
1290 455 1354 523 tea

184 605 334 715 requiri
357 632 430 714 pro
451 604 686 712 praebenda
707 601 953 712 theologali3
977 629 1067 684 esse
1084 614 1223 687 autem
1242 633 1356 688 men-

183 751 265 824 tem
296 737 466 821 Concilii
498 737 743 837 Tridentini,
770 745 815 819 ut
835 737 1012 846 eligatur
1032 739 1186 839 doctor,
1208 748 1247 822 et
1268 742 1359 850 qui·

185 879 278 960 dem
309 874 351 955 in
382 873 603 981 theologia.
630 873 691 954 Ac
722 872 856 981 proin,
876 873 910 953 si
928 881 1091 982 praesto
1122 873 1176 954 sit
1205 875 1354 955 sivein

186 1010 382 1110 dioecesi,
406 1009 493 1090 sive
515 1015 646 1109 extra,
672 1005 821 1114 aliquis
844 1007 1031 1110 idoneus,
1056 1016 1096 1090 et
1116 1007 1242 1088 simul
1263 1009 1359 1091 doc·

187 1155 251 1228 tor
281 1145 322 1225 in
353 1142 574 1250 theologia,
609 1141 660 1223 ad
692 1151 870 1224 mentem
910 1142 1137 1224 Tridentini
1180 1143 1246 1225 hic
1277 1171 1356 1224 an-

187 1279 445 1388 teponendus
466 1285 527 1358 est
548 1283 587 1358 et
609 1304 690 1358 non
722 1277 976 1378 doctoribus,
996 1283 1036 1358 et
1057 1275 1295 1359 doctoribus
1317 1279 1357 1359 in

185 1415 278 1523 jure
294 1411 516 1493 Canonico
542 1411 585 1492 Si
609 1417 711 1493 vero
725 1411 956 1519 Episcopus
978 1411 1100 1516 eligat
1122 1438 1203 1492 non
1225 1412 1359 1494 docto-

191 1573 292 1648 rem,
327 1544 587 1653 caeteroquin
619 1545 827 1644 idoneum,
865 1551 937 1625 aut
966 1546 1173 1627 doctorem
1203 1547 1364 1654 injure

192 1681 411 1780 Canonicn,
434 1681 574 1761 relicto
591 1680 755 1762 doctore
777 1681 816 1760 in
834 1679 1040 1788 theologia
1056 1681 1180 1762 etiarn
1198 1683 1360 1786 idonee,

193 1813 344 1895 valebit
374 1813 531 1913 electi0,
566 1819 605 1894 et
634 1813 749 1894 nulla
779 1840 884 1922 opus
925 1814 1001 1895 erit
1041 1815 1363 1923 dispensatione,

194 1947 296 2030 cum¹
320 1975 401 2029 non
433 1947 584 2030 existat
613 1947 775 2056 proprio
806 1948 914 2030 dicta
944 1947 1010 2030 lex
1032 1949 1074 2030 in
1096 1949 1363 2032 contrarium.

192 2085 252 2164 lta
282 2083 418 2164 Bouix
452 2086 520 2164 at.
557 2081 632 2162 loc.

732 2465 757 2564 ἓ
791 2462 853 2542 2²

442 2724 506 2803 De
536 2723 672 2831 officio
708 2723 909 2805 Canonici
937 2721 1127 2832 theologi.

288 2981 419 3076 Quale
440 2988 527 3062 erat
557 2980 784 3089 antiquitus
815 2981 998 3063 officium
1024 2983 1219 3064 Canonici
1242 2985 1376 3065 Theo-

203 3117 284 3224 logi
321 3116 448 3198 videri
490 3123 624 3224 potest
659 3144 784 3225 penes
819 3116 943 3198 Card.
979 3117 1101 3196 Petra
1140 3118 1294 3198 Comm.
1333 3120 1377 3198 in

208 3251 380 3332 Constet.
405 3252 525 3358 qnasi
540 3252 679 3332 Innoc.
709 3253 773 3332 VI
789 3253 831 3330 in
861 3251 1018 3332 Summ.
1049 3279 1088 3330 n.
1118 3255 1191 3330 46.
1219 3253 1375 3332 Verum

205 3383 402 3493 quidquid
425 3383 479 3464 sit
499 3383 549 3464 de
571 3383 695 3465 veteri
719 3384 900 3492 practica
921 3385 1252 3493 interpretatione
1274 3385 1381 3462 Con-

207 3518 288 3597 cilii
303 3516 551 3614 Tridentini,
570 3517 669 3596 illud
691 3517 812 3598 hodie
828 3525 1001 3618 certum,
1021 3515 1382 3624 indubitatumque

208 3659 285 3750 est,
305 3651 413 3762 quod
434 3659 527 3757 post
547 3650 774 3759 encyclicas
791 3652 930 3734 literas
946 3649 1132 3762 Gregorii
1151 3653 1250 3734 XVI
1271 3653 1383 3734 Inter

202 3786 453 3898 praecipuas
474 3811 581 3867 anno
617 3789 727 3868 1842
759 3788 800 3870 in
832 3787 966 3870 lucem
997 3789 1128 3870 editas
1159 3788 1383 3870 canonicus

208 3921 425 4028 theologus
447 3922 498 4004 ad
529 3921 702 4004 biblinas
732 3923 925 4006 lectiones
952 3923 993 4003 in
1011 3921 1200 4006 Ecclesia
1230 3923 1385 4002 haben·

211 4057 286 4137 das
301 4063 504 4159 teneatur,
529 4063 569 4137 et
588 4055 679 4140 sine
694 4058 864 4167 judicic,
892 4065 932 4139 et
952 4056 1072 4139 venia
1093 4058 1137 4138 S.
1164 4056 1283 4137 Sedis
1307 4081 1386 4135 non

213 4189 342 4297 possit
363 4189 438 4271 has
469 4192 655 4299 publicas
696 4193 889 4274 lectiones
920 4193 1120 4291 omittere,
1166 4198 1206 4271 et
1244 4217 1386 4272 earum

213 4324 301 4405 loco
324 4325 363 4405 in
395 4327 618 4407 seminario
649 4327 708 4416 S..
729 4327 999 4435 Scripturam‚
1035 4326 1098 4407 vel
1140 4323 1387 4432 theologiam

214 4457 372 4540 docere.
392 4460 516 4569 quue
548 4461 594 4544 S.
619 4460 788 4543 Concilii
821 4459 1093 4569 Congregatio
1126 4460 1166 4540 in
1198 4459 1389 4568 pluribus
