3388 5136
565 487 664 534 uranu
687 487 719 532 v.
746 505 789 516 -
812 487 953 534 rrrnnus
974 488 1021 533 nr.
1319 468 1383 536 135

158 657 160 661 ·
207 615 434 696 munientia
456 622 600 696 contra
618 651 677 686 ε
693 640 781 694 reos
802 615 1001 694 simoniae
1022 614 1148 694 realis
1171 619 1212 696 in
1234 615 1386 724 benefl-

209 753 284 832 ciis
306 751 633 858 quibuscumque,
649 775 864 856 coramque
880 747 1106 857 complices.
1127 749 1195 829 II.⁰
1207 748 1385 830 Nullitas

209 881 453 982 collationis
470 891 511 964 et
526 883 825 991 acquisitionis,
840 910 891 962 ex
910 909 992 990 qua
1009 883 1066 982 fit,
1078 889 1123 963 ut
1138 881 1383 964 beneficium

209 1015 332 1096 etiam
355 1023 448 1097 ante
470 1017 716 1097 sententiam
749 1016 903 1124 judicis
925 1016 1071 1096 debeat
1092 1041 1117 1094 a
1137 1015 1386 1098 Beneficiato

210 1148 374 1248 dimitti,
414 1150 676 1258 perceptique
716 1149 871 1229 tructus
911 1147 1089 1248 restitui,
1134 1173 1386 1256 quamquam

209 1307 290 1362 non
323 1282 425 1390 ipse,
449 1283 522 1363 sed
544 1283 706 1384 tertius,
730 1309 779 1362 eo
801 1282 895 1362 licet
915 1282 1145 1389 ignorante,
1166 1282 1384 1388 pecuniam

210 1416 380 1518 dederit,
403 1417 629 1498 dummodo
652 1427 789 1498 tamen
822 1417 1000 1524 pecunia
1030 1417 1126 1496 data
1157 1443 1236 1496 non
1269 1417 1385 1500 sitin

209 1549 412 1652 fraudem,
426 1551 490 1630 vel
511 1549 591 1630 nisi
611 1552 720 1631 bona
734 1552 814 1632 fide
831 1578 905 1659 per
919 1550 1141 1631 triennium
1159 1550 1387 1657 possederit

210 1683 470 1764 beneficium.
500 1677 605 1763 Can.
626 1685 675 1765 Si
696 1685 786 1792 quis
807 1710 921 1765 cans.
949 1687 1012 1765 1.*
1037 1713 1077 1791 q.
1107 1688 1168 1763 1.·
1183 1685 1288 1794 Cap.
1309 1689 1386 1785 23,

212 1817 276 1896 De
296 1816 453 1897 Simon.
479 1823 515 1896 et
537 1819 606 1897 cit.
635 1819 809 1899 Constit.
830 1817 906 1898 Pii
931 1817 982 1898 V.
1001 1817 1085 1898 ΙΙΙ.ο
1105 1817 1312 1924 Perpetua
1328 1817 1391 1898 in·

212 1945 405 2029 habilitas
428 1949 478 2030 ad
501 1950 747 2031 beneficium
779 1951 880 2032 illud
897 1950 1166 2031 obtinendum
1197 1951 1301 2061 Cap.
1326 1953 1386 2030 59

211 2082 276 2162 De
296 2083 429 2164 Elect.
459 2085 562 2191 Cap.
588 2087 667 2183 27,
691 2087 756 2165 Dc
776 2085 933 2165 Simon.
960 2085 1029 2164 cil.
1055 2086 1214 2164 constit.
1240 2085 1316 2164 Pii
1337 2084 1386 2163 V.

210 2216 383 2321 Insuper
410 2241 483 2321 per
500 2213 654 2320 judicis
685 2215 931 2294 sententiam
963 2215 1032 2322 qui
1064 2215 1289 2295 simoniace
1320 2217 1392 2296 be-

212 2347 406 2429 neficium
429 2348 595 2455 aliquod
621 2347 816 2450 obtinuit,
841 2355 974 2457 potest
1004 2350 1127 2428 etiam
1155 2348 1247 2428 aliis
1269 2349 1393 2428 bene-

212 2481 318 2561 fieiis
348 2483 465 2589 prius
497 2481 692 2562 canonice
722 2481 950 2590 impetratis
981 2482 1160 2590 privari;
1193 2481 1391 2562 declarari

213 2615 407 2696 inhabilis
428 2617 478 2697 ad
497 2615 579 2697 alia
598 2616 798 2698 beneficia
815 2618 855 2696 in
878 2623 1087 2724 posterum
1105 2616 1364 2722 assequenda
1381 2644 1392 2716 ;

216 2747 267 2827 ab
290 2747 430 2827 alteris
452 2748 625 2855 denique
647 2749 875 2830 ministerio
892 2753 933 2829 in
956 2757 1201 2858 perpetuum
1224 2748 1388 2856 deponi.
1547 2779 1551 2788 ·

220 2880 324 2992 Cap.
349 2907 441 2961 cam
475 2907 603 2991 supra
623 2884 690 2964 De
714 2883 1013 2993 Confes.,Cap.
1053 2887 1110 2963 11
1139 2885 1203 2965 De
1234 2883 1389 2963 Simon·

217 3015 298 3095 Sed
330 3041 533 3123 quaenam
565 3041 721 3123 poenae
757 3016 942 3096 decretae
983 3023 1078 3096 sunt
1113 3042 1186 3122 pro
1217 3014 1396 3093 simonia

216 3148 521 3230 confidentialil
553 3149 613 3229 De
643 3148 722 3230 hoa
752 3175 931 3256 sequens
963 3147 1164 3228 articulus

237 3353 403 3434 Poenae
423 3363 566 3436 contra
586 3358 806 3436 simoniam
828 3351 1159 3460 confidentialem
1180 3360 1372 3433 stolatae.

307 3549 424 3640 Quae
464 3549 680 3655 hucusque
720 3549 829 3629 dicta
868 3556 965 3628 sunt
1001 3548 1050 3629 de
1081 3547 1224 3654 poenis
1255 3555 1398 3629 eontra

219 3679 486 3781 simoniacos
529 3680 779 3783 referuntur,
820 3708 868 3763 ac
908 3681 1132 3791 respiciunt
1173 3681 1393 3764 simoniam

218 3813 387 3897 realem.
420 3813 479 3894 At
508 3814 606 3922 quid
638 3815 871 3916 dicendum,
908 3817 942 3896 si
975 3816 1289 3917 confidentialiS,
1322 3842 1397 3896 seu

178 3945 181 3950 ’
220 3947 437 4031 fiduciaria
482 3949 604 4031 luerit
649 3951 859 4032 simonia?
891 3951 1011 4032 Tunc
1057 3977 1211 4058 poenae
1256 3957 1399 4030 contra

219 4083 353 4190 ipsam
375 4091 555 4164 statutae
576 4091 676 4166 sunt
705 4092 926 4192 sequentes
942 4087 1031 4165 11.ο
1051 4083 1399 4164 Exeommunica-

220 4217 277 4296 tio
299 4217 466 4324 Papalis
491 4217 583 4325 ipso
616 4217 723 4300 teoto
754 4218 1017 4318 incurrenda,
1043 4242 1148 4325 quae
1177 4224 1400 4297 renovatur

223 4351 345 4432 etiam
377 4352 417 4431 in
451 4350 624 4433 Constit.
659 4352 923 4464 Apostolicae
961 4351 1094 4453 Sedis,
1129 4351 1170 4432 in
1193 4350 1402 4460 quainter

224 4485 672 4568 excommunicationes
699 4486 805 4568 latae
836 4487 1062 4568 sententiae
1093 4488 1268 4567 Summo
1291 4485 1401 4563 Pon-
