3380 5132
16 1149 40 1230 -.‚-—-3.
16 1115 41 1142 τὲ
16 1101 33 1110 ἐ
16 985 33 1092 “x—,daeg
17 937 24 980 =-›-
17 877 27 928 z—,—„
17 681 36 870 *aq-3533?-
18 659 27 670 ι·
18 561 21 570 -
18 509 21 540 -

15 1299 48 1544 'Ifflt'fss'
16 1273 38 1292 L}
16 1239 34 1264 ,ν’

28 2487 37 2500 .
25 2419 42 2460 2
23 2341 43 2408 ,,,-
26 2273 45 2306 2,
12 2241 32 2260 ἐ
12 1549 50 2228 ‘'f‘flssssoefflzwfmtssvffi-

328 355 371 422 18
628 370 895 418 rarnmcmouus
918 370 1011 420 Junrs
1032 370 1191 418 cruorum

327 517 369 582 et
399 499 581 581 Renazzi
612 499 748 579 Elem.
784 500 880 581 Jnr.
907 501 1025 580 crim.
1052 500 1120 579 lib.
1147 503 1193 600 3,
1218 526 1309 610 cap.
1335 505 1381 601 3,
1407 505 1431 605 g
1456 505 1500 601 4,

325 665 367 716 n.
389 641 434 735 2,
469 633 606 741 prouti
632 633 725 740 jure
757 659 805 712 ac
838 633 983 714 merilo
1016 633 1200 714 adseruit
1230 633 1333 714 Pius
1365 633 1439 714 VII
1461 637 1504 716 in

322 795 482 879 proem.
516 769 622 849 Mot.
651 795 724 878 pr.
760 773 788 846 6
820 767 929 848 Julii
961 771 1098 848 1816.

413 901 548 982 Hodie
579 899 706 1008 igitur
735 900 971 983 ordinarius
1002 901 1151 981 modus
1173 899 1215 978 in
1237 899 1501 1008 inquisitione

324 1036 430 1116 situs
471 1045 558 1136 est3
593 1032 803 1115 nonnullis
843 1034 1026 1114 enimin
1068 1034 1236 1115 casibus
1278 1033 1502 1114 denuncia-

324 1167 458 1250 tiones
488 1167 776 1267 admittuntur,
801 1193 972 1274 prorsus
994 1175 1134 1248 autem
1155 1166 1316 1248 videtur
1346 1168 1500 1248 abusu

324 1300 547 1383 recessisse
593 1299 818 1382 accusatio.
853 1303 910 1382 At
949 1301 1059 1382 sicut
1105 1301 1238 1408 pudor
1278 1307 1401 1401 esset,
1435 1326 1501 1381 res

323 1436 531 1542 ignorare,
576 1460 753 1542 quarum
797 1435 995 1543 cogniti0,
1031 1442 1104 1514 aut
1146 1433 1394 1534 neccssaria,
1428 1449 1501 1516 aut

323 1567 505 1648 maxime
527 1565 642 1649 utilis
658 1576 735 1669 est,
756 1569 999 1676 praesertim
1021 1568 1119 1674 quia
1136 1575 1256 1648 vetus
1278 1569 1499 1650 accusandi

323 1700 428 1782 ratio
459 1710 544 1783 tola
563 1699 684 1782 hodie
709 1700 751 1780 in
783 1701 1128 1799 denuntiationes
1151 1709 1191 1782 et
1214 1701 1499 1808 inquisitiones

320 1834 520 1916 translata
550 1843 627 1936 est,
652 1834 777 1916 itaut
806 1834 996 1943 apprime
1018 1833 1204 1942 dignosci
1235 1843 1411 1943 nequeat
1431 1837 1500 1916 dc·

321 1969 644 2070 nuntiationum,
669 1977 708 2052 et
730 1969 1043 2078 inquisitionum
1066 1969 1266 2070 doctrina,
1286 1969 1364 2050 nisi
1385 1994 1499 2049 com-

321 2110 438 2210 perta
468 2103 522 2184 sit
552 2103 657 2184 ratio
688 2103 919 2212 priscarum
960 2101 1291 2204 accusationum,
1334 2103 1411 2184 hac
1447 2104 1498 2183 de

321 2261 366 2316 re
387 2263 463 2318 nos
494 2237 544 2320 de
575 2237 770 2318 omnibus
791 2235 1033 2344 singillatim
1055 2235 1273 2345 loquemur
1295 2234 1496 2317 distinctis

321 2371 607 2479 paragraphis,
641 2369 844 2467 brevitati,
881 2379 921 2450 et
950 2371 1142 2473 claritati,
1176 2379 1377 2480 quantum
1409 2370 1495 2450 fieri

322 2511 469 2610 potest,
504 2504 781 2586 consulentes
816 2503 879 2584 Sit
910 2503 1048 2613 itaque

850 2895 875 2994 ἓ
912 2893 971 2973 1?

725 3159 790 3240 De
820 3158 1095 3239 accusatione.

406 3425 630 3539 Accusatio
672 3425 836 3536 proprie
882 3425 991 3508 dicta
1035 3425 1247 3508 definitur:
1295 3427 1494 3506 Criminis

318 3557 494 3662 alicujus
525 3558 637 3668 opud
656 3559 843 3665 judicem
863 3567 1146 3672 competentem
1168 3561 1343 3670 legitime
1365 3561 1494 3668 suctu

317 3691 471 3772 delatio
493 3690 550 3771 ud
562 3691 774 3801 publicum
797 3693 1033 3774 cindictum.
1053 3695 1286 3776 —Dicitur
1307 3695 1493 3774 criminis

315 3826 492 3932 alicujus
509 3827 561 3907 ad
578 3825 846 3908 indicandum
869 3838 1071 3935 oportere,
1086 3837 1132 3910 ut
1144 3828 1282 3938 ipsum
1299 3827 1493 3910 delictum

314 3961 368 4043 sit
397 3959 628 4070 publicum,
662 3963 709 4042 et'
735 3987 876 4069 grave,
910 3962 1115 4072 siquidem
1146 3963 1301 4044 leviora
1346 3961 1495 4043 delicta

316 4097 365 4177 de
381 4095 504 4204 plano
520 4095 698 4204 judicari
716 4097 868 4179 debent
889 4098 940 4180 ad
957 4097 1163 4179 tramitem
1179 4098 1283 4205 legis
1299 4097 1428 4180 Lenia
1444 4101 1491 4195 6,

316 4231 380 4310 til.
414 4233 459 4328 2,
496 4231 567 4314 lib.
603 4233 663 4312 48
687 4231 745 4340 ff.
781 4231 822 4314 h.
864 4239 894 4316 t.
928 4231 1089 4315 Dicitur
1118 4232 1231 4346 apud
1271 4237 1494 4344 competen-

315 4371 394 4444 tem
412 4363 615 4472 judicem,
639 4367 738 4473 quia
767 4365 803 4446 si
829 4366 959 4476 judex
976 4366 1087 4450 haud
1108 4375 1345 4476 competens
1373 4367 1489 4468 foret,
