3136 5138
299 389 362 452 132
586 399 877 452 rnnrnucrrorns
899 402 993 452 runis
1018 394 1184 450 onronrcr

310 529 644 638 »praescriptum
676 529 885 609 emiserint
915 551 1132 608 necessum
1171 535 1247 628 est,
1291 553 1475 635 quapro-

258 715 260 720 ι
311 671 438 772 »pter
469 671 679 769 tamquam
709 661 975 761 schismatici,
1010 661 1162 742 autad
1193 661 1331 741 minus
1362 668 1475 741 tam-

310 833 329 872 »
351 823 474 906 quam
505 795 740 876 schismatis
771 795 950 876 fautores
977 795 1069 902 jure
1099 795 1244 876 merito
1274 804 1477 904 reputan-

312 937 432 1010 »tun
468 927 531 1007 Ex
563 926 628 1006 his
658 935 796 1007 autem
826 927 926 1007 illud
957 953 1209 1034 consequens
1241 937 1316 1029 est,
1341 927 1477 1010 absti-

311 1088 445 1142 ›nere
476 1060 643 1140 omnino
674 1059 835 1140 Fideles
866 1060 1011 1140 debere
1042 1059 1358 1142 acontrahendo
1379 1088 1476 1144 ma-

310 1193 542 1276 »trimonio
572 1218 712 1274 coram
742 1191 1079 1299 municipalitate,
1112 1217 1186 1273 seu
1208 1218 1347 1273 coram
1379 1195 1475 1274 offi-

310 1363 330 1402 s
352 1327 443 1408 ciali
475 1353 500 1405 a
528 1324 848 1432 municipalitate
879 1325 1048 1423 delectu,
1082 1352 1132 1406 ne
1163 1325 1247 1406 ulla
1267 1326 1478 1408 schisma-

311 1495 329 1535 »
349 1461 402 1540 tis
423 1459 663 1566 contagione
683 1457 931 1566 polluantur.
958 1458 1111 1540 Curare
1132 1459 1281 1541 idcirco
1302 1461 1473 1543 Fideles

310 1631 328 1671 s
349 1596 495 1676 debere
525 1577 763 1675 contrahere
784 1593 1090 1675 matrimonium
1113 1619 1251 1674 coram
1271 1593 1471 1696 testibuS,

310 1736 388 1810 »et
418 1727 597 1836 quidem,
631 1727 765 1835 quoad
795 1727 881 1807 fieri
903 1728 1047 1834 possit,
1071 1726 1296 1828 catholicis,
1330 1728 1475 1835 prius-

310 1887 474 1968 »quam
512 1859 823 1968 municipalitati
864 1886 908 1939 se
947 1868 1182 1966 praesentes
1223 1861 1387 1963 sistant,
1427 1874 1475 1944 ut

312 2029 329 2070 »
351 1993 644 2102 praescriptam
666 2018 691 2071 a
711 1993 907 2074 nationali
928 2000 1130 2074 conventu
1151 1993 1473 2076 declarationem

311 2127 514 2210 »faciant
549 2127 601 2208 Et
631 2126 825 2234 quoniam
855 2127 1086 2234 complures
1118 2153 1168 2207 ex.
1200 2127 1290 2208 istis
1312 2129 1472 2210 Fideli-

312 2262 430 2342 ›bus
460 2288 543 2340 non
574 2267 746 2368 possunt
776 2260 941 2340 omnino
972 2260 1205 2342 Parochum
1235 2261 1476 2368 legitimum

311 2395 514 2494 »habere
548 2369 720 2474 istorum
748 2393 928 2502 prolecto
954 2393 1147 2501 conjugia
1171 2403 1379 2476 contracta
1401 2425 1476 2479 eo-

309 2563 327 2605 >
349 2555 437 2608 ram
458 2527 648 2628 testibus
673 2536 713 2609 et
732 2529 821 2628 sine
843 2525 1017 2608 Perochi
1039 2529 1284 2634 praesentia,
1308 2529 1343 2608 si
1367 2531 1475 2613 nihil

309 2661 460 2741 »aliud
491 2660 638 2760 obstet,
672 2668 711 2740 et
741 2660 876 2740 valida
907 2666 946 2740 et
975 2659 1087 2740 licita
1117 2667 1250 2762 erunt,
1276 2669 1321 2742 ut
1342 2689 1474 2774 saepe

308 2795 516 2902 »saepius
547 2794 798 2875 declaratum
828 2793 905 2874 fuit
935 2819 960 2872 a
991 2793 1119 2874 Sacra
1148 2793 1298 2901 Congr.
1334 2795 1467 2881 Conc.

297 2961 327 3004 s
348 2925 619 3008 Tridentini.»
640 2927 799 3006 Verum
817 2926 919 3007 haec
939 2927 1005 3006 lex
1026 2925 1158 3007 civilis
1178 2927 1369 3010 fidelibus
1391 2931 1477 3014 im-

304 3061 438 3169 posita
468 3060 543 3140 fuit
573 3059 652 3139 sub
683 3059 930 3166 gravissima
950 3061 1174 3161 sanctione,
1210 3068 1249 3141 et
1269 3061 1337 3170 qui
1360 3063 1474 3148 hane

303 3194 479 3275 formam
496 3219 520 3272 a
537 3193 736 3300 gubernio
757 3200 954 3274 statutam
971 3220 1052 3273 non
1069 3193 1370 3296 observassent,
1397 3227 1478 3280 ne-

302 3329 475 3437 quibant
505 3327 699 3434 consequi
731 3327 899 3408 effectus
921 3327 1170 3408 matrimonii
1192 3329 1337 3432 civilis,
1362 3331 1477 3416 inter

301 3489 405 3569 quos
435 3461 749 3568 computabatur
779 3460 903 3542 etiam
938 3459 1176 3568 legitimitas
1216 3462 1395 3546 filiorum
1430 3477 1476 3550 et.

301 3595 511 3677 successio
543 3597 735 3677 intestata
765 3596 806 3675 in
836 3595 1129 3677 haereditatem
1159 3607 1390 3705 parentum,
1418 3627 1473 3683 ao

302 3729 439 3836 ipsum
465 3728 536 3835 jus
567 3730 619 3809 ad
649 3729 783 3810 officia
817 3730 1022 3812 maritalia
1061 3730 1314 3838 excipienda.
1361 3733 1474 3816 Cum

300 3888 398 3970 ergo
429 3868 574 3969 rogata
602 3869 711 3943 esset
731 3863 929 3966 Ecclesia,
957 3889 1010 3945 an
1030 3863 1170 3946 fideles
1187 3863 1367 3948 valerent
1388 3865 1475 3952 hoc

300 3993 608 4077 matrimonium
630 3995 748 4077 civile
765 3996 986 4107 adimplere
1003 3999 1055 4079 ad
1071 3997 1195 4079 istam
1210 3999 1474 4085 sanctionem

299 4129 523 4228 vitandam,
542 4155 593 4209 ne
609 4129 873 4239 deperderent
892 4132 1222 4216 consecutionem
1239 4135 1473 4219 ‚effectuum

299 4263 483 4346 civilium
519 4265 786 4368 matrimonii,
828 4267 1013 4350 Ecclesia
1053 4277 1175 4376 prout
1212 4279 1372 4352 constat
1411 4299 1471 4353 ex

301 4397 602 4482 Constitutione
631 4399 841 4484 Benedicti
871 4401 971 4484 XIV
1004 4435 1022 4479 ‹
1043 4401 1246 4484 Redditur
1264 4413 1357 4487 snat
1379 4437 1396 4480 »
1422 4415 1469 4487 et
