3136 5138
396 397 504 450 traua
526 399 570 450 rv.
593 417 615 430 ·
638 398 777 448 rrruuus
800 399 845 448 vr.
1149 386 1213 450 165

84 552 190 606 »vero
203 525 425 634 disciplina,
444 527 633 634 quamvis
654 554 726 634 pro
748 552 886 608 rorum
909 552 956 607 ac
973 537 1205 635 temporum

81 659 292 760 »varietata
327 659 412 741 sive
442 687 516 767 pro
554 659 715 740 diversa
757 659 990 740 illustrioris
1031 660 1206 769 alicujus

83 791 288 872 -Ecclesiae
319 793 536 874 traditione
567 818 615 874 ac
646 792 957 891 consuetudine,
993 801 1206 875 externam

86 925 213 1007 ·vcluti
241 927 479 1009 varietatem
510 954 592 1008 non
631 935 812 1035 respuat,
858 935 997 1007 tamen
1037 954 1205 1008 necesse

87 1061 249 1141 ›omnino
279 1068 341 1141 est
373 1069 418 1142 ut
448 1061 504 1140 nil
535 1061 741 1142 contineat
770 1061 878 1168 quod
909 1087 991 1141 non
1022 1061 1206 1168 ejusdem

84 1193 185 1274 »fidei
199 1196 398 1276 sanctitati
416 1197 673 1304 respondeat,
698 1195 797 1275 nihil
820 1196 928 1303 quod
951 1221 1114 1275 morum
1136 1195 1209 1276 do-

84 1329 238 1408 »ctrinae
259 1329 323 1409 vel
355 1329 655 1410 ecclesiasticae
686 1328 888 1410 honestati
917 1329 1169 1410 adversetur.
1188 1373 1209 1389 -

84 1461 184 1552 »ouo
211 1471 346 1544 autem
378 1463 564 1563 consilio,
598 1489 680 1570 qua
708 1462 906 1570 pastorali
936 1462 1209 1544 sollicitudine
1292 1453 1295 1458 ’

84 1593 433 1702 »idpraestiterint
453 1597 694 1704 praesertim
716 1597 851 1703 quoad
873 1595 1106 1696 orientaleS,
1124 1594 1210 1676 Ro-

86 1731 200 1808 »meni
226 1729 462 1831 Pontifices
487 1730 639 1837 quibus
669 1729 865 1811 divinitus
896 1729 1118 1809 commissa
1148 1739 1208 1810 est

87 1887 193 1942 »cura
221 1865 406 1944 omnium
446 1865 741 1965 Ecclesiarum,
784 1863 978 1944 historiae
1018 1863 1211 1944 ccclesia-

85 1994 212 2076 »sticae
240 2006 510 2078 monumenta
539 1997 766 2079 luculenter
796 1996 1031 2097 ostendunt,
1061 2003 1100 2077 et
1130 1997 1210 2076 Be-

86 2131 272 2212 nedictus
304 2131 417 2230 XIV,
451 2131 693 2212 immortalis
734 2130 956 2212 memoriae
997 2131 1204 2231 Pontifex,

86 2301 95 2324 ι
110 2261 141 2340 in
154 2263 367 2370 percelebri
385 2261 602 2372 Encyclica
626 2297 644 2338 «
660 2263 829 2344 Atlctoc
843 2271 934 2343 sunt
950 2296 968 2337 ›
994 2264 1046 2344 ob
1067 2263 1210 2344 oculos

85 2393 292 2476 »evidenter
323 2396 438 2502 ponit
467 2423 572 2504 quae
604 2396 752 2477 dixerit
792 2422 945 2503 quaere
976 2406 1211 2478 constanter

84 2531 214 2634 »egerit
234 2530 475 2637 Apostolica
495 2531 623 2612 Sedes
644 2558 668 2610 a
689 2529 858 2610 Nicolao
876 2531 1007 2636 primo
1029 2529 1212 2610 Sanctis-

84 2662 193 2745 ·simo
212 2664 410 2745 Pontifice
441 2666 491 2745 ad
513 2692 592 2745 sua
623 2691 754 2772 usque
785 2672 983 2772 tempora,
1011 2673 1055 2744 ut
1076 2663 1210 2744 orien-

85 2797 188 2877 ·talcs
218 2799 268 2879 ad
301 2799 501 2880 unitatem
531 2799 623 2880 fidei
655 2825 703 2879 ac
734 2798 950 2906 pristinam
972 2797 1209 2906 disciplinae

84 2931 306 3032 »puritatem
338 2935 549 3014 reduceret
580 2941 701 3040 atque
733 2933 774 3011 in
807 2958 855 3012 ca
884 2932 1120 3012 firmissime
1141 2959 1210 3010 so-

86 3059 243 3146 =lidaret
263 3067 393 3158 -Qua
423 3068 464 3147 in
495 3093 537 3146 re
559 3067 694 3147 omnis
725 3066 844 3174 plane
875 3093 975 3148 cura
995 3065 1036 3145 in
1059 3093 1106 3146 eo
1128 3064 1211 3146 col-

81 3193 171 3277 ›lata
185 3199 276 3300 fuit,
297 3209 341 3280 ut
358 3199 530 3281 detersis
546 3199 755 3280 erroribus
772 3226 890 3306 quos
910 3199 1085 3279 durante
1101 3196 1209 3278 schi-

83 3341 236 3432 ›smate,
280 3332 474 3413 inimicus
515 3332 638 3413 homo
679 3331 866 3414 clanculo
906 3330 1212 3437 supersemina-

86 3476 212 3566 ·rerat,
240 3468 289 3548 dc
311 3475 445 3548 cetero
478 3467 581 3548 ritus
603 3465 813 3548 orientalis
834 3490 916 3572 qua
937 3463 979 3544 in
1000 3472 1114 3571 parte
1135 3491 1210 3545 nec

83 3597 181 3679 »fidei
220 3600 445 3682 catholicae
487 3601 743 3700 adversatur,
778 3625 853 3680 nec
884 3598 1111 3706 periculum
1142 3625 1212 3706 ge-

83 3743 200 3816 vnerat
222 3735 472 3836 animarum,
493 3741 564 3816 aut
581 3733 881 3816 ecclesiasticae
902 3734 1071 3840 derogat
1086 3732 1213 3814 hone-

83 3868 197 3970 ›stati,
232 3868 453 3949 inviolatus
483 3867 711 3976 firmusque
743 3875 941 3948 maneret.
965 3913 985 3928 -
1010 3866 1130 3959 Quod
1161 3867 1210 3946 li·

83 3997 327 4084 =bentissimo
358 4028 528 4110 prorsus
564 4001 703 4082 animo
744 4000 945 4108 praestitit
975 3999 1099 4080 etiam
1129 3999 1206 4079 SS.

84 4129 144 4214 Ἰ).
173 4135 224 4217 Ν.
259 4135 363 4216 Pius
393 4135 508 4244 Papa
537 4136 596 4216 lX
627 4136 889 4216 decessorum
920 4160 1091 4214 suorum
1124 4133 1212 4214 exi-

83 4267 196 4349 ›mius
217 4269 464 4351 aemulator:
489 4269 557 4348 vix
580 4267 689 4348 enim
711 4268 756 4348 S.
781 4265 891 4348 Petri
914 4267 1207 4374 Apostolorum

81 4395 287 4512 »Principis
304 4401 540 4483 cathedram
558 4399 808 4500 conscendit,
828 4399 1045 4480 orientales
1065 4423 1208 4478 omnes
