3360 5126
525 417 625 462 amns
648 417 679 462 v.
696 435 740 446 -
763 419 903 465 amanus
926 419 1029 464 xxvn.
1110 392 1113 398 ’
1300 398 1366 466 309
1449 470 1453 478 ,

192 575 232 654 q.
268 549 311 627 3.
347 543 435 624 Nec
464 543 629 650 prodest
659 543 889 650 appellatio
921 545 1018 650 quia
1048 543 1127 626 ista
1156 572 1238 626 non
1261 534 1367 653 parit

193 679 383 760 affectum
416 677 725 784 suspensivum,
759 677 832 758 sed
863 677 1160 760 devolutivum.

279 813 380 892 Post
399 810 502 891 haec
517 809 649 890 oritur
665 810 867 917 quaestic,
893 817 1031 890 utrum
1056 810 1205 918 nempe
1223 811 1368 917 hujus-

192 946 303 1030 modi
337 943 677 1052 irregularitatem
716 944 960 1024 contrahant
994 944 1117 1025 etiam
1149 943 1294 1024 Clerici
1327 944 1367 1024 in

194 1079 427 1162 Minoribus
461 1079 690 1180 constituti,
729 1078 763 1158 si
801 1087 841 1160 et
862 1079 937 1188 ipsi
970 1080 1156 1162 Censura
1187 1079 1367 1162 innodati

194 1221 414 1296 exerceant
434 1212 628 1294 Ordinem
657 1203 897 1320 proprium?
929 1211 1057 1321 Resp.
1083 1215 1125 1294 ln
1157 1213 1235 1295 hoc
1265 1241 1371 1322 pun-

195 1359 262 1433 cto
294 1376 373 1430 non
405 1348 655 1429 conveniunt
690 1349 794 1429 inter
824 1375 868 1428 sc
899 1347 989 1428 DD.
1024 1355 1064 1430 et
1093 1347 1366 1451 Canonistae;

196 1483 263 1563 alii
295 1483 404 1564 enim
438 1483 564 1562 innixi
602 1483 705 1593 Cap.
745 1487 786 1574 t,
821 1491 858 1562 et
893 1484 996 1594 Cup.
1031 1489 1092 1570 20
1124 1485 1174 1564 de
1202 1485 1363 1565 Senten.

194 1646 349 1700 eoecom.
394 1618 627 1725 negativam
669 1625 807 1698 teuent
847 1619 1118 1722 sententiam3
1162 1618 1230 1700 alii
1272 1645 1368 1700 vero

196 1752 484 1833 affirmativam
515 1757 698 1851 tuentur,
733 1759 778 1832 ut
807 1751 1003 1860 Pirbing,
1038 1761 1075 1832 et
1102 1753 1371 1862 Reiffenstuet

195 1885 236 1968 h.
263 1894 292 1967 t.
318 1885 474 1967 Verum
507 1885 704 1993 quidquid
726 1884 780 1966 sit
800 1886 850 1966 de
872 1887 1079 1967 veteribus
1109 1887 1362 1986 CanonibuS,

195 2019 296 2101 illud
337 2019 458 2100 hodie
499 2028 656 2102 certum
687 2028 765 2118 est,
808 2022 916 2128 quod
954 2020 1211 2121 contrahant,
1247 2023 1369 2129 idque
1519 2081 1522 2088 -

195 2161 305 2261 patet
335 2180 382 2232 ex
416 2155 589 2234 Constat.
624 2153 740 2232 Stati
774 2154 815 2232 V
842 2155 969 2262 inciJ).
1003 2155 1214 2246 Sanctum,
1249 2162 1286 2234 et
1317 2181 1370 2235 aa

188 2289 325 2402 praui
354 2287 399 2368 S.
434 2287 664 2366 Paenitent.
710 2292 745 2364 ct
786 2285 831 2366 S.
877 2285 1026 2393 Con9r.
1076 2287 1250 2388 Conciti,
1296 2314 1370 2370 neo

201 2449 281 2503 non
314 2447 363 2502 ex
396 2420 568 2529 epistola
588 2417 806 2525 Encyolica
826 2419 980 2500 Bened.
1005 2419 1105 2499 XlV
1126 2421 1203 2502 diei
1235 2422 1368 2502 3130-

197 2535 521 2642 cembris⁵1749
553 2552 604 2633 ad
635 2551 993 2652 poenitentiarios,
1027 2562 1066 2634 et
1087 2551 1371 2638 Contessarios

202 2689 327 2770 Urbis
357 2715 431 2795 pro
463 2713 571 2768 anno
602 2694 743 2767 sancto
775 2691 815 2789 §-
853 2691 895 2786 4,
929 2687 999 2768 ubi
1032 2687 1182 2794 legitur
1201 2733 1253 2744 -
1273 2690 1373 2780 Qui·

197 2821 270 2902 bus
303 2821 403 2902 data
443 2829 501 2902 est
531 2819 725 2930 facultas
766 2819 1030 2932 dispensandi
1059 2850 1149 2904 cum
1182 2823 1373 2906 sacerdo-

196 2957 319 3049 tibus,
345 2965 435 3037 aut
467 2957 510 3035 in
548 2954 680 3034 sacris
725 2955 946 3036 Ordinibus
987 2959 1212 3038 constitutis
1252 2984 1375 3068 super

199 3090 357 3170 occulta
399 3089 707 3197 irregularitate
738 3087 785 3168 ob
816 3088 1076 3168 violationem
1107 3116 1372 3170 censurarum

201 3222 478 3330 (nequaquam
511 3221 681 3302 vetitum
713 3221 792 3328 est)
825 3223 1039 3328 quominus
1069 3221 1207 3302 eadem
1227 3222 1375 3332 saan-

200 3363 281 3438 tate
312 3346 592 3440 utanturcum
637 3354 824 3454 Clericis,
858 3357 929 3464 qui
961 3357 1002 3435 in
1043 3356 1265 3436 minoribus
1296 3356 1374 3436 Or·
1486 3462 1489 3472 Ι

196 3488 358 3570 dinibus
388 3497 481 3569 sunt
511 3489 731 3570 constituti.

258 3623 338 3703 Sed
371 3647 573 3729 quaenam
605 3622 768 3708 tandem
791 3630 854 3716 est
874 3647 1006 3732 poena
1026 3621 1154 3722 illius,
1178 3619 1247 3730 qui
1269 3619 1374 3702 cele-

201 3757 294 3838 brat
316 3757 454 3838 divina
474 3756 609 3837 olficia
630 3755 670 3837 in
694 3757 782 3838 loco
810 3757 1051 3839 interdicto?
1076 3755 1204 3864 Resp.
1230 3753 1374 3836 distin-

197 3891 407 3997 guendum
430 3899 511 3972 est:
534 3899 607 3972 aut
638 3893 705 3999 qui
730 3891 827 3973 talia
858 3901 1060 4000 peragunt
1099 3899 1197 3972 sunt
1226 3886 1372 3970 Clerici
1476 3958 1482 3966 .

194 4024 444 4127 saeculares,
489 4034 561 4108 aut
600 4033 698 4108 sunt
737 4025 949 4134 regulares
968 4057 980 4128 3
1014 4025 1048 4106 si
1090 4035 1188 4107 sunt
1228 4021 1371 4104 Clerici

33 4170 35 4178 ’
194 4158 444 4259 saeculares,
477 4160 692 4266 privantur
721 4160 810 4240 suis
843 4159 1071 4260 beneficiiS,
1105 4159 1139 4238 si
1172 4182 1269 4238 vero
1309 4181 1374 4236 rc-

195 4293 370 4399 gulares
390 4293 665 4375 detruduntur
694 4293 735 4373 in
768 4293 925 4375 arctius
961 4291 1272 4376 monasterium.
1307 4291 1371 4370 Ita
1494 4295 1498 4303 '

196 4452 249 4506 aa
283 4428 387 4540 Cup.
424 4431 449 4508 7
485 4427 525 4508 b.
562 4437 589 4510 t.
625 4427 704 4509 Hic
735 4429 786 4509 ad
818 4454 905 4510 rem
939 4425 1048 4528 lacit,
1082 4426 1191 4535 quod
1222 4423 1372 4533 legitur
