3380 5132
412 329 413 336 ἵ
550 343 675 424 'cisen
698 373 743 422 iv.
768 390 788 405 -
810 373 948 424 rrimus
970 373 1040 423 mx.
1328 361 1395 426 325

226 500 442 608 responsio
472 499 663 606 negativa
692 500 743 580 ad
773 507 990 608 utramque
1021 499 1387 607 interpellationem

161 683 164 690 ·
224 635 438 716 constituit
467 633 566 714 illud
601 633 876 741 dispendium,
901 634 1009 741 quod
1040 643 1221 714 avertere
1241 635 1393 742 sategit

226 767 486 878 privilegium
516 767 609 848 fidei
640 767 829 848 relatum.
863 767 988 875 quue
1024 767 1158 874 magis
1199 769 1389 876 explicite

223 909 385 983 constat
415 929 467 981 ex
497 901 761 1009 responsione
782 901 826 982 S.
852 901 1189 1008 Congregationis
1217 903 1266 982 de
1288 903 1391 982 Pro-

227 1035 416 1141 paganda
437 1033 536 1113 Fide
562 1033 648 1139 jam
679 1033 817 1133 citata,
842 1032 940 1114 dum
972 1033 1023 1113 ἃᾶ
1054 1033 1283 1114 secundum
1313 1034 1390 1116 du·
1533 1023 1535 1028 ’

226 1169 341 1248 bium
372 1165 594 1273 respondit:
634 1164 1021 1272 ‹Interpellandum
1052 1191 1142 1244 esse
1173 1165 1387 1272 conjugem

227 1301 429 1382 infidelem
461 1326 542 1380 non
572 1301 708 1381 solum
738 1300 773 1379 si
805 1301 984 1381 converti
1016 1299 1126 1399 velit,
1161 1302 1231 1380 sed
1264 1300 1386 1380 etiam

225 1459 325 1515 casu
357 1459 438 1541 quo
469 1433 570 1514 nolit
599 1435 794 1536 converti,
821 1461 872 1515 an
895 1434 992 1514 velit
1021 1459 1115 1515 cum
1146 1434 1320 1542 conjuge
1340 1435 1389 1513 fi·

225 1566 303 1648 deli
326 1565 558 1646 cohabitare
579 1566 668 1645 sinc
689 1567 936 1646 contumelia
957 1566 1161 1647 Creatoris
1185 1565 1307 1671 juxta
1328 1566 1389 1646 di-

224 1700 491 1806 spositionem
520 1699 741 1779 Innocentii
771 1701 821 1778 Ill
852 1699 895 1778 in
925 1728 1015 1810 cap.
1052 1701 1077 1780 7
1109 1699 1158 1779 cle
1189 1699 1383 1780 divort.»

224 1833 276 1912 Et
296 1831 559 1912 cohaerenter
585 1832 636 1913 ad
657 1832 734 1912 hoc
755 1833 979 1940 Gregorius
1002 1833 1116 1932 XVI,
1141 1840 1187 1912 ut
1207 1831 1387 1912 referunt

223 1969 425 2047 Analecta
454 1968 571 2048 Jcrts
601 1967 823 2073 Pontificii
852 1969 1045 2067 (onzidme
1076 1967 1310 2070 tturaison),
1346 1965 1386 2044 in

224 2099 358 2179 radice
389 2096 628 2178 revalidavit
657 2097 788 2178 multa
817 2099 1010 2206 conjugia
1040 2123 1065 2177 a
1095 2097 1303 2178 conversis
1335 2097 1385 2178 ad

223 2231 343 2312 fidem
365 2232 478 2330 inita,
505 2257 609 2338 quae
630 2231 1032 2312 ouinsufficientiam
1049 2230 1385 2339 interpellationis
1406 2293 1411 2302 .

198 2363 352 2445 tactae
383 2364 628 2471 conjugibus
649 2363 691 2442 in
712 2363 947 2445 infidelitate
966 2363 1119 2472 relictis
1151 2361 1268 2443 irrita
1297 2363 1386 2442 fue-

221 2509 326 2598 rant,
359 2499 474 2605 prius
504 2497 658 2580 scilicet
688 2497 964 2606 dispensando
994 2525 1090 2578 cum
1127 2496 1245 2578 dictis
1275 2494 1385 2576 Neo-

222 2630 357 2740 phytis
387 2657 439 2711 ex
464 2632 579 2740 justa
608 2657 735 2712 causa
766 2633 817 2712 ab
844 2659 966 2713 onere
997 2630 1216 2712 reiterandi
1252 2628 1385 2708 moni·
1452 2612 1456 2626 ’

219 2765 372 2844 tionem
413 2764 659 2872 conjugibus
700 2764 949 2864 infidelibus
986 2773 1026 2846 et
1057 2765 1201 2846 deinde
1242 2763 1384 2846 matri-

220 2899 358 2980 monia
388 2901 439 2980 eb
471 2899 615 2980 iisdem
647 2927 742 2980 cum
762 2899 954 2980 fidelibus
979 2899 1078 2980 inita
1101 2899 1141 2979 in
1163 2899 1299 2980 radice
1319 2925 1384 2979 re·

220 3031 450 3115 validand0.
475 3033 618 3141 Neque
649 3021 910 3116 deferendum
943 3041 1004 3114 est
1034 3033 1261 3114 difficultati
1289 3059 1383 3140 pro-

221 3166 375 3272 positae
405 3193 456 3246 ex
488 3167 694 3248 nonnullis
716 3167 953 3248 Canonibus
975 3165 1143 3246 Concilii
1176 3166 1378 3268 Toletani,

218 3299 260 3378 in
291 3301 440 3406 quibus
476 3302 715 3407 proponitur
754 3301 877 3382 unica
917 3299 1201 3407 interpellatic,
1235 3323 1381 3406 nempe

218 3457 271 3510 an
302 3433 453 3540 conjux
482 3433 579 3515 velit
610 3435 659 3514 ἃᾶ
692 3431 813 3514 fidem
850 3433 1046 3534 converti,
1080 3440 1120 3513 et
1155 3433 1290 3540 posita
1317 3458 1382 3512 re*

218 3567 437 3672 sponsione
468 3567 659 3676 negativa
689 3567 826 3648 statim
857 3569 1032 3649 dabatur
1058 3565 1221 3648 licentia
1251 3591 1380 3648 noves

216 3697 381 3804 nuptias
411 3697 578 3780 ineundi
609 3725 874 3782 econverso.
909 3700 1098 3808 Namque
1128 3699 1170 3779 hi
1201 3725 1379 3782 canones

218 3809 496 3912 fundabantur
516 3832 557 3912 in
578 3831 779 3939 probabili
801 3832 1035 3940 conjectura
1056 3832 1107 3913 ab
1129 3831 1381 3940 experientia
1501 3912 1504 3925 ,

212 3963 402 4068 probate,
437 3966 545 4074 quod
586 3991 681 4074 pars
722 3993 898 4047 renuens
938 3966 1247 4048 conversionem
1286 3991 1381 4072 pro-

216 4096 381 4180 mittens
403 4127 498 4180 vero
530 4085 742 4208 pacificam
773 4100 1117 4184 cohabitationem
1138 4100 1258 4180 vellet
1287 4097 1382 4178 illu-

206 4231 326 4334 dere,
350 4241 395 4315 ut
416 4235 667 4316 Verricellus
693 4235 870 4317 ostendit
890 4237 954 4318 De
975 4235 1158 4348 Apostol.
1183 4234 1374 4316 Mission.

216 4365 277 4447 tit.
304 4367 400 4450 XII.
435 4369 567 4450 Hodie
598 4377 736 4452 tamen
766 4367 843 4452 hac
873 4395 998 4479 super
1028 4397 1071 4451 re
1102 4395 1295 4451 recursus
1327 4367 1380 4447 ad
