3356 5118
523 417 623 463 unua
645 419 679 464 v.
703 435 747 444 -
769 417 910 463 rrrunus
933 417 1046 462 xxxm.
1309 391 1375 461 325

238 652 239 655 p
284 543 555 652 Amplissima
571 551 633 624 est
649 542 841 624 materies
859 542 1168 650 privilegiorum
1187 573 1198 643 3
1218 549 1259 623 at
1277 568 1368 643 ηοε,

196 707 247 760 ne
271 677 590 788 praelectionum
628 676 831 758 cancellos
852 675 1220 783 transgrediamur,
1240 703 1373 784 pauca

198 813 246 895 de
278 813 378 921 ipsis
410 812 681 920 proferemus,

285 945 553 1052 privilegium
585 954 647 1028 est
672 946 756 1053 juS,
784 944 847 1026 vel
870 943 1310 1050 indultum'singulare
1331 945 1372 1024 in

198 1091 332 1164 oertae
362 1107 578 1190 personae,
612 1088 684 1161 aut
714 1106 866 1160 causae
899 1079 1074 1186 gratiam
1108 1079 1373 1186 aSuperiore

198 1214 482 1298 constitutum.
527 1214 794 1321 Privilegiurn
826 1213 904 1295 hoo
941 1212 1036 1294 lieet
1067 1212 1108 1292 in
1140 1240 1185 1293 se
1215 1221 1373 1320 speeta-

198 1355 286 1430 tum
308 1348 587 1454 distinguatur
608 1373 632 1428 a
653 1347 742 1454 tege
763 1346 989 1446 communi,
1015 1346 1122 1453 quod
1147 1343 1248 1426 haeo
1263 1371 1376 1426 oom-

199 1482 379 1564 muniter
409 1509 482 1590 pro
514 1482 706 1563 omnibus
737 1481 820 1562 lata
849 1479 917 1580 sit,
952 1480 1088 1587 ipsum
1127 1485 1266 1560 autem
1288 1507 1375 1560 oer-

170 1701 175 1710 ,
199 1625 333 1698 tarum
356 1623 516 1698 tantum
539 1641 809 1724 personarum
837 1613 1018 1696 favorem
1040 1613 1246 1723 respiciat,
1273 1612 1371 1694 nihil

199 1749 551 1856 tamenimpedit,
586 1750 809 1858 quominus
839 1748 930 1855 lege
967 1749 1176 1830 communi
1209 1747 1374 1857 privile-

199 1883 314 1990 gium
331 1883 605 1983 contineatur,
631 1883 713 1964 imo
734 1881 955 1992 aliquando
988 1881 1111 1963 etiam
1135 1881 1252 1962 valde
1275 1881 1373 1962 utile

199 2023 276 2114 est,
310 2023 357 2097 ut
386 2015 447 2097 sio
476 2017 555 2097 tale
588 2016 847 2124 privilegium
871 2016 922 2097 ab
939 2016 1135 2098 omnibus
1158 2015 1250 2094 aliis
1268 2013 1376 2096 seia·
1407 2027 1411 2036 “

198 2157 282 2247 tur,
316 2157 357 2229 et
386 2151 574 2257 personis
614 2150 882 2256 privilegiatis
913 2158 1115 2247 servetur,
1141 2157 1179 2228 et
1201 2149 1252 2228 ab
1284 2149 1374 2255 ejus

200 2309 279 2363 usu
313 2308 393 2362 non
424 2283 718 2391 impediantur.

286 2414 508 2522 Privilegia
539 2413 778 2522 multiplicis
808 2415 971 2522 generis
1002 2421 1126 2516 sunt,
1160 2415 1241 2496 alia
1262 2414 1373 2496 enim

198 2554 296 2629 sunt
327 2548 469 2628 clausu
500 2547 541 2627 in
573 2575 742 2659 corpore
761 2550 893 2657 juris,
914 2549 995 2628 alia
1026 2548 1264 2661 danturper
1283 2576 1375 2660 spe-

200 2682 305 2760 eiute
345 2683 586 2792 rescriptum
627 2683 845 2790 Principia.
890 2683 1033 2763 Prima
1073 2682 1267 2764 dicuntur
1308 2709 1373 2783 ea,

199 2839 305 2922 quae
336 2814 441 2896 inter
472 2815 574 2896 alias
606 2816 717 2923 leges
747 2818 903 2926 corpori
923 2819 1031 2924 juris
1053 2818 1207 2900 inserta
1228 2817 1376 2925 legun-

198 2956 280 3049 tur,
315 2947 449 3057 prouti
481 2957 579 3029 sunt
609 2948 825 3056 privilegia
855 2949 1152 3049 Eoolesiarum,
1174 2959 1213 3030 et
1237 2951 1378 3033 Euole-

199 3079 477 3183 siastioorum,
513 3108 618 3189 quae
657 3081 862 3163 habentur
902 3083 1058 3190 passim
1090 3089 1179 3163 tum
1217 3083 1258 3161 in
1285 3083 1377 3190 jure

200 3212 423 3312 CanonioO,
457 3225 547 3294 turn
578 3214 702 3296 etiam
735 3215 898 3331 injure
935 3215 1070 3316 Civili,
1095 3242 1171 3297 eeu
1194 3198 1304 3324 patet
1325 3243 1376 3297 ex

199 3349 262 3427 nt.
303 3346 404 3428 Cod.
439 3346 489 3427 cte
527 3349 604 3430 SS.
644 3349 761 3432 Eoel.
796 3358 834 3430 et
869 3351 916 3430 C.
952 3349 1001 3430 de
1031 3351 1150 3460 Epis.
1188 3357 1224 3430 et
1259 3349 1370 3432 Cter.

200 3480 356 3560 Prioris
386 3481 548 3588 generis
588 3483 804 3591 privilegia
828 3483 960 3592 judex
991 3509 1073 3564 non
1106 3483 1226 3565 debet
1258 3483 1375 3592 igno-

200 3642 305 3716 rare,
340 3627 379 3698 et
409 3617 444 3696 si
476 3616 630 3726 aliquid
661 3627 804 3700 eontra
835 3619 939 3726 ipsa,
974 3619 1038 3700 vel
1070 3618 1277 3727 injungat,
1314 3617 1375 3698 vel

199 3753 404 3853 decernat,
439 3753 615 3834 nullitati
638 3753 840 3861 subjacet,
864 3762 903 3835 et
926 3753 1209 3862 privilegiatus
1233 3779 1375 3860 parere

199 3911 281 3965 non
311 3895 485 3969 tenetur.
525 3889 628 4000 Cap.
663 3889 707 3980 5,
743 3895 780 3969 et
810 3891 838 3968 7
870 3887 919 3968 de
958 3886 1209 3970 Eoeeessttts
1242 3887 1378 3968 Prae·

201 4021 392 4102 totorum.
424 4023 592 4103 Praeter
613 4023 715 4104 haeo
736 4022 941 4104 ordinarie
973 4022 1064 4130 ipsa
1085 4021 1126 4102 in
1149 4019 1232 4100 vim
1264 4019 1378 4100 beni-

201 4183 305 4261 gnae
329 4156 673 4264 interpretationis
691 4158 743 4238 ad
759 4183 884 4239 oasus
909 4157 1065 4238 similes
1083 4155 1372 4238 extenduntur.

287 4289 509 4398 Privilegia
540 4317 636 4371 vero
667 4291 837 4374 secundi
861 4293 1038 4398 generis,
1058 4291 1163 4372 idest
1179 4316 1241 4388 ea,
1269 4315 1374 4397 quae

201 4448 249 4500 ex
284 4425 450 4530 speciali
489 4423 693 4532 Principis
730 4425 927 4533 rescripto
948 4427 1243 4525 conceduntur,
1268 4449 1293 4502 a
1309 4430 1377 4530 Ju-
