3178 5134
339 358 406 422 210
630 371 921 424 raaunucrrorurs
943 373 1038 425 ruars
1063 373 1230 424 canonici

352 509 539 582 »creton
566 528 667 611 pap.
703 505 786 582 618
818 502 869 582 ad
890 501 1063 582 dubium
1098 500 1356 610 Cognationis
1383 499 1492 610 spiri-

351 635 515 716 »tuab‘s
545 636 754 743 respondit
784 637 896 739 illam
926 635 1180 717 contraxisse
1219 635 1371 716 Titium
1408 659 1490 714 cum

351 805 368 840 »
390 775 521 849 matre
551 769 684 876 pueri,
717 796 839 878 quem
870 770 919 850 de
950 795 1068 850 sacro
1101 768 1209 850 fonte
1240 765 1399 866 levavit,
1420 792 1490 846 non

350 905 577 984 »obstante
606 904 715 1010 quod
745 903 862 984 illum
893 930 975 984 non
1005 903 1231 1012 susceperit
1260 902 1301 982 in
1322 909 1411 984 actu
1429 899 1492 978 ba-

350 1071 367 1108 »
387 1037 526 1146 ptismi
557 1039 606 1119 de
637 1063 765 1118 manu
797 1038 1043 1146 baptizantis
1064 1038 1136 1118 sed
1157 1038 1206 1117 de
1227 1062 1352 1116 manu
1372 1035 1493 1116 obste-

351 1170 503 1253 »tricis
533 1177 676 1252 contra
705 1172 939 1280 opinionem
971 1172 1246 1252 affirmantem
1276 1171 1328 1251 ad
1348 1175 1493 1250 contra·

349 1302 564 1385 ›hendam
596 1305 880 1411 cognationem
910 1303 1167 1412 spiritualem
1194 1302 1345 1410 requiri
1371 1308 1413 1382 ut
1432 1326 1493 1406 pa-

350 1439 523 1520 »trinus
562 1437 732 1544 recipiat
769 1465 946 1545 puerum
986 1439 1036 1519 de
1075 1463 1201 1518 manu
1242 1435 1488 1544 baptizantis

350 1568 484 1652 »Non
513 1569 697 1651 contrabi
729 1597 824 1651 vero
855 1569 1076 1652 declaravit
1106 1571 1387 1677 cognationem
1420 1566 1494 1674 spi·

351 1701 579 1784 »ritualem
610 1702 652 1782 in
686 1707 833 1784 Goanc
864 1703 933 1784 tib.
972 1705 1189 1784 3Decret.
1222 1729 1325 1812 pap.
1374 1703 1494 1780 luta

348 1862 469 1916 »non
500 1834 714 1942 designato
744 1835 904 1916 etiarnsi
937 1834 1190 1942 baptizatum
1220 1833 1410 1940 tetigerit,
1431 1831 1493 1912 sed

348 1969 543 2076 »absque
574 1969 712 2050 animo
742 1969 858 2050 illum
889 1969 1050 2050 levandi
1076 1969 1126 2050 de
1148 1993 1266 2050 sacro
1289 1968 1411 2066 fonte,
1433 1991 1495 2044 ne-

345 2125 465 2206 »que
504 2102 556 2180 ab
595 2127 658 2202 eo,
701 2100 770 2208 qui
812 2101 1091 2209 procuratorio
1132 2101 1311 2197 nomine,
1358 2097 1493 2209 patrini

348 2258 541 2314 »munus
570 2234 698 2315 obivit
726 2243 813 2314 tarn
843 2236 885 2314 in
915 2237 1120 2343 baptismo
1151 2262 1276 2343 quam
1297 2236 1342 2315 in
1362 2233 1495 2316 confir·
1560 2249 1561 2336 j

348 2365 566 2445 »mationa
599 2368 640 2446 in
671 2368 834 2447 Pisana
863 2369 919 2448 20
949 2369 1110 2478 Aprilis
1141 2371 1248 2450 1589
1280 2369 1495 2450 111151111-

347 2505 484 2578 »oret
511 2525 612 2608 pap.
647 2501 746 2600 283,
781 2508 820 2581 et
850 2499 1071 2582 novissime
1102 2501 1144 2580 in
1188 2501 1391 2581 Theatino
1419 2525 1495 2578 mn·

350 2634 500 2712 »trim
540 2635 591 2711 13
631 2635 852 2744 Septembr.
893 2635 995 2714 1721
1044 2637 1085 2714 t'n
1125 2643 1229 2716 tomo
1265 2635 1492 2717 altescere

348 2763 564 2869 »qaedam
598 2767 838 2875 Conprepnt.
867 2794 967 2877 pap.
1003 2767 1115 2846 76.»
1151 2767 1267 2848 Unde
1298 2776 1375 2866 est,
1400 2763 1496 2873 quod

344 2922 426 2976 non
458 2897 738 3006 improbabilis
768 2901 970 2982 sententia
998 2884 1052 2982 sit
1082 2927 1157 2981 nec
1187 2901 1374 2983 contrahi
1404 2899 1497 2980 hanc

342 3032 628 3137 cognationem
660 3061 685 3113 a
713 3035 942 3142 principali,
976 3036 1141 3144 quando
1172 3061 1243 3142 per
1269 3043 1498 3143 procurato·

341 3190 428 3244 rem
458 3164 535 3248 hoc
564 3193 717 3248 munus
748 3178 976 3272 exercetur,
1010 3169 1107 3278 quia
1121 3170 1218 3276 jura
1243 3171 1400 3278 passim
1419 3169 1496 3250 exi·

340 3305 444 3402 gunt
473 3307 706 3382 contactum
737 3301 954 3410 physicum
984 3311 1024 3384 et
1049 3303 1305 3410 personalem
1338 3311 1384 3386 111
1413 3327 1497 3411 pro-

343 3431 413 3510 bat
443 3431 626 3514 Sanchez
659 3435 728 3515 ab.
765 3436 789 3514 7
821 3435 870 3516 de
900 3437 1082 3516 matrim.
1118 3435 1212 3516 dist.
1251 3440 1303 3516 59
1335 3463 1443 3516 num.
1476 3435 1497 3510 «1

342 3571 381 3642 et
410 3563 582 3671 Pirbing
618 3566 658 3646 b.
704 3577 732 3648 t.
777 3597 887 3650 nam.
925 3569 993 3670 37,
1027 3569 1217 3676 quamvis
1258 3568 1500 3677 probabilior

340 3699 543 3778 sententia
571 3699 625 3780 sit
655 3702 839 3782 contrahi
870 3702 975 3784 hanc
996 3704 1281 3810 cognationem
1301 3731 1375 3811 per
1395 3703 1499 3810 prin·

340 3827 530 3935 cipalem3
565 3840 610 3913 ut
639 3841 747 3916 tonet
777 3835 948 3943 Phiring
979 3837 1054 3918 loc.
1090 3840 1158 3920 eit.
1188 3838 1267 3918 Ast
1286 3837 1391 3918 ratio
1412 3861 1499 3944 pro-

342 3961 563 4046 babilitatis
604 3966 760 4073 primae
800 3969 1024 4050 sententiae
1064 3969 1200 4070 efficit,
1246 3980 1290 4050 ut
1330 3977 1499 4077 nequeat

337 4095 417 4176 dici
450 4097 757 4180 matrimonium
788 4101 1031 4203 invalidum,
1065 4104 1227 4210 quando
1249 4110 1497 4184 contractum
1558 4173 1559 4200 ι

339 4237 401 4312 est
431 4231 621 4314 obstante
650 4234 727 4316 boc
758 4237 1049 4344 impedimento
1088 4239 1343 4345 cognationis
1384 4236 1500 4346 spiri·
1558 4229 1559 4262 ³

337 4364 477 4466 tualiS,
510 4364 544 4445 si
577 4367 669 4473 quis
703 4368 891 4475 patrinus
931 4369 1134 4477 baptismo
1176 4381 1248 4452 aut
1286 4371 1500 4453 confirma·
