3356 5118
297 382 364 450 324
595 401 866 448 rainuccrronus
889 403 981 449 rums
1004 401 1161 450 eruemur

298 530 427 610 altera
456 527 711 608 aedificanda
731 529 783 608 ob
806 528 1152 636 propinquitatem
1175 527 1364 628 aedificii,
1383 527 1472 638 sive
1624 534 1639 581 ³*

298 665 396 772 quia
426 689 533 744 nova
563 662 748 744 Ecclesia
778 672 952 772 occupat
973 662 1148 744 fundum
1170 662 1356 763 alteriuS,
1381 662 1470 744 sive

298 800 395 908 quia
420 798 652 907 jurisdictio
674 799 822 909 prioris
844 799 1136 898 intervertitur,
1161 798 1248 880 sive
1268 799 1367 907 quia
1388 797 1472 906 pati

297 941 431 1043 potest
453 935 563 1043 prior
584 933 768 1016 Ecclesia
790 911 1121 1014 imminutionem
1139 932 1181 1012 in
1202 931 1282 1012 illis
1299 931 1475 1013 oblatio·
1631 937 1634 996 t

298 1068 421 1149 nibus
461 1068 601 1150 fideles
641 1067 850 1150 Ecclesiae
890 1067 1036 1149 offerre
1078 1067 1224 1148 solent.
1274 1065 1376 1176 Cap.
1425 1070 1469 1158 1,

298 1209 335 1282 et
365 1207 411 1296 2,
446 1202 487 1284 h.
518 1210 548 1284 t.

383 1339 565 1421 Effectus
596 1337 887 1439 nunciationiS,
921 1365 1025 1445 quas
1057 1343 1132 1435 est,
1159 1336 1295 1444 utqui
1318 1359 1474 1415 novum

296 1501 402 1584 opus
433 1474 684 1583 aggreditur,
714 1475 861 1554 debeat
892 1471 999 1553 illico
1032 1472 1083 1553 ab
1116 1469 1369 1552 aedificando
1402 1467 1474 1548 de-

296 1609 458 1712 sistere,
501 1637 622 1692 seeus
664 1610 837 1717 probata
861 1607 1024 1716 justitia
1053 1605 1344 1704 nunciationiS,
1382 1603 1472 1684 suis

297 1743 490 1850 expensis
530 1751 693 1828 tenetur
731 1742 950 1843 demolire,
994 1741 1103 1850 quod
1149 1740 1241 1820 inde
1282 1745 1474 1818 constru-

297 1883 410 1958 ctum
440 1885 516 1958 est.

384 2009 522 2103 Quare
552 2017 685 2091 totum
719 2010 757 2092 id
778 2010 887 2118 quod
909 2037 933 2090 a
954 2008 1116 2115 legibus
1137 2005 1328 2088 civilibus
1350 2030 1472 2112 prae-

297 2143 504 2246 scribitur,
530 2145 773 2226 observatur
804 2146 927 2226 etiam
959 2143 1011 2224 ab
1034 2141 1218 2223 Ecclesia
1231 2172 1242 2241 ;
1266 2139 1470 2247 siquidem

297 2279 403 2359 sacri
434 2304 613 2361 canones
634 2307 717 2361 non
738 2279 1014 2387 dedignantur
1035 2279 1146 2384 leges
1167 2275 1308 2356 civiles
1330 2274 1371 2353 in
1393 2273 1471 2352 hac

298 2439 342 2492 re
373 2412 539 2498 imitari.
573 2415 692 2496 Unde
724 2415 906 2495 inferunt
923 2415 1137 2512 DoctoreS,
1164 2419 1203 2490 et
1224 2407 1469 2488 Canonistae

297 2546 547 2656 principium
579 2548 679 2629 illud
717 2595 766 2610 -
796 2549 872 2628 Jus
903 2546 1175 2646 Canopicum,
1201 2552 1240 2625 et
1270 2541 1385 2624 civile
1407 2539 1466 2617 in-

298 2681 426 2761 vicem
445 2681 714 2788 opitulantur,
739 2689 779 2762 et
795 2683 902 2789 quod
925 2681 965 2760 in
989 2706 1071 2762 unc
1084 2680 1177 2788 jure
1198 2677 1467 2773 desideratur,

298 2814 418 2895 debet
449 2841 519 2920 per
550 2815 662 2896 aliud
694 2817 889 2924 suppleri.
926 2818 991 2896 Ite
1026 2816 1130 2926 Cep.
1171 2819 1210 2906 1,
1246 2811 1287 2892 h.
1323 2820 1352 2893 t.

651 3203 889 3289 TITULUS
921 3208 1114 3294 XXXlll.

358 3481 422 3560 De
444 3479 677 3589 privilegiis
709 3486 745 3558 et
775 3479 1004 3560 accessibus
1031 3479 1409 3589 privilegiatorum.

387 3749 539 3829 Actum
570 3755 632 3829 est
662 3775 790 3858 supra
821 3751 869 3830 de
906 3751 1146 3831 excessibus
1168 3751 1466 3849 praelatorum,
1493 3725 1499 3738 ¹

228 3903 234 3910 ·
299 3891 338 3965 et
353 3883 639 3985 subditorum,
665 3890 705 3964 at
725 3884 833 3966 sicut
854 3885 1100 3994 quandoque
1122 3884 1283 3985 accidit,
1309 3891 1356 3964 ut
1371 3883 1474 3964 sub-

298 4018 368 4100 diti
402 4017 640 4127 delinquant
670 4020 876 4100 abutendo
908 4019 1132 4127 privilegiis
1163 4019 1252 4100 suis
1282 4025 1322 4099 et
1352 4043 1475 4099 exce-

298 4153 430 4234 dendo
462 4130 658 4235 terminos
689 4179 848 4254 eorum,
884 4153 965 4233 imo
997 4153 1163 4262 saepius
1195 4153 1319 4234 etiam
1350 4151 1474 4234 dubi·

298 4293 405 4366 tetur
445 4287 494 4367 de
535 4287 741 4370 intellectu
783 4288 967 4396 ipsorum
1008 4287 1333 4395 privilegiorum,
1376 4285 1473 4368 hinc

297 4419 347 4501 B.
384 4419 658 4528 Raymundus
690 4433 944 4530 praesentem
979 4423 1143 4504 titulum
1176 4422 1395 4504 subnectit.
