3388 5136
537 463 637 508 urens
661 465 691 510 v.
716 479 760 494 -
784 465 923 512 'rrrucus
946 467 996 510 111.
1289 445 1354 512 103

180 584 348 666 casibus
380 612 404 665 a
434 598 652 696 praecepto
683 590 892 672 Ecclesiae
929 591 1101 694 derivat,
1137 619 1218 700 quo
1251 593 1360 674 eius·

180 719 290 826 modi
322 745 478 822 rerum,
511 718 573 802 vel
601 723 775 829 jurium,
811 731 882 806 aut
912 725 1142 806 officiorum
1174 753 1361 807 commu-

179 854 356 934 tationes
387 883 438 934 ex
470 857 623 937 motivo
646 857 872 966 religionis,
897 867 937 941 et
958 860 1210 941 reverentiae
1233 862 1357 942 rebus

180 988 310 1068 sacris
342 989 502 1070 debitae
524 989 806 1098 prohibentur.
833 993 957 1073 Vetat
978 993 1104 1092 enim,
1130 1003 1169 1075 et
1190 993 1360 1074 damnat

181 1103 367 1204 Ecclesia
396 1123 636 1205 huiusmodi
670 1134 788 1207 actus
819 1127 874 1207 uti
899 1127 1165 1230 simoniacos,
1190 1129 1288 1236 quia
1310 1127 1359 1207 li-

181 1265 244 1335 cet
269 1283 406 1363 perse
428 1283 509 1338 non
533 1258 800 1367 importarent
820 1261 1173 1368 comparationem
1196 1264 1253 1342 rei
1276 1263 1361 1369 spi-

181 1391 340 1471 ritualis
372 1419 466 1472 cum
499 1393 728 1500 temporali,
765 1395 993 1502 periculum
1027 1402 1164 1475 tamen
1197 1403 1275 1494 est,
1308 1423 1360 1477 ne

180 1525 457 1607 secumferant
488 1525 609 1606 istam
642 1527 1007 1636 comparationem.
1034 1528 1103 1607 Sic
1125 1535 1171 1608 ut
1191 1529 1357 1637 aliquod

182 1660 418 1766 exemplum
450 1660 641 1762 citemuS,
674 1661 860 1743 Ecclesia
890 1663 1021 1744 vetuit
1062 1662 1182 1742 vendi
1221 1663 1358 1745 oleum

181 1794 459 1895 benedictum,
495 1805 534 1876 et
564 1804 754 1878 sanctum
786 1796 983 1896 chrisma,
1019 1796 1118 1904 quia
1159 1796 1360 1904 periculo·

181 1953 274 2008 sum
307 1938 408 2030 erat,
443 1956 494 2009 ne
525 1930 565 2010 in
597 1930 880 2012 aestimatione
912 1929 1030 2038 pretii
1062 1929 1166 2011 ratio
1188 1930 1359 2013 habere-

179 2071 247 2143 tur
277 2064 589 2165 benedictionis
623 2073 663 2145 et
693 2091 760 2145 res
782 2065 1026 2144 venderetur
1049 2064 1158 2144 ultra
1179 2066 1360 2147 valorem

180 2179 391 2278 materiae.
417 2197 532 2278 Haec
552 2197 752 2276 simoniae
783 2197 945 2303 species
968 2205 1031 2278 est
1060 2198 1188 2299 mala,
1214 2199 1311 2306 quia
1337 2227 1362 2280 a

181 2331 269 2438 lege
306 2329 526 2440 prohibita.
571 2329 679 2409 Hinc
719 2329 931 2410 damnatio
973 2330 1183 2412 Ecclesiae
1225 2335 1360 2440 quoad

181 2465 418 2574 hujusmodi
457 2473 574 2547 actus
615 2463 796 2572 procedit
836 2490 888 2543 ex
928 2464 1111 2572 periculo
1157 2465 1359 2547 simoniae

175 2600 283 2707 juris
314 2601 458 2701 divini,
503 2599 675 2707 ideoque
716 2625 766 2679 ex
803 2597 979 2706 positiva
1020 2600 1110 2706 lege
1152 2599 1361 2682 Ecclesiae

182 2760 290 2813 nova
319 2732 421 2813 hacc
451 2733 609 2840 species
639 2731 842 2812 simoniae
875 2732 1045 2839 agnosci
1078 2733 1213 2834 debet,
1253 2761 1360 2842 quae

176 2867 284 2974 juris
314 2866 590 2948 Ecclesiastici
623 2873 902 2973 nuncupatur.

268 3001 401 3084 Casus
431 3001 603 3109 hujusce
634 3000 835 3082 simoniae
866 3007 963 3080 sunt
993 3009 1229 3107 sequentes
1272 3003 1361 3082 Pri-

181 3164 276 3218 mus
297 3139 532 3220 verificatur
549 3139 589 3217 in
614 3136 919 3248 permutatione
941 3135 1121 3244 ipsorum
1142 3137 1362 3244 'beneflcio-

183 3299 288 3374 rum,
322 3273 357 3353 si
375 3272 475 3354 haec
505 3271 752 3380 permutatio
784 3269 897 3350 fieret
918 3295 969 3348 ex
992 3268 1152 3376 privata
1182 3269 1362 3351 auctori-

180 3414 278 3489 tate.
300 3408 409 3487 Sane
430 3405 667 3513 hujusmodi
701 3403 993 3485 beneficiorum
1015 3403 1267 3509 permutatio
1290 3429 1363 3509 per

180 3567 226 3618 se
248 3567 329 3618 nou
361 3539 582 3618 secumfert
603 3537 821 3618 simoniam
854 3536 961 3644 juris
993 3535 1139 3637 divini,
1174 3562 1221 3617 eo
1252 3537 1362 3643 quod

181 3677 461 3754 commutatur
481 3671 662 3753 officium
683 3697 850 3752 sacrum
872 3697 968 3751 cum
994 3671 1133 3752 officio
1164 3697 1298 3774 sacro,
1323 3680 1362 3753 et

176 3807 246 3914 jus
282 3805 506 3914 temporale
537 3805 744 3887 adnexum
785 3804 987 3914 spirituali
1029 3832 1125 3886 cum
1160 3805 1242 3886 alic
1267 3805 1361 3913 jure

181 3941 365 4048 ejusdem
407 3940 587 4048 generis.
631 3939 911 4021 Nihilominus
945 3939 978 4020 si
1012 3939 1083 4019 fiat
1120 3939 1377 4048 auctoritate·

181 4075 356 4182 privata,
391 4074 628 4182 hujusmodi
650 4073 898 4183 permutatio
922 4074 981 4154 uti
1010 4081 1127 4154 actus
1158 4071 1362 4152 simoniae

182 4209 453 4311 interdicitur,
478 4237 552 4292 ceu
576 4211 721 4292 docent
746 4211 849 4320 Cap.
875 4211 904 4289 5
926 4215 962 4290 et
985 4212 1010 4288 7
1036 4206 1242 4289 derorum
1265 4235 1363 4320 per·

182 4353 280 4428 mut.
305 4347 544 4428 Periculum
576 4345 685 4428 enim
706 4373 798 4427 esse
829 4352 977 4453 potest,
1005 4371 1055 4425 ne
1081 4343 1272 4452 pecunia,
1298 4342 1362 4423 vel

180 4479 263 4560 alia
279 4507 343 4561 res
359 4481 598 4590 temporalis
614 4479 871 4580 interveniat,
892 4489 931 4561 et
947 4479 1032 4577 uni,
1050 4479 1251 4585 alterique
1270 4502 1363 4584 per-
