3388 5136
549 376 649 422 menn
673 376 705 421 v.
731 395 773 406 -
797 379 937 426 amanus
959 379 1006 425 111.
1301 359 1370 426 125

190 506 292 587 istas
322 503 481 612 species
502 511 680 585 statutae
702 503 783 585 sint
800 530 955 611 poenae
972 502 1208 586 canonicae.
1235 503 1366 585 Pon‘ro

189 640 266 722 hoo
312 637 503 720 examine
547 644 712 746 peracto
754 637 915 718 nullum
962 637 1194 718 invenimus
1239 664 1367 720 cano-

189 800 300 874 nem,
334 773 403 881 qui
434 797 589 880 poenas
616 772 807 852 decernat
838 780 981 854 contra
1011 773 1232 853 simoniam
1254 801 1367 854 men-

190 909 328 1006 talem,
353 915 393 988 et
423 906 780 1008 concentionatem,
805 907 891 986 sive
915 934 1029 1018 para
1061 907 1150 1015 ipsa
1180 906 1247 1005 sit,
1278 908 1366 987 sive

189 1043 338 1122 miccta.
373 1039 468 1121 Non
499 1049 641 1122 contra
672 1041 898 1138 mentalem,
935 1041 1033 1148 quia
1063 1067 1158 1121 cnm
1190 1041 1281 1147 ipsa
1304 1041 1367 1120 in-

190 1183 258 1256 tus
288 1175 412 1256 lateat
433 1174 474 1255 in
496 1175 632 1275 corde,
656 1174 771 1257 nulla
791 1174 1083 1256 Ecclesiastioa
1099 1200 1232 1282 poena
1252 1203 1369 1256 coer-

190 1309 272 1391 ceri
304 1309 426 1406 valet,
459 1310 533 1390 sed
563 1309 699 1389 solnm
721 1316 990 1390 scrutator-em
1022 1309 1210 1390 cordium
1227 1309 1364 1389 Deum

189 1441 311 1524 habet
343 1443 516 1525 ultorem
553 1444 656 1554 Cap.
691 1447 752 1525 33
783 1451 819 1524 et
849 1469 931 1551 seq.
957 1447 1022 1525 De
1051 1443 1242 1523 simonia.
1277 1445 1368 1524 De-

190 1579 272 1658 ooti
303 1577 344 1658 h.
380 1585 408 1657 t.
445 1582 470 1680 ἕ
503 1579 542 1660 1.
578 1578 622 1658 Si
654 1585 792 1658 autem
825 1585 1061 1685 quaeratur,
1106 1603 1180 1656 ouo
1224 1585 1368 1656 contra

190 1710 296 1792 hano
326 1711 546 1793 simoniam
577 1711 762 1793 Ecclesia
785 1712 940 1792 nnllam
966 1711 1155 1791 statuerit
1171 1736 1364 1819 poenam,

190 1845 391 1925 nationem
422 1845 553 1927 reddit
584 1847 699 1954 Papa
733 1847 836 1956 Cap.
875 1847 963 1928 Taa
984 1871 1055 1928 nos
1077 1847 1138 1927 34
1161 1842 1202 1923 n.
1230 1853 1259 1924 t.
1285 1845 1369 1924 sci-

189 1978 282 2059 licet
313 1979 410 2086 quia
440 2024 492 2036 --
521 1982 735 2062 Ecclesiae
764 1980 904 2062 datam
941 1989 998 2060 est
1038 1980 1088 2060 de
1133 1980 1367 2088 manifestis

190 2119 348 2192 tantam
367 2113 590 2218 judicare:
624 2114 673 2193 de
700 2116 870 2194 internis
902 2116 1008 2193 enim
1048 2114 1160 2224 apnd
1201 2113 1367 2193 distric-

190 2253 274 2346 tam
304 2245 492 2328 Jadicem
524 2246 614 2354 (qni
641 2254 849 2327 scratotoa
879 2253 936 2325 est
968 2246 1170 2346 cordiam,
1219 2255 1255 2326 et
1303 2272 1368 2325 co-

190 2383 328 2488 9nitor
355 2380 619 2488 secretoeam)
642 2379 861 2491 camelitas
874 2378 1140 2486 judicantur.
1165 2379 1274 2459 Hinc
1296 2404 1369 2485 pa-

190 2520 261 2613 tet,
282 2515 390 2621 qaod
408 2514 465 2595 nei
487 2513 688 2594 simoniae
709 2513 916 2611 mentalis,
941 2512 1035 2593 licet
1052 2513 1191 2603 inhoc
1209 2513 1368 2593 mundo

192 2646 328 2726 nullas
353 2647 460 2752 jucis
492 2673 646 2754 poenas
676 2647 903 2747 incurrant,
938 2673 1092 2753 poenas
1119 2654 1256 2727 tamen
1279 2673 1369 2726 ma-

192 2804 272 2858 nus
303 2779 477 2860 Divinae
507 2807 589 2860 non
620 2781 809 2880 evadent,
843 2780 922 2861 nisi
954 2781 1202 2888 condignam
1244 2787 1372 2887 agant

192 2913 500 3023 poenitentiam.

280 3047 374 3128 Non
405 3053 547 3129 contra
577 3047 798 3129 simoniam
830 3073 947 3155 pune,
995 3073 1070 3126 seu
1117 3074 1227 3128 mere
1272 3074 1370 3128 con-

193 3180 482 3281 ventionalem,
502 3208 584 3291 qua
614 3181 781 3289 quidem
814 3189 980 3288 pactum
1011 3187 1228 3260 externum
1260 3182 1363 3261 dan-

193 3314 232 3394 di
255 3315 479 3423 temporale
509 3342 582 3423 pro
614 3313 834 3422 spirituali,
856 3298 941 3394 'ant
971 3339 993 3393 e
1020 3320 1164 3393 contra
1194 3315 1369 3394 interve-

192 3449 262 3542 nit,
295 3450 368 3529 sed
400 3449 514 3530 nulla
542 3457 681 3529 tamen
713 3475 765 3528 ex
797 3455 912 3555 parte
929 3446 1065 3531 adhuc
1096 3445 1366 3552 adimpletum

193 3587 269 3680 est,
313 3582 411 3688 quia
446 3607 640 3679 canones,
675 3581 717 3660 in
759 3581 911 3689 quibus
941 3587 1182 3688 statuuntur
1212 3606 1368 3689 poenae

194 3721 335 3797 eontra
355 3715 616 3813 simoniacos,
633 3741 713 3796 non
735 3715 961 3823 loquuntur
977 3718 1027 3797 de
1044 3714 1160 3823 punis
1182 3741 1365 3795 conven-

193 3850 390 3950 tionibus
415 3851 487 3931 sed
519 3849 680 3932 actibus
702 3849 898 3948 extemis,
923 3859 963 3930 ot
995 3849 1249 3930 consumatis
1275 3847 1370 3928 inde

194 3983 544 4091 provenientibus
566 3982 715 4067 actuali
739 4010 885 4092 nempe
906 3982 1087 4082 datione,
1112 3990 1151 4062 et
1173 3981 1370 4088 receptio-

195 4145 261 4216 ne,
296 4119 355 4200 nti
381 4126 493 4226 patet
513 4147 562 4198 ex
587 4119 722 4201 verbis
753 4119 865 4200 citat.
900 4119 1137 4226 Eateacaq.
1168 4116 1271 4196 Cam
1302 4113 1371 4194 de-

196 4252 376 4333 testabile
414 4254 518 4338 2lt.
555 4262 584 4337 t.
619 4299 671 4308 —
702 4255 759 4334 ibi
790 4307 842 4317 -
879 4253 1082 4352 Unioersi,
1126 4253 1198 4359 qai
1232 4249 1371 4330 dando

197 4386 256 4466 eet
295 4389 532 4500 accipiendo
563 4391 781 4472 simoniam
812 4390 1102 4490 commiserint,
1130 4389 1372 4468 sententiam
