3386 5126
521 371 621 418 11010
644 374 679 420 v.
705 391 747 402 -
772 374 911 422 1111100
933 375 964 429 v.
1268 358 1333 424 155

249 497 396 590 Quoad
417 499 619 608 primum.
654 491 759 580 Cum
796 500 975 606 antiquis
997 501 1268 608 temporibus,
1294 517 1333 586 et

152 634 394 751 praesertim
426 641 610 740 tempore
642 632 869 714 Alexandri
899 635 948 713 lll
979 633 1090 716 haud
1112 637 1243 720 multa
1258 637 1333 718 ha-

153 779 348 858 bcrentur
389 767 576 849 instituta
621 769 930 875 grammaticae,
968 775 1008 848 et
1037 767 1332 854 humaniorum

151 909 386 1004 literarum,
420 903 493 983 sed
535 909 698 984 tantum
740 902 782 982 in
822 902 1032 984 nonnullis
1072 903 1174 986 locis
1215 913 1332 986 erant

9 1053 10 1056 ‘
152 1040 466 1134 Universitates,
502 1035 599 1116 hinc
637 1036 761 1116 fiebat
798 1045 843 1116 ut
881 1035 1167 1144 unusquisque
1198 1036 1333 1118 aliena

150 1201 290 1284 opera,
336 1179 376 1252 et
415 1167 593 1278 propriis
634 1169 824 1276 expensis
867 1177 955 1250 tum
997 1157 1327 1276 grammaticam,

7 1401 9 1422 ἶ
150 1318 242 1390 tum
274 1304 544 1388 humaniores
574 1303 715 1384 literas
745 1303 974 1386 addisceret
995 1329 1092 1386 cum
1114 1305 1166 1387 ad
1186 1305 1326 1406 linem,

7 1423 9 1470 ³
152 1453 197 1523 ut
227 1441 375 1522 deinde
406 1440 459 1519 ad
478 1435 775 1518 Universitates
792 1463 961 1544 pergere
992 1443 1146 1545 posset.
1170 1438 1236 1517 Ex
1253 1438 1330 1519 hoc

150 1581 290 1656 autem
323 1571 553 1669 derivabat,
587 1579 634 1652 ut
664 1597 759 1651 cum
800 1571 940 1677 plures
971 1571 1117 1653 Clerici
1150 1573 1329 1653 minores

149 1707 345 1788 assistere
376 1705 571 1786 deberent
608 1703 836 1786 ministerio
857 1705 1083 1804 Ecclesiae,
1108 1705 1187 1813 ipsi
1208 1731 1330 1786 num-

148 1867 274 1949 quam
307 1837 468 1918 habiles
499 1839 672 1920 evadere
702 1847 892 1946 poterant
911 1841 964 1920 ad
995 1839 1134 1920 studia
1154 1840 1330 1923 Univer-

147 1974 298 2056 sitatis.
339 1973 427 2052 Hoc
458 1973 740 2081 maximopere
772 1973 980 2054 Ecclesiae
1012 1973 1238 2081 displicuit,
1262 1973 1328 2054 cui

149 2106 376 2215 plurimum
408 2105 619 2204 intererat,
654 2117 701 2186 ut
722 2107 826 2186 tales
842 2105 988 2186 Clerici
1011 2108 1324 2188 instruerentur.

148 2243 239 2322 Hac
269 2240 319 2320 dc
351 2265 394 2319 re
424 2237 655 2318 Concilium
678 2239 956 2318 Lateranense
976 2240 1025 2318 lll
1044 2239 1124 2318 sub
1146 2239 1330 2318 Alexan·

6 2383 7 2392 '
148 2376 222 2456 dro
253 2375 304 2454 lll
333 2399 444 2454 anno
481 2371 589 2452 1179
622 2370 874 2451 celebratum
907 2370 1045 2478 (cujus
1081 2371 1328 2453 Constitutio

5 2537 7 2608 ς
148 2509 323 2590 10101101
355 2507 397 2586 in
437 2507 540 2618 Cup.
580 2510 622 2598 1,
657 2509 687 2586 3
718 2513 755 2585 et
785 2506 830 2598 5,
865 2505 907 2586 b.
942 2505 993 2612 t.)
1026 2505 1204 2588 (1001ον11
1220 2513 1266 2588 ut
1287 2505 1329 2586 in

5 2665 7 2672 ’
147 2642 343 2724 omnibus
365 2639 681 2721 Cathedralibus
702 2638 900 2720 Ecclesiis
918 2665 1027 2720 unus
1044 2640 1330 2746 designaretur

148 2773 362 2880 magister,
390 2772 459 2878 qui
492 2771 687 2872 ClericOS,
712 2783 752 2853 01
777 2797 980 2879 pauperes
1001 2773 1329 2855 adolescentulos

148 2906 277 3014 gratis
309 2905 493 2988 erudiret
509 2905 550 2985 in
572 2905 720 2986 studiis
742 2905 1052 3012 grammaticae,
1077 2917 1116 2988 et
1137 2907 1329 3014 pulchra-

148 3068 241 3122 rum
283 3041 514 3140 literarum,
564 3040 717 3148 quique
762 3038 1038 3121 Scholasticus
1084 3042 1322 3122 vocabatur.

147 3174 257 3254 Huic
289 3181 429 3254 autem
460 3175 660 3280 magistro
691 3199 766 3279 pro
797 3173 969 3254 honesta
998 3173 1326 3254 substentatione

145 3335 199 3388 01
230 3305 460 3387 redditibus
490 3305 715 3408 Ecclesiae,
750 3332 825 3387 seu
857 3332 930 3412 per
970 3305 1328 3413 beneficiumpro-

147 3441 369 3522 videndum
401 3448 504 3522 erat.

234 3580 291 3652 At
316 3572 515 3679 quoniam
536 3581 670 3653 tractu
692 3573 888 3680 temporis
908 3571 1011 3653 haec
1030 3570 1256 3652 Alexandri
1278 3571 1328 3652 lll

141 3709 277 3814 jussa,
312 3713 352 3786 et
387 3704 677 3812 dispositiones
708 3706 750 3787 in
786 3705 980 3788 omnibus
1010 3705 1326 3788 Cathedralibus

147 3841 258 3922 haud
280 3847 420 3922 exacte
441 3841 786 3942 observabantur,
810 3842 893 3922 imo
916 3867 997 3922 non
1018 3867 1167 3948 parum
1188 3839 1323 3947 negli-

145 3975 366 4081 gebantur,
401 3973 499 4056 hinc
531 3975 685 4056 lactum
717 3975 808 4076 fuit,
844 3984 889 4056 ut
920 4001 1029 4058 anno
1066 3975 1326 4056 12151110-

145 4107 306 4187 centius
336 4109 386 4186 lll
419 4107 459 4188 in
482 4106 666 4190 Concilio
688 4109 880 4190 Lateran.
900 4109 957 4190 lV
981 4107 1108 4218 (Cap.
1134 4109 1179 4198 4,
1205 4105 1246 4188 11.
1273 4109 1324 4213 t.)

145 4239 440 4349 supercitatam
488 4242 853 4352 praescriptionem
894 4243 947 4324 ad
989 4241 1132 4342 vitam,
1171 4247 1212 4322 et
1252 4240 1324 4322 hc-

146 4399 287 4455 norem
334 4387 558 4476 revocaret,
599 4387 640 4459 et
684 4378 922 4459 extenderet
962 4377 1087 4458 etiam
1127 4377 1179 4458 ad
1221 4375 1325 4459 alias
