3178 5134
425 387 533 439 urann
554 387 600 436 ιν.
624 405 645 419 -
666 385 804 436 rrrunus
825 385 909 435 xvn.
1186 368 1249 434 271
1324 353 1328 365 '

95 528 162 601 aut
192 518 337 601 saltem
367 514 603 599 alterutrius
632 513 811 622 parentis
841 515 950 594 bona
978 512 1094 593 fides.
1129 513 1244 605 Quae

94 651 393 734 communitatis
410 649 629 731 credulitas
648 648 822 730 habetur
846 645 1070 754 probabilis
1086 655 1125 728 et
1138 645 1246 726 bona

93 794 303 893 parentum
332 785 434 866 fides
455 783 687 883 attenditur,
712 807 807 862 cum
829 809 880 862 ex
902 806 990 892 cop.
1020 782 1044 860 3
1066 780 1114 860 dc
1134 779 1247 860 clan-

93 919 200 1000 dest(
221 919 400 1030 desperas.
436 916 601 999 fuerunt
630 915 957 997 denuntiationes
999 923 1070 996 aut
1109 913 1246 994 banna

95 1052 329 1160 praemissa,
362 1049 425 1132 vel
446 1051 498 1130 ab
526 1048 765 1130 auctoritate
787 1047 1062 1138 ecclesiastica
1083 1049 1246 1156 dispen-

95 1193 192 1267 sata.
227 1183 340 1265 Haec
370 1190 506 1264 autem
537 1182 634 1282 du0,
668 1207 828 1288 nempe,
862 1180 1026 1289 publica
1055 1180 1246 1289 probabi-

96 1319 138 1398 lis
169 1316 387 1398 credulitas
418 1324 457 1397 et
487 1316 595 1396 bona
624 1315 724 1395 fides
754 1315 899 1394 saltem
939 1314 1064 1394 unius
1104 1312 1246 1420 conju-

99 1453 155 1558 gis
186 1451 333 1532 debent
361 1449 403 1529 in
434 1449 538 1530 lacto
569 1448 767 1556 copulari,
810 1447 906 1555 quia
927 1449 975 1529 id
1016 1446 1191 1554 exigitur
1222 1471 1246 1524 a

100 1584 226 1666 citatis
256 1583 496 1682 canonibuS,
529 1589 568 1662 et
598 1609 623 1662 a
651 1582 858 1663 communi
890 1581 1112 1662 Doctorum
1152 1607 1246 1660 sen-

99 1717 232 1796 tentia.
265 1716 384 1798 Unde
413 1715 448 1796 si
479 1715 786 1795 matrimonium
806 1713 1009 1794 malefida
1031 1713 1245 1819 utriusque

101 1849 277 1957 conjugis
313 1847 456 1928 luisset
494 1854 746 1928 contractum
786 1854 858 1927 aut
896 1854 1242 1944 consummatum,

103 1981 225 2087 proles
256 2007 307 2060 ex
337 2006 385 2060 eo
415 1977 552 2086 genita
581 1986 688 2060 esset
708 1979 933 2086 illegitima,
962 1979 1151 2087 quamvis
1172 2005 1245 2086 pro

102 2113 179 2193 loro
209 2121 388 2212 externo,
412 2111 483 2191 ubi
504 2139 585 2192 non
605 2119 764 2193 constat
784 2111 833 2191 de
854 2111 1016 2191 illorum
1038 2110 1147 2191 mala
1166 2109 1245 2190 fide

102 2244 290 2325 habeatur
318 2269 392 2351 pro
421 2243 620 2350 legitima3
652 2252 691 2324 et
721 2243 815 2324 hinc
845 2243 937 2325 talis
966 2243 1100 2351 proles
1140 2269 1245 2351 quae

101 2380 216 2460 semel
245 2379 385 2460 habita
414 2379 491 2459 fuit
520 2405 592 2486 pro
623 2377 819 2486 legitima,
851 2404 932 2458 non
963 2385 1123 2458 tenetur
1158 2401 1246 2456 cre-

101 2512 186 2594 dere
223 2539 358 2593 merae
396 2512 609 2593 assertioni
651 2519 864 2621 parentum
906 2512 1028 2592 etiam
1065 2512 1240 2618 juratae,

103 2645 201 2750 quod
229 2647 283 2726 sit
302 2644 527 2752 illegitima.
552 2644 749 2725 Consulto
779 2643 1044 2726 adhibuimus
1074 2643 1244 2724 verbum

96 2785 324 2884 procreatus
360 2777 422 2856 vel
457 2777 626 2886 penitus,
668 2778 765 2884 quia
805 2780 855 2859 ad
897 2779 1074 2858 favorem
1116 2775 1241 2884 prolis

104 2909 310 3018 aliqnando
342 2911 564 2992 attenditur
593 2913 644 2992 ad
664 2911 933 3012 nativitatem,
954 2911 1172 3019 aliquando
1194 2909 1245 2989 ad

102 3045 411 3154 conceptionem,
444 3071 589 3153 nempe
620 3053 665 3126 ut
695 3045 829 3153 proles
859 3073 931 3154 pro
961 3045 1143 3152 legitima
1172 3043 1246 3121 ha-

103 3175 249 3258 beatur.
283 3177 390 3258 Hinc
419 3176 594 3258 habetur
613 3203 686 3284 pro
707 3175 888 3284 legitima
908 3177 982 3258 etsi
1006 3176 1139 3284 proles
1156 3174 1242 3281 jam

101 3305 149 3386 sit
176 3317 366 3415 concepta
395 3318 500 3406 ante,
537 3309 759 3389 dummodo
788 3318 924 3390 tamen
956 3316 1053 3389 nata
1082 3308 1134 3387 sit
1153 3315 1245 3414 post
1332 3379 1338 3390 ,

102 3439 394 3520 matrimonium
415 3440 595 3547 legitime
616 3449 885 3541 contractum,
909 3448 1029 3550 prout
1045 3439 1113 3548 qui
1133 3438 1245 3518 filius

101 3575 156 3648 est
169 3571 329 3677 genitus
343 3571 385 3651 in
407 3571 667 3653 matrimonio
698 3574 880 3681 putativo
910 3573 1084 3652 habetur
1113 3567 1245 3676 legiti-

104 3727 202 3804 mus,
216 3705 437 3785 dummodo
453 3715 672 3814 conceptus
688 3708 742 3787 sit
758 3717 849 3788 ante
865 3707 1108 3788 sententiam
1125 3702 1246 3785 nulli·

101 3832 201 3936 tutis,
223 3837 287 3917 vel
308 3843 526 3946 antequam
556 3837 744 3919 deficeret
773 3838 996 3946 probabilis
1017 3837 1245 3919 communi-

98 3966 185 4047 tatis
214 3969 434 4053 credulitas
473 3997 568 4052 cum
607 3971 716 4052 bona
754 3972 832 4053 fide
874 3971 1109 4054 alterutrius
1148 3997 1245 4051 con·

93 4097 209 4222 jugis
234 4105 353 4186 Unda
383 4105 449 4186 isti
471 4108 651 4213 gaudent
674 4107 999 4214 quibuscumque
1021 4105 1244 4214 privilegiis

100 4229 363 4338 legitimorum
393 4246 480 4319 tum
522 4239 563 4319 in
604 4239 810 4340 civilibuS,
843 4249 931 4320 turn
971 4237 1013 4320 in
1053 4239 1245 4320 ecclesia-

101 4364 217 4451 sticis.
251 4371 370 4454 Unde
400 4381 475 4474 est,
510 4374 618 4482 quod
654 4375 816 4481 quando
857 4375 909 4454 ab
948 4373 1131 4455 Ecclesia
1170 4371 1244 4452 ali-
