3136 5138
505 429 682 482 1111111.
707 447 729 463 ·
750 428 891 482 neonus
914 403 960 482 111.
1163 506 1167 516 ¹
1278 419 1321 484 93

144 559 321 644 Lessius
351 559 401 640 dc
417 559 558 667 justit.
592 568 629 640 et
647 561 749 666 jare
778 560 910 668 tina
941 587 1031 674 cap.
1063 565 1118 645 40
1138 562 1232 644 dub.
1263 567 1314 644 18

143 721 257 777 num.
297 697 394 794 121,
427 692 675 775 Benedictus
704 693 804 774 XIV
833 693 970 776 Resol.
1003 695 1049 778 S.
1088 697 1135 776 C.
1185 697 1311 780 Conc.

148 831 191 910 in
218 827 397 911 Jadrcn.
431 817 617 934 2111119.
646 826 754 906 1720
776 825 926 934 aliique
953 827 1107 935 plures,
1132 829 1184 911 Et
1209 830 1316 912 hanc

146 959 418 1044 intentionem
451 959 593 1041 dicunt
631 957 699 1040 isti
739 959 943 1042 Auctores
983 961 1154 1043 revelari
1194 991 1316 1074 posse

144 1097 272 1178 etiam
302 1118 376 1202 por
405 1093 583 1176 indolem
614 1093 873 1201 negotiorum
904 1121 1009 1203 quae
1030 1103 1245 1202 geruntur,
1271 1106 1316 1179 ut

143 1237 247 1339 puta
275 1253 328 1308 cx
359 1226 516 1308 ratione
546 1225 795 1326 studiorum,
827 1225 950 1307 officii
981 1227 1134 1336 publici
1167 1229 1232 1311 vel
1253 1230 1272 1310 f
1295 1275 1315 1292 ·

143 1363 347 1462 mulatuS,
381 1367 453 1441 aut
483 1359 606 1442 etiam
636 1385 689 1440 ex
718 1359 974 1462 necessitate,
1009 1371 1110 1469 puta
1139 1389 1193 1444 ex
1212 1363 1316 1444 rele-

133 1496 309 1606 gatione
340 1501 413 1575 aut
441 1491 794 1590 condemnatione,
828 1494 999 1601 proinde
1028 1494 1106 1576 hoc
1122 1498 1313 1580 manendi

142 1629 402 1740 proposi-tum
432 1653 505 1734 per
534 1627 731 1736 majorem
761 1627 858 1708 anni
888 1635 1046 1738 partem
1076 1627 1223 1711 vellest
1243 1657 1316 1712 vo-

142 1761 373 1846 luntarium
402 1761 467 1842 vel
497 1760 791 1844 necessarium.
830 1741 866 1841 E
907 1770 1050 1844 contra
1088 1762 1315 1870 Fagnanus

142 1921 241 1977 cum
270 1894 480 2004 aliquibus
509 1902 618 1976 tenet
646 1919 744 1976 eum
774 1893 1012 1976 contrahere
1041 1894 1315 2004 quasi-domi-

142 2028 288 2110 cilium
318 2046 373 2108 ex
411 2025 663 2108 habitatione
702 2025 745 2108 in
784 2026 922 2136 aliquo
961 2026 1050 2108 loco
1090 2028 1314 2111 dummodo
1452 2077 1454 2082 s

141 2163 280 2244 silex
311 2173 455 2263 causa,
488 2186 593 2268 quae
622 2160 735 2242 brevi
766 2187 848 2242 non
878 2161 1132 2269 expediatur,
1164 2189 1240 2244 seu
1265 2175 1312 2245 ut

140 2295 284 2378 statim
313 2294 480 2376 nonsit
511 2295 562 2376 ad
593 2293 806 2403 proprium
836 2295 1089 2378 domicilium
1120 2295 1207 2404 ipse
1247 2323 1312 2378 re-

140 2455 359 2530 versurus,
391 2427 487 2511 licet
515 2427 617 2508 haec
646 2453 774 2509 causa
802 2454 885 2509 non
916 2429 1089 2537 attingat
1114 2429 1311 2537 majorem

140 2561 242 2644 anni
272 2569 432 2669 partem
461 2559 525 2641 vel
555 2559 679 2674 etiam
708 2567 906 2642 semestre
945 2561 988 2641 in
1018 2587 1109 2670 cap.
1148 2564 1314 2672 signifi-

141 2698 252 2778 cooit
267 2695 318 2776 de
325 2694 500 2806 paroch.
526 2702 563 2774 et
583 2693 707 2776 alien.
726 2693 975 2805 parochiae.
1000 2696 1186 2779 Tandem
1206 2724 1310 2780 non-

140 2828 246 2910 nulli
275 2827 475 2909 Doctores
505 2833 652 2935 putant
682 2833 775 2936 post
805 2827 1149 2910 Constitutionem
1180 2829 1314 2912 Bene-

142 2960 242 3044 dicti
263 2960 364 3042 XIV
389 2943 583 3042 ‹Paucis
615 2961 820 3042 abhinc»
846 2961 930 3042 dici
954 2964 1004 3042 19
1026 2963 1180 3044 Martii
1204 2964 1312 3045 1758

141 3119 305 3176 moram
335 3121 412 3176 seu
440 3093 734 3176 habitationem
766 3095 890 3177 unius
921 3097 1076 3177 mensis
1106 3096 1149 3176 in
1175 3096 1313 3204 aliquo

142 3231 234 3310 loco
262 3227 450 3310 sufficere
491 3228 544 3310 ad
582 3229 860 3310 inducendum
897 3229 1308 3338 quasi-domicilium,

141 3362 244 3470 quin
272 3361 420 3444 debeat
448 3361 590 3442 haberi
621 3359 725 3443 ratio
755 3359 993 3442 intentionis
1023 3361 1216 3444 manendi
1248 3363 1311 3444 vel

141 3521 217 3604 pro
247 3495 391 3603 majori
422 3495 520 3576 anni
551 3502 680 3603 parte,
713 3495 777 3575 vel
816 3521 870 3576 ex
909 3519 1037 3576 causa
1076 3521 1158 3578 non
1199 3496 1310 3577 brevi

143 3630 356 3712 duratura.
390 3629 509 3710 Hanc
540 3627 729 3710 ultimam
760 3627 923 3710 excludi
953 3628 1203 3738 opinionem,
1231 3657 1314 3740 qua

143 3763 369 3845 attenditur
407 3765 458 3845 ad
500 3761 754 3845 materialem
800 3789 959 3846 moram
999 3764 1171 3866 mensis,
1214 3763 1314 3873 quin

144 3895 373 3979 habebatur
401 3896 507 3978 ratio
539 3895 778 3979 intentionis
807 3897 999 3980 manendi
1038 3898 1081 3978 in
1120 3897 1210 3980 loco
1240 3907 1313 3978 aut

144 4055 218 4137 per
244 4029 444 4138 majorem
474 4028 570 4109 anni
601 4038 759 4138 partem
789 4038 862 4112 aut
897 4029 1043 4112 saltem
1084 4055 1307 4129 excausa,

143 4185 250 4271 quae
279 4163 394 4245 brevi
423 4171 607 4272 tempore
637 4191 719 4248 non
749 4163 924 4263 deficiat,
960 4189 1034 4246 nec
1074 4163 1159 4245 ullo
1194 4171 1313 4274 pacto

145 4321 236 4377 esse
264 4293 540 4406 recipiendam
571 4296 674 4380 satis
694 4323 900 4406 superque
921 4297 1138 4380 deducitur
1155 4341 1178 4359 -
1200 4301 1239 4377 l⁰
1260 4323 1312 4376 ex

145 4427 223 4511 hoc
249 4429 360 4540 quod
389 4429 637 4514 Benedictus
667 4431 767 4512 XlV
799 4430 839 4518 in
861 4457 911 4512 ea
929 4429 1114 4540 Epistola
1133 4455 1214 4510 non
1235 4455 1315 4536 pu-
