3388 5136
340 367 408 433 124
639 383 910 430 mesammones
934 385 1028 430 scura
1050 384 1210 431 canonxcr

338 539 523 614 cessans,
543 510 607 592 vel
628 511 828 592 damnum
849 535 1065 616 emergens
1084 509 1280 616 spectetis
1298 537 1518 618 personae,

340 656 380 727 ct
410 646 502 727 aliis
532 644 809 726 circustantiis
840 669 984 723 revera
1013 642 1144 742 valat;
1187 643 1290 723 alias
1322 647 1431 725 enim
1463 651 1523 728 si-

339 780 480 861 monia
509 807 591 859 non
622 779 880 875 evaderetur,
914 777 975 858 uti
1007 777 1111 857 benc
1136 779 1331 860 observat
1372 781 1517 884 Palao,

338 913 409 1022 qui
441 913 566 994 etiam
597 939 692 994 cum
725 911 817 990 aliis
848 921 990 990 monet
1020 937 1093 1018 pro
1125 911 1279 1012 labore,
1304 940 1429 1021 quem
1459 916 1521 995 in-

338 1054 603 1146 tercessores,
637 1055 709 1126 aut
734 1047 1136 1127 recommendatores
1157 1046 1361 1153 ejusmodi
1384 1049 1518 1130 eundo

338 1181 564 1282 redeunde,
597 1181 661 1262 vel
691 1181 907 1261 scribendo
932 1180 1126 1277 subcunt,
1153 1181 1381 1288 temporale
1402 1183 1515 1284 dare,

338 1323 411 1396 aut
442 1321 652 1423 praestare
684 1314 802 1395 valde
833 1313 1127 1422 periculosum,
1162 1323 1202 1394 et
1224 1315 1314 1396 ideo
1337 1315 1378 1395 in
1400 1318 1517 1424 praxi

338 1450 390 1530 ab
422 1476 470 1530 eo
502 1449 793 1530 abstinendum
825 1475 942 1549 esse;
975 1475 1071 1528 cum
1097 1449 1340 1556 plerumque
1362 1459 1435 1531 aut
1455 1451 1518 1530 in-

336 1583 444 1664 tuitu
477 1610 661 1691 precum,
694 1592 734 1663 et
766 1583 1196 1684 recommendationis,
1231 1591 1271 1663 et
1301 1611 1383 1665 non
1404 1587 1516 1666 labo-

337 1715 395 1795 ris
425 1717 649 1825 temporale
676 1717 953 1825 promittatur,
978 1727 1050 1799 aut
1066 1728 1174 1798 certe
1196 1718 1236 1798 in
1259 1720 1392 1800 dando
1414 1731 1517 1800 tem-

337 1849 466 1956 porali
500 1857 686 1958 respectu
719 1850 874 1930 laboris
899 1853 1137 1952 excedatur,
1162 1852 1303 1962 sicque
1326 1853 1439 1932 labes
1459 1855 1517 1933 si-

336 1988 499 2064 moniae
529 1985 808 2085 contrahatur,
845 1987 923 2068 hoc
954 1987 1044 2094 ipso
1075 1989 1183 2094 quod
1211 2014 1404 2068 excessus
1427 1989 1511 2088 ille,

339 2143 420 2198 non
462 2116 613 2199 intuitu
656 2118 826 2219 laboriS,
860 2123 932 2201 sed
974 2148 1159 2229 precum,
1209 2131 1279 2202 aut
1324 2121 1514 2202 beneficii

237 2327 241 2334 .
336 2249 555 2331 desiderati
587 2251 672 2332 fiat.
706 2251 766 2332 lta
797 2252 1067 2344 Reiffenstuel
1101 2255 1141 2335 h.
1177 2263 1207 2336 t.
1240 2261 1264 2358 ξ
1290 2259 1332 2335 7⁰
1359 2285 1399 2335 o.
1425 2257 1514 2336 127

336 2391 372 2461 et
405 2385 507 2468 128.
543 2385 624 2464 Sed
656 2385 708 2464 ad
739 2411 894 2492 poenas
925 2386 1127 2468 simoniae
1153 2390 1481 2496 progrediamur.

490 2652 556 2732 De
582 2653 723 2761 poenis
755 2660 897 2735 contra
927 2657 1146 2736 simonium
1176 2661 1356 2741 statutis.

422 2915 661 3022 Improbum
691 2919 892 3004 simoniae
933 2923 1089 3005 crimen
1120 2953 1284 3034 semper
1325 2929 1510 3010 Ecclesia

334 3047 536 3130 detestata
566 3059 643 3150 est,
664 3063 702 3134 et
725 3053 816 3136 ideo
848 3083 1010 3165 semper
1040 3069 1182 3140 contra
1212 3060 1338 3168 hujus
1369 3063 1508 3144 crimi-

334 3181 397 3260 nis
428 3208 519 3262 reos
541 3183 779 3266 insurrexit.
807 3189 915 3270 Sane
946 3193 1072 3298 probe
1103 3221 1276 3274 noscens
1307 3195 1506 3295 Ecclesia,

333 3314 441 3422 quod
465 3317 608 3426 plures
623 3321 762 3429 potius
786 3349 1013 3432 poenorum
1045 3329 1246 3434 pronitus,
1273 3357 1395 3436 qoam
1427 3331 1512 3410 Dei

332 3451 456 3533 timor
485 3480 628 3535 arcere
656 3456 756 3536 solet
776 3483 804 3536 a
825 3458 1030 3539 voluntate
1052 3463 1269 3570 peccandi,
1301 3491 1375 3544 ceu
1410 3489 1507 3542 mo-

331 3591 399 3662 net
429 3585 587 3665 Paulus
608 3589 640 3666 ll
662 3589 702 3666 in
724 3589 961 3702 Eootrccap.
992 3595 1096 3674 Com
1120 3595 1353 3677 detestabile
1374 3597 1416 3678 h.
1452 3606 1501 3696 t.,

332 3715 384 3795 ad
414 3713 711 3800 eliminandum
747 3721 825 3805 hoc
865 3727 1262 3832 perniciosissimum
1302 3731 1504 3812 simoniae

332 3848 477 3930 vitium
510 3853 660 3955 varias,
685 3869 725 3935 et
746 3857 1015 3962 gravissimas
1045 3889 1201 3970 poenas
1231 3873 1376 3945 contra
1408 3866 1509 3946 illud

330 3983 558 4068 constituit.

416 4121 472 4200 Ar
501 4146 598 4201 curn
628 4121 829 4206 simoniae
858 4127 1017 4235 species
1044 4129 1290 4240 multiplices
1310 4132 1506 4232 existant,

331 4250 391 4332 uti
413 4255 604 4358 superius
621 4255 708 4361 jam
727 4259 921 4363 vidimuS,
937 4263 1028 4344 ideo
1045 4263 1362 4372 inspiciendum,
1384 4274 1508 4375 atque

329 4385 652 4470 examinandum
674 4393 794 4474 nobis
815 4398 1007 4498 occurrit,
1028 4406 1170 4481 utrum
1191 4409 1334 4482 contra
1361 4427 1508 4483 omnes
