3360 5126
533 509 631 553 mnan
654 507 683 551 v.
712 523 751 533 —
776 505 914 552 urruns
936 506 992 551 κη.
1281 485 1346 552 237

172 634 286 716 solus
317 634 433 714 Deus
463 633 516 713 sit
547 632 740 713 dominus
764 629 886 728 vitae,
911 637 951 710 et
972 632 1251 712 membrorum
1275 632 1349 714 ho-

173 767 296 849 minis
323 768 445 875 juxta
475 767 576 847 illud
607 767 793 876 Sapient.
833 771 906 857 16,
942 791 1045 845 cers.
1090 770 1163 858 13,
1196 809 1255 827 —
1289 767 1348 847 Tu

175 929 212 982 es
243 904 364 997 enim,
398 903 590 998 Domine,
624 903 696 1008 qui
727 901 848 1000 ailoe,
874 907 910 980 et
932 900 1075 979 mortis
1097 897 1219 980 hobas
1233 907 1349 1010 pote-

173 1043 331 1129 statem,
366 1043 404 1116 et
444 1037 568 1116 Dent.
604 1039 679 1127 32,
716 1060 817 1115 cers.
864 1039 940 1127 39,
966 1079 1023 1096 ·-
1049 1033 1207 1127 Videte,
1242 1033 1350 1142 quod

175 1195 245 1278 ego
273 1171 352 1249 sim
381 1171 504 1262 solus,
540 1177 577 1248 et
608 1196 687 1249 non
716 1171 771 1249 sit
802 1169 911 1250 olias
944 1171 1055 1250 Deos
1069 1177 1240 1279 praeter
1260 1195 1346 1266 me;

175 1327 245 1411 ego
277 1303 475 1396 occidam,
510 1311 547 1383 et
577 1329 647 1413 ego
679 1304 811 1384 uicere
831 1303 1030 1412 faciom;
1064 1311 1205 1383 tamen
1228 1302 1268 1382 in
1291 1301 1351 1380 vi-

174 1413 258 1514 tam
290 1436 600 1518 malefactorum
632 1444 875 1544 potestatem
899 1435 1011 1517 dedit
1031 1436 1145 1517 Dens
1166 1434 1349 1542 legitimo

175 1567 451 1674 magistratui,
465 1577 512 1650 ut
528 1569 717 1676 exigente
734 1568 975 1650 enormitate
989 1568 1189 1668 criminis,
1205 1567 1346 1666 noxia,

175 1709 214 1781 et
244 1703 409 1810 putrida
439 1704 625 1784 membra
657 1703 815 1785 tolleret
842 1704 966 1810 juxta
1001 1703 1101 1783 illud
1123 1704 1243 1784 Rom.
1272 1705 1346 1795 13,

178 1860 281 1914 nors.
300 1834 517 1928 4,-N0n
534 1841 621 1919 siue
637 1863 762 1918 cuasa
778 1836 967 1946 gladium
977 1845 1136 1948 portat,
1147 1839 1229 1917 Dei
1244 1840 1351 1917 onim

175 1971 360 2050 minister
390 1978 462 2070 est,
498 1970 651 2051 eladae
682 1975 723 2052 in
754 1975 936 2063 iraenei,
962 1969 1213 2077 auimatum
1244 1972 1346 2077 ogit.

150 2099 151 2104 ‘
263 2101 371 2193 Quid
394 2111 532 2182 autem
550 2105 766 2184 dicendum
795 2103 845 2182 de
872 2101 1092 2182 homicidio
1118 2108 1349 2208 perpetrato

176 2233 217 2311 in
250 2231 359 2312 bello
385 2232 530 2340 justo?
563 2233 689 2338 Resp.
725 2235 781 2316 Ut
801 2232 957 2313 licitum
987 2241 1049 2313 est
1080 2261 1131 2313 ex
1163 2233 1348 2313 auctori-

176 2375 258 2446 tate
280 2366 446 2474 publica
466 2366 649 2448 occidere
672 2365 971 2467 malefactores
1006 2393 1080 2447 eeu
1102 2393 1202 2448 mox
1242 2366 1347 2446 vidi-

178 2528 287 2602 muS,
313 2501 370 2582 ita
400 2509 573 2602 certum,
600 2500 958 2608 indubitatumque
975 2509 1037 2582 est
1058 2502 1169 2609 apud
1185 2527 1346 2600 omues

177 2635 332 2716 licitum
345 2662 507 2743 quoque
519 2661 610 2716 esse
622 2635 783 2716 cunctis
800 2635 841 2716 in
854 2634 962 2715 bello
968 2634 1099 2742 juste,
1113 2635 1201 2716 sive
1213 2635 1352 2716 defen-

177 2768 281 2868 sivo,
306 2767 392 2849 sive
414 2769 613 2849 offensivo
626 2768 811 2850 occidere
828 2795 972 2850 omnes
989 2769 1143 2870 hostes
1163 2768 1353 2877 quiahoc

180 2901 269 3009 ipso
300 2903 408 3010 quod
441 2901 548 2983 bella
578 2901 687 2984 licite
719 2911 988 2983 assumantur
1018 2903 1069 2984 ad
1085 2903 1243 3010 justam
1268 2903 1354 2982 vin·

181 3035 346 3136 dictam,
381 3044 421 3116 et
451 3034 778 3118 satisfactionem
810 3035 999 3142 injuriae,
1034 3062 1191 3117 necnon
1223 3037 1273 3116 ad
1292 3063 1353 3116 re-

181 3195 291 3268 rum,
326 3176 366 3248 et
396 3169 642 3250 damnorum
675 3167 988 3276 reparationem,
1027 3168 1083 3249 ita
1112 3168 1223 3251 licita
1263 3196 1353 3251 esse

180 3302 330 3383 debent
361 3303 503 3383 omnia
532 3303 670 3384 media
706 3302 940 3383 necessaria
961 3303 1012 3383 ad
1034 3302 1186 3382 bellum
1209 3291 1353 3408 geren-

179 3435 293 3517 dum.
329 3435 458 3516 Porro
490 3435 596 3516 inter
636 3435 873 3544 hujusmodi
914 3435 1051 3517 media
1081 3434 1181 3515 illud
1212 3436 1353 3541 procul

180 3569 303 3650 dubio
335 3570 499 3672 emicat,
533 3570 688 3652 scilicet
718 3571 902 3652 occidere
934 3570 1108 3651 hostem.

267 3701 392 3785 Hisce
415 3703 559 3813 positis
581 3703 725 3786 merito
748 3705 888 3812 quaeri
912 3711 1060 3813 potest,
1090 3707 1147 3785 l.⁰
1162 3703 1245 3804 An,
1265 3701 1356 3810 qui-

145 3862 291 3938 nam,
326 3845 365 3918 et
405 3839 567 3946 quando
608 3838 859 3920 contrahant
889 3837 1251 3944 irregularitatem,
1285 3835 1353 3944 qui

181 3970 424 4052 auctoritate
455 3973 621 4081 publica
653 3999 703 4054 ex
728 3973 844 4080 justa
875 3999 1003 4055 causa
1023 3998 1095 4081 per
1115 3970 1356 4076 legescom-

180 4105 353 4212 probata
384 4105 668 4188 malefactores
689 4105 798 4188 licite
820 4106 1027 4206 occidunt,
1052 4111 1125 4184 aut
1144 4101 1352 4202 mutilant,

180 4237 242 4316 vel
275 4239 324 4319 ad
359 4237 398 4318 id
430 4245 713 4320 concurrunt?
743 4241 807 4320 2.⁰
830 4240 913 4338 An,
948 4245 987 4318 et
1018 4236 1182 4346 quando
1213 4236 1266 4316 ob
1283 4233 1356 4315 ho·

180 4372 410 4475 micidium‚
446 4373 509 4454 vel
542 4373 841 4455 mutilationem
874 4372 915 4452 in
948 4371 1053 4454 bello
1090 4370 1355 4454 commissam

182 4505 448 4588 contrahatur
480 4507 789 4614 irregularitas?
