3380 5132
493 483 496 490 .
553 441 662 492 noun
683 441 727 490 1v.
752 457 774 472 -
795 441 935 493 rrronus
956 441 1027 492 xix.
1314 427 1376 493 331

211 569 364 650 tiarum
386 569 538 675 paritas
565 577 637 651 aut
657 569 848 652 identitas
868 569 908 650 id
929 571 1103 652 suadere
1126 569 1326 671 videatur3
1351 601 1369 646 x

181 731 183 734 ·
210 692 252 780 ct
274 699 438 807 quando
459 701 504 782 S.
529 702 656 812 Sedes
686 703 814 784 voluit
844 699 890 783 ut
919 729 968 784 ea
989 704 1303 784 extenderentur
1323 699 1375 782 ad

214 833 437 914 Missioncs
467 805 600 915 Sinioi
636 835 797 943 Imperii
829 835 869 917 id
904 861 1097 944 expresse
1137 835 1372 937 declaravit,

213 972 335 1072 prout
355 973 514 1047 constat
534 995 585 1048 ex
607 969 771 1076 Synodo
798 967 1046 1086 Sutchuensi
1069 979 1189 1076 prout
1215 985 1376 1076 quoque

215 1100 368 1193 lactum
399 1111 460 1182 cst
491 1103 532 1182 in
562 1103 719 1183 indulto
750 1102 959 1184 Benedicti
991 1103 1090 1182 XIV
1121 1101 1204 1190 diet
1229 1105 1279 1182 10
1298 1091 1377 1184 Ju-

214 1236 357 1314 auuru'
382 1234 500 1314 1745
530 1235 766 1342 Apostolieo
798 1231 966 1316 Nuntio
985 1233 1258 1325 Venetianum
1293 1233 1375 1314 ‹ln

213 1391 423 1474 suprema.
448 1398 466 1442 »
501 1366 561 1447 De
592 1374 745 1474 quarta
761 1395 889 1448 causa
912 1367 1094 1476 loquitur
1113 1365 1376 1475 Responsum

214 1498 359 1612 datum
391 1525 416 1578 a
446 1500 489 1608 S.
524 1499 924 1607 Congrcgatione'S.
960 1501 1094 1582 Officii
1125 1529 1231 1582 anno
1267 1503 1376 1583 1769

219 1634 270 1714 ad
301 1633 514 1714 Viearium
553 1635 836 1742 Apostolioum
878 1635 1037 1744 imperii
1079 1637 1289 1738 Sinensis,
1333 1647 1379 1718 ut

218 1793 365 1874 nempe
396 1767 637 1848 consulatur
660 1749 704 1850 S.
731 1770 871 1868 Sedes
908 1793 1013 1877 quae
1043 1797 1116 1878 pro
1145 1769 1223 1865 hac
1253 1794 1380 1851 causa

220 1900 285 1979 ab'
303 1899 696 2009 interpellationibus
722 1903 989 2010 dispensabit.
1015 1903 1214 1996 Quintum
1236 1929 1380 1984 casum

218 2034 493 2141 contemplata
509 2031 585 2115 'est
614 2037 850 2117 constitutio
881 2037 1000 2118 Pauli
1027 2037 1075 2116 III
1110 2035 1375 2146 ‹Altitudo›

221 2169 304 2249 diei
329 2171 345 2247 l
371 2169 491 2250 Junii
515 2169 638 2249 1537.
663 2168 728 2250 Ad
760 2179 924 2252 sextum
955 2196 1098 2250 casum
1131 2159 1382 2284 demumre-

221 2304 355 2409 spexit
375 2302 637 2408 Responsum
659 2305 702 2383 S.
723 2289 977 2386 Universalis
997 2303 1275 2412 Inquisitionis
1296 2303 1381 2384 diei

222 2437 247 2513 8
268 2435 367 2516 ι11111.
397 2436 504 2514 1836
523 2416 799 2542 ¹approbatum
830 2463 855 2517 a
884 2437 1081 2543 Gregorio
1102 2436 1202 2515 XVI
1223 2437 1274 2517 ad
1305 2435 1381 2516 du-

222 2568 337 2649 bium
358 2569 613 2676 propositum
630 2572 682 2651 ab
698 2571 901 2678 Episcopo
923 2569 1176 2664 Quebeoensi
1199 2569 1241 2648 in
1257 2571 1383 2649 Ame-

225 2700 308 2782 rica
328 2702 671 2809 Septemtrionali.
695 2703 739 2783 ln
761 2705 912 2812 quibus
932 2706 1098 2786 casibus
1123 2705 1384 2811 dispensatur
1472 2749 1478 2762 .

222 2859 249 2914 a
269 2836 443 2917 Summo
464 2837 662 2919 Pontifice
692 2839 743 2918 ab
775 2839 1183 2948 interpellationibus,
1209 2845 1248 2917 et
1267 2845 1382 2935 tune,

227 2977 348 3075 prout
378 2969 434 3049 ait
465 2972 551 3051 tooo
582 2973 650 3052 cit.
687 2973 735 3052 de
766 2973 866 3080 Syn.
892 2972 1139 3052 Benedictus
1159 2971 1273 3052 XIV:
1313 2970 1388 3048 «si

231 3127 494 3182 »conversus
523 3104 666 3204 nubat,
700 3105 927 3207 secundum
966 3104 1044 3184 hoc
1080 3099 1388 3184 matrimonium

227 3268 249 3310 s
272 3223 328 3316 ita
349 3237 531 3316 validum
552 3245 591 3318 et
611 3239 776 3318 firmum
799 3247 875 3338 est,
902 3247 946 3318 ut
967 3245 1006 3317 et
1027 3237 1114 3344 ipse
1142 3236 1192 3316 ad
1214 3234 1390 3340 priorem

233 3369 486 3476 »conjugem
528 3370 706 3478 amplius
745 3371 892 3451 reverti
933 3377 1121 3476 nequeat,
1155 3375 1194 3447 et
1230 3365 1395 3474 primus.

233 3503 424 3609 »conjux
449 3502 519 3609 jus
550 3502 650 3583 illud
681 3529 800 3583 omne
831 3495 1063 3609 perdiderit,
1088 3499 1196 3608 quod
1226 3497 1268 3575 in
1295 3521 1391 3575 con·

232 3667 254 3709 ι»
273 3635 469 3716 trahendo
486 3636 619 3742 priore
640 3636 902 3716 matrimonio
924 3635 1182 3744 acquisierat.
1203 3631 1389 3710 Primum

233 3802 252 3843 wu
273 3769 382 3850 enim
413 3770 721 3851 matrimonium
743 3797 791 3850 eo
812 3771 908 3878 ipso·
921 3781 1143 3869 momente,
1169 3765 1390 3875 etquidem

236 3936 254 3976 ›
276 3903 593 3984 irrevocabiliter
622 3905 804 3985 solutum
834 3913 986 4005 manet,
1011 3931 1092 4013 quo
1113 3904 1266 4010 conjux
1296 3929 1392 3982 con-

234 4068 255 4110 »
275 4062 421 4116 versus
442 4036 492 4116 ad
514 4036 616 4116 alias
646 4038 810 4144 nuptias
832 4063 928 4118 oum
948 4037 1063 4118 fideli·
1078 4035 1281 4136 transivit;
1305 4033 1391 4114 sive

239 4169 375 4277 »quia
404 4168 446 4249 in
475 4169 580 4250 hanc
617 4170 844 4252 libertatem
875 4171 1106 4252 vindicatus
1146 4169 1268 4249 luerit
1301 4165 1393 4274 jure

236 4335 257 4375 s
278 4303 431 4403 divino,
455 4318 670 4412 propterea
699 4305 807 4412 quod
837 4303 1011 4385 infidelis
1041 4303 1193 4412 conjux
1219 4301 1394 4410 judicia-

238 4467 259 4510 >
279 4433 370 4519 liter
390 4437 668 4547 interpellatus
697 4417 961 4545 evangelicae
979 4438 1149 4537 veritati,
1175 4443 1247 4517 aut
1276 4433 1393 4515 inno-
