3386 5126
334 361 403 427 200
632 379 898 427 mammonas
921 382 1197 430 :amoenorum

336 506 443 587 Nam
476 505 599 588 Bulla
629 505 791 588 Caenae
822 510 958 616 quoad
979 509 1155 616 primam
1177 509 1352 591 istorum
1382 509 1508 592 libro-

333 667 426 721 rum
457 639 633 721 classem
654 651 929 723 statuerat-
942 644 1361 725 Eaconmannicanats
1382 645 1509 726 libros

336 775 649 868 haereticoram,
692 775 895 857 haeresim
936 782 1194 867 continentes,
1230 777 1292 857 ccl
1330 777 1380 858 de
1411 778 1509 860 reli-

331 915 450 1019 qione
466 897 689 990 tractantes
703 915 790 991 sinc
810 916 1055 992 artctoritate
1075 920 1233 1002 nostra,
1257 921 1295 991 et
1314 913 1359 993 S.
1388 912 1509 994 Sedis

333 1043 596 1152 Apostolicae
627 1043 814 1152 leqentes,
846 1053 919 1124 aat
950 1049 1179 1137 retinentes,
1216 1049 1503 1154 imprimentes,

335 1204 403 1258 sea
434 1175 731 1284 quomodolibet
760 1177 1020 1286 defendentes
1054 1178 1231 1288 publice,
1266 1179 1328 1259 cel
1356 1181 1507 1260 occulte

330 1315 471 1420 qaoois
503 1315 676 1419 inqenio,
713 1311 774 1391 cel
804 1312 951 1392 colore.

418 1445 638 1527 Costitutio
670 1472 766 1527 vero
797 1447 1058 1555 Apostolicae
1087 1445 1205 1526 Sedis
1235 1447 1316 1526 sub
1338 1447 1505 1527 uum.2

331 1581 433 1661 haec
462 1579 659 1660 habet—
679 1581 838 1673 Omnes,
868 1589 903 1660 et
923 1581 1105 1690 sinqalos
1134 1582 1308 1661 scienter
1338 1581 1505 1688 leqentes

331 1717 419 1796 sine
439 1715 686 1794 anctoritate
705 1714 968 1824 Apostolicae
987 1713 1106 1795 Sedis
1128 1713 1252 1794 libros
1277 1712 1505 1794 eorumdem

331 1856 633 1960 apostatarum,
658 1857 696 1927 et
716 1847 1015 1929 haereticoram
1030 1849 1231 1930 haeresim
1241 1874 1506 1957 propaqnan-

332 1991 405 2074 tes,
438 2007 511 2062 nec
540 2007 620 2060 non
651 1979 808 2060 cosdem
844 1982 969 2062 libros
1010 1987 1240 2074 retinentes,
1273 1991 1310 2062 et
1339 2006 1505 2088 quomo-

329 2114 479 2196 dolibet
500 2112 775 2222 defendentes.
794 2117 987 2196 -Patet
1016 2114 1113 2196 hinc
1144 2115 1331 2214 mutatio,
1355 2123 1395 2193 et
1414 2139 1505 2192 cor-

330 2249 482 2350 rectio;
515 2248 719 2356 siquidem
751 2250 792 2328 in
834 2249 956 2330 Bulla
986 2247 1161 2348 Gaenaa,
1196 2247 1266 2355 qui
1298 2247 1422 2328 libros
1451 2247 1503 2326 de

329 2379 545 2486 Religione
585 2381 825 2489 simpliciter
864 2389 1086 2462 tractantes
1126 2379 1302 2461 scienter
1344 2381 1496 2487 legunt,

330 2521 403 2593 aut
431 2513 620 2612 retinent,
658 2513 912 2620 imprimunt,
939 2541 1013 2594 seu
1036 2512 1345 2621 quomodolibet
1365 2511 1503 2592 deien-

328 2648 443 2745 dunt,
467 2648 683 2729 incurrunt
697 2648 1180 2728 excommunicationem:
1203 2647 1245 2727 iu
1268 2648 1351 2727 vim
1364 2653 1502 2727 autem

329 2779 647 2859 Constitutionis
666 2781 927 2890 Apostolicae
947 2781 1067 2864 Sedis
1088 2782 1181 2862 licet
1196 2781 1275 2888 legi
1296 2789 1503 2888 nequeunt

327 2913 414 2994 sine
436 2921 617 3020 peccato,
642 2917 1110 2998 excommunicationem
1132 2925 1270 2998 tamen
1292 2916 1400 2997 hanc
1420 2941 1501 2995 non

327 3048 558 3148 incurruutj
590 3049 813 3130 dummodo
844 3049 1051 3131 haeresim
1082 3050 1194 3132 haud
1225 3055 1497 3159 propugnant.

317 3247 320 3254 ,
410 3183 510 3261 item
532 3182 752 3263 dicendum
775 3185 910 3290 quoad
932 3184 1154 3283 secundae,
1176 3191 1215 3264 et
1232 3183 1376 3264 tertiae
1398 3182 1503 3263 clas-

324 3315 384 3396 sis
414 3313 555 3396 libros
592 3314 699 3396 Nam
731 3315 766 3396 si
808 3315 900 3396 libri
942 3317 1008 3396 isti
1050 3317 1233 3397 damnati
1267 3315 1418 3396 fuerint
1448 3315 1501 3395 ob
1657 3283 1666 3424 :³

325 3449 543 3548 haeresim,
573 3449 637 3528 vel
668 3451 720 3529 ob
753 3449 842 3528 lalsi
875 3449 1081 3556 dogmatis
1103 3450 1396 3559 suspicionem,
1430 3473 1503 3527 eo·

326 3609 419 3661 rum
451 3581 569 3662 lectio
600 3583 640 3661 in
674 3584 755 3662 vim
777 3585 879 3692 Req.
899 3585 944 3665 X
961 3584 1053 3665 Ind.
1088 3593 1128 3664 et
1161 3583 1308 3664 Bullae
1340 3583 1501 3663 Caenea

325 3713 617 3819 prohibebatur
632 3715 711 3796 sub
734 3743 866 3824 poena
886 3717 1329 3798 excommunicationis
1346 3715 1498 3796 nemini

325 3855 571 3930 reservatae.
591 3851 633 3930 Iu
656 3849 955 3932 Constitutione
976 3877 1073 3932 vero
1095 3851 1364 3958 Apostolicae
1381 3847 1500 3930 Sedis

323 3981 466 4090 regula
496 3981 597 4066 haec
628 3985 858 4081 immutata,
886 3993 926 4064 et
946 3991 1128 4064 correcta
1159 3983 1288 4064 fuisse
1319 3983 1495 4064 videtur.

322 4117 493 4222 Legitur
522 4119 631 4200 enim
662 4121 742 4200 sub
774 4118 842 4202 cit.
872 4145 987 4199 num.
1034 4120 1074 4198 2.
1112 4167 1164 4177 —
1206 4117 1405 4235 Necnon
1446 4117 1499 4196 li-

320 4247 412 4326 bros
442 4251 617 4354 cnjasois
648 4255 829 4334 auctoris
853 4278 932 4363 per
963 4251 1221 4362 Apostolicas
1253 4253 1395 4334 literas
1426 4277 1498 4330 no-

320 4382 507 4462 minatim
531 4383 776 4492 prohibitos,
810 4385 967 4466 cosdem
999 4385 1124 4467 libros
1156 4391 1385 4477 retinentes,
1422 4389 1499 4466 im-
