3264 5146
329 360 370 422 80
616 373 907 426 runuuucrrouus
930 375 1022 426 sums
1046 373 1214 426 onuourcr

336 506 505 601 eantur,
549 525 632 609 qua
670 497 850 607 gaudent
883 501 1093 611 sponsalia
1131 502 1350 610 puberum,
1394 527 1500 610 quae

337 643 474 716 tamen
506 634 795 718 nonobstante
811 636 1045 744 juramento
1066 661 1139 743 per
1149 635 1306 743 justam
1326 661 1498 717 eausam

338 777 410 850 aut
439 796 492 850 ex
522 769 730 851 communi
761 769 941 878 partium
971 769 1162 851 dissensu
1203 776 1377 878 possunt
1415 770 1502 851 dis·

337 900 454 982 solvi.
480 901 533 983 Et
552 902 603 982 ad
625 901 725 983 illud
746 901 1006 1010 privilegium
1028 903 1276 984 servandum
1304 928 1386 983 non
1407 929 1500 984 esse

338 1037 612 1118 neeessariam
652 1038 948 1119 relaxationem
984 1037 1205 1145 juramenti
1253 1066 1278 1119 a
1316 1036 1501 1145 legitima

338 1171 578 1251 auctoritate
613 1171 889 1252 ecclesiastiea
927 1171 1151 1254 obtentam.
1196 1171 1316 1264 Quod
1358 1179 1499 1251 autem

336 1331 409 1411 per
448 1304 633 1386 additum
668 1307 952 1413 juramentum
990 1303 1200 1414 sponsalia
1235 1303 1501 1412 impuberum

338 1437 656 1545 aequiparentur
670 1439 933 1546 sponsalibus
950 1439 1153 1546 puberum
1174 1437 1355 1518 maxime
1375 1435 1504 1517 ratio-

338 1571 473 1652 nabile
509 1571 682 1670 videtur,
718 1579 806 1654 tum
828 1579 991 1681 propter
1010 1578 1241 1679 respeetum
1258 1569 1497 1677 juramenti,

337 1715 426 1786 tum
457 1733 510 1786 ex
540 1733 588 1787 eo
619 1707 727 1816 quod
757 1707 902 1815 majori
924 1705 1247 1788 consideratione
1268 1705 1413 1786 edatur
1432 1702 1501 1784 ille

337 1846 470 1938 actus,
504 1839 573 1945 qui
605 1837 750 1920 deinde
775 1839 1009 1945 juramento
1044 1837 1246 1918 firmatur.
1292 1836 1349 1942 (e)
1391 1834 1502 1916 Hine

337 1997 419 2052 non
459 1979 558 2080 puto
598 1999 689 2052 esse
728 1971 1019 2053 recurrendum
1051 1970 1102 2051 ad
1132 1969 1244 2050 illam
1274 1967 1504 2050 distinotio-

337 2131 431 2185 nem
471 2105 723 2213 propositam
759 2133 786 2186 a
814 2103 1084 2186 Reiffenstuel
1124 2103 1164 2184 h.
1200 2111 1229 2184 t.
1272 2129 1382 2183 num.
1428 2103 1496 2204 16,

337 2237 705 2345 Sehmalzgrueber
734 2237 775 2319 h.
811 2249 840 2318 t.
876 2265 985 2318 num.
1021 2239 1091 2338 43,
1125 2235 1312 2343 aliisque,
1345 2233 1500 2316 seilicet

336 2373 439 2454 inter
470 2374 705 2480 impuberes
745 2373 950 2481 pubertati
991 2371 1216 2480 proximos
1259 2377 1299 2451 et
1339 2377 1497 2451 eeteros
1613 2377 1614 2436 l

335 2505 539 2614 pubertati
571 2532 653 2587 non
682 2505 906 2615 proximos
1169 2485 1172 2492 ¹

452 2643 513 2720 4.⁰
533 2639 600 2720 Ad
621 2640 930 2720 matrimonium
947 2646 1107 2747 praeter
1123 2637 1358 2745 expeditum
1376 2661 1501 2716 usum

336 2771 522 2874 rationiS,
557 2800 610 2853 ex
640 2800 720 2884 quo
747 2773 910 2854 valeant
929 2780 1068 2881 partes
1098 2771 1341 2871 consentire,
1365 2769 1503 2878 requi-

333 2908 436 2988 ritur
465 2933 627 3016 quoque
658 2909 839 3016 potentia
867 2907 1103 3014 generandi,
1126 2932 1201 2986 sou
1221 2901 1412 2985 habilitas
1443 2905 1496 2985 ad

330 3040 521 3149 copulam
542 3041 747 3123 carnalem
764 3042 999 3150 perfectam,
1019 3066 1125 3149 quae
1145 3037 1354 3120 communi
1371 3037 1497 3119 verbo

333 3183 504 3256 vocatur
534 3175 742 3284 pubertas
776 3177 895 3257 Hane
924 3201 1022 3256 vero
1051 3174 1309 3282 pubertatem
1335 3172 1405 3280 jus
1435 3173 1496 3254 oi·

335 3307 411 3388 vile
433 3307 717 3390 Romanorum
738 3307 1024 3390 determinavit
1044 3333 1096 3388 ex
1116 3306 1250 3407 annis,
1276 3306 1333 3387 ita
1354 3315 1400 3387 ut
1419 3305 1498 3386 viri
1611 3411 1612 3428 ,

334 3439 583 3524 haberentur
622 3443 798 3550 puberes
838 3441 1172 3549 decimoquarto
1214 3439 1359 3524 aetatis
1388 3464 1499 3521 anno
1611 3431 1612 3452 ¹

334 3573 551 3680 eompleto,
576 3574 777 3656 foeminae
807 3601 903 3656 vero
934 3573 1081 3656 aetatis
1112 3599 1219 3654 anno
1249 3571 1408 3654 decimo
1433 3597 1501 3650 se-

336 3706 470 3788 eundo
491 3708 644 3815 pariter
663 3709 879 3817 eompleto,
904 3735 1001 3790 oum
1020 3735 1070 3790 ea
1090 3715 1222 3790 aetate
1244 3705 1320 3786 viri
1340 3703 1502 3786 soleant

337 3839 547 3948 acquirere
576 3841 799 3950 potentiam
836 3842 1072 3949 generandi,
1106 3849 1158 3929 et,
1173 3841 1369 3922 mulieres
1408 3865 1502 3920 esse
1610 3919 1611 3954 ἶ

338 3972 414 4053 viri
444 3981 646 4081 potentes;
670 3983 792 4085 atque
812 3976 907 4060 hino
927 3985 1022 4059 ante
1048 3977 1160 4058 illam
1181 3983 1355 4058 aetatem
1377 3974 1503 4056 inter·
1610 3965 1611 3995 ¹

338 4107 494 4188 dietum
533 4117 595 4192 est
634 4111 959 4213 matrimonium,
992 4137 1045 4192 ex
1075 4111 1151 4219 lep.
1189 4113 1242 4190 14
1275 4109 1418 4218 dipest.
1452 4107 1504 4188 de

338 4245 516 4354 sponsal.
536 4245 654 4327 Hane
668 4245 855 4354 regulam
875 4245 1006 4327 seeuti
1026 4253 1125 4326 sunt
1144 4269 1306 4354 quoque
1322 4267 1502 4325 oenones

340 4403 392 4458 ex
408 4402 497 4490 cap.
522 4379 549 4458 2
571 4378 612 4458 h.
638 4387 686 4480 t.,
710 4405 791 4487 quo
812 4378 1037 4461 districtius
1058 4375 1279 4478 inhibetur,
1303 4402 1355 4457 ne
1376 4375 1501 4484 aliqui
1609 4447 1610 4483 ᾖ
