3380 5132
504 298 507 316 ‘
541 313 650 367 urana
672 319 718 372 ur.
745 337 764 352 —
788 322 928 372 nicusus
951 321 1020 370 xm.
1285 309 1367 372 ‘321
1444 386 1449 396 ,

196 447 413 531 declarans
452 473 533 554 quc
573 473 674 528 casu
705 475 936 530 ‘conversus
973 450 1024 529 ad
1061 447 1184 530 fidem
1220 475 1267 528 eo
1305 451 1364 530 uti

197 581 327 690 possit
359 578 532 659 diversis
562 579 895 663 circumstantiis

313 712 374 792 7.⁰
391 711 490 791 Frui
508 720 647 792 autem
664 721 797 820 potest
818 741 1042 796 conversus
1059 713 1136 796 hoc
1153 715 1367 822 privilegio

197 848 241 927 in
270 845 403 928 tribus
434 844 616 946 casibus,
651 873 811 954 nempe:
835 893 855 908 -
881 851 917 928 l⁰
944 848 979 928 si
1011 847 1186 928 infidelis
1219 859 1366 929 renuat

197 975 431 1064 cohabitare
467 977 508 1058 in
548 980 689 1059 odium
731 979 842 1082 fidei3
875 1027 895 1040 -
925 983 967 1060 2⁰
998 981 1033 1060 si
1066 979 1239 1061 infidelis
1271 981 1368 1063 velit

198 1113 433 1195 cohabitare
449 1113 521 1192 sed
543 1138 625 1192 non
646 1113 735 1193 sine
752 1105 1002 1198 contumelia
1016 1115 1238 1216 CreatoriS‚
1258 1115 1368 1222 ejus-

199 1275 277 1356 que
298 1245 441 1326 laudes
462 1243 690 1352 prohibeat,
711 1249 817 1328 etad
835 1249 1102 1330 defectionem
1121 1275 1366 1329 conversum

198 1381 295 1462 velit
320 1379 527 1477 inducere,
552 1377 615 1456 vel
630 1423 650 1437 ·
668 1381 708 1458 3ο
729 1379 764 1458 si
787 1381 939 1488 conjux
960 1381 1135 1461 infidelis
1154 1381 1364 1487 pertrahat

200 1514 361 1596 fidelem
388 1513 439 1596 ad
460 1520 674 1622 peccatum
696 1515 883 1616 mortale,
908 1523 954 1596 ut
975 1524 1141 1596 notatur
1161 1515 1203 1594 in
1225 1543 1314 1626 cup.
1341 1517 1366 1595 7

200 1647 241 1730 h.
277 1655 305 1729 t.
338 1694 359 1709 -
388 1649 440 1729 Et
464 1649 556 1756 jure
588 1651 766 1758 quidem,
803 1677 898 1730 cum
930 1649 970 1729 in
1002 1649 1067 1730 his
1098 1650 1262 1730 duobus
1287 1657 1368 1758 'po-

201 1781 364 1861 stremis
395 1782 561 1863 casibus
591 1784 742 1890 conjux
774 1783 904 1863 tidelis
927 1785 978 1862 ad
1000 1783 1223 1863 arcendum
1254 1778 1360 1888 peri-

202 1915 340 1995 culum
373 1917 654 1998 subversionis
685 1925 873 1998 teneatur
903 1916 1129 2023 relinquere
1157 1915 1367 1996 cohabita-

201 2049 367 2147 tionem,
404 2077 566 2158 semper
597 2051 638 2131 in
669 2077 917 2158 unoquoque
949 2079 1000 2130 ex
1030 2050 1174 2130 tribus
1201 2050 1368 2130 casibus

202 2181 435 2262 verificatur
476 2183 564 2289 ejus
605 2183 865 2291 dispendium
911 2211 962 2263 ex
1008 2182 1273 2263 conversione
1315 2183 1366 2262 ad
1454 2271 1457 2284 .

202 2314 345 2416 fidem,
390 2319 497 2424 quod
538 2317 799 2425 dispendium
839 2317 968 2398 vitare
1008 2317 1138 2396 voluit
1178 2316 1369 2396 Christus

203 2449 461 2530 concedendo
491 2449 569 2530 hcc
599 2449 875 2558 privilegium.
906 2451 1029 2557 quue
1061 2449 1183 2530 habet
1213 2451 1366 2548 locum,

203 2581 362 2662 etiamsi
393 2583 544 2689 conjux
576 2582 617 2662 in
648 2583 884 2664 infidelitate
915 2609 1087 2664 manens
1108 2611 1180 2690 per
1202 2584 1367 2692 aliquod

203 2722 366 2822 tempus
394 2741 488 2794 cum
510 2742 706 2796 converso
737 2715 904 2824 pacifice
935 2715 1168 2798 cohabitare
1199 2743 1372 2797 consen·
1489 2798 1492 2809 2

204 2846 292 2948 liat,
311 2856 351 2928 et
366 2847 511 2929 deinde
532 2857 693 2930 mutata
709 2851 917 2931 voluntate
940 2851 980 2930 id
1002 2849 1179 2958 amplius
1202 2851 1371 2960 implere

205 2981 318 3080 nolit,
355 2989 453 3064 tunc
483 2983 591 3064 enim
622 2983 754 3064 tidelis
795 2984 934 3065 divina
974 2985 1278 3091 dispensatione
1310 2985 1369 3064 uti

205 3122 352 3222 potest,
387 3121 432 3196 ut
462 3117 605 3197 decisit
640 3117 912 3224 Congregatio
944 3118 987 3198 S.
1023 3117 1152 3198 Officii
1187 3117 1228 3196 in
1261 3117 1372 3197 Casu

205 3250 391 3332 oblatoa
411 3251 610 3332 Missione
632 3251 915 3333 Cocincinensi
937 3251 1002 3332 die
1023 3254 1039 3330 l
1061 3253 1236 3359 Auqusti
1261 3251 1371 3330 1759

205 3383 285 3463 sub
316 3383 522 3465 Clemente
552 3385 659 3485 Xlll,
693 3385 765 3466 ubi
806 3385 1056 3493 permissum
1087 3393 1149 3464 est
1178 3382 1286 3462 fideli
1319 3383 1370 3461 ad

207 3517 287 3596 alia
306 3525 402 3598 vota
422 3518 610 3618 transire,
636 3505 714 3601 etsi
743 3518 963 3599 mansisset
993 3545 1087 3599 cum
1118 3516 1269 3597 infideli
1301 3541 1374 3622 por
1430 3611 1432 3620 Ι

209 3649 362 3760 aliquot
392 3677 536 3754 annos,
561 3653 630 3761 qui
651 3661 795 3762 postea
826 3661 983 3736 mutata
1003 3652 1211 3733 voluntate
1238 3650 1375 3731 renuit

209 3783 442 3866 cohabitare
475 3787 553 3866 nisi
582 3813 680 3898 pum
702 3786 950 3867 contumelia
971 3785 1189 3870 Creatoris
1212 3785 1373 3865 -Aliud

166 3984 169 3994 .
208 3927 346 3998 autem
368 3917 587 4000 dicendum
609 3927 731 4020 esset,
752 3919 786 4000 si
804 3947 898 4028 pars
920 3918 1093 4000 infidelis
1115 3917 1373 4000 discessisset

210 4078 291 4131 non
322 4051 364 4132 in
395 4053 536 4134 odium
571 4052 681 4154 fidei,
717 4055 789 4134 sed
820 4079 871 4132 ex
904 4051 985 4132 alia
1015 4079 1157 4152 eausa,
1190 4059 1292 4159 puta
1323 4049 1375 4128 ob

209 4185 472 4269 adulterium.
507 4185 616 4267 Nam
647 4187 689 4268 in
720 4187 797 4268 hoc
828 4193 976 4266 eventu
1003 4185 1201 4266 Doctores
1233 4183 1377 4265 distin-

211 4327 344 4425 guunt
365 4329 542 4428 quatuor
563 4321 746 4402 diversas
766 4319 938 4429 species:
964 4365 983 4379 -
1003 4330 1050 4416 (α)
1072 4319 1107 4400 si
1130 4317 1376 4400 adulterium

356 4479 383 4522 Τ.
396 4475 438 4522 111.
450 4491 465 4504 ·
478 4479 504 4522 1².
518 4479 538 4522 1.
1201 4475 1225 4516 21
