3386 5126
323 395 388 461 148
619 412 889 458 rutunnomonns
913 411 1006 458 JUffiS
1030 410 1188 456 OANONIOI

322 541 417 621 dere
444 537 791 646 jurisdictionem,
815 535 1161 617 etauctoritatem
1194 535 1417 641 propriam,
1438 535 1504 617 vel

323 671 448 753 etiam
483 670 770 778 quodcumque
801 669 913 750 aliud
945 667 1126 750 officium
1163 667 1501 750 Ecclesiasticnm

324 804 405 884 sub
437 803 706 885 determinata
746 802 973 910 pensione?
1006 803 1066 881 2.⁰
1098 803 1164 882 An
1197 801 1298 909 ipsis
1329 802 1502 909 permis-

323 962 418 1019 sum
450 937 505 1018 sit
536 937 649 1018 alteri
682 937 824 1018 cedere
854 935 1061 1016 Ecclesias
1092 959 1208 1036 suas,
1238 961 1313 1016 seu
1346 943 1502 1042 tempo·

324 1071 429 1152 ralia
458 1071 738 1152 Ecclesiarum
769 1072 965 1151 suarum?

412 1205 649 1311 Antequam
682 1201 920 1309 hujusmodi
943 1201 1204 1311 quaestiones
1226 1201 1497 1302 resolvantur,

323 1362 474 1445 operae
492 1337 667 1444 pretium
687 1345 748 1418 est
765 1335 963 1417 nonnulla
979 1335 1238 1442 praemittere
1260 1336 1311 1415 ad
1329 1344 1497 1436 rectam,

323 1477 364 1550 et
395 1471 550 1552 claram
581 1469 958 1577 interpretationem
991 1470 1217 1576 praesentis
1248 1470 1452 1550 rubricae.

203 1586 206 1593 ¹
368 1686 370 1694 ,
412 1604 723 1684 Praemittimus
735 1603 896 1712 itaque:
917 1604 1108 1684 l.⁰lstam
1126 1603 1333 1684 rubricam
1351 1603 1501 1682 habere

325 1737 593 1844 completum,
619 1745 659 1818 et
679 1737 995 1818 determinatum
1026 1763 1212 1836 sensum,
1238 1738 1409 1845 ideoque
1432 1765 1499 1818 re-

328 1871 470 1978 gulam
503 1871 727 1970 continere,
761 1897 866 1978 quae
887 1869 976 1950 loco
998 1869 1168 1951 canonis
1184 1869 1357 1951 habetur
1377 1871 1504 1950 inter·

329 2002 500 2085 dicentis
531 2003 733 2085 Praelatis
764 2003 1013 2084 constituere
1045 2003 1155 2084 vices
1185 2029 1297 2109 suaS,
1331 2002 1396 2082 vel
1424 2001 1503 2083 Ec-

325 2137 473 2220 clesias
504 2165 604 2220 suas
635 2139 715 2218 sub
748 2163 887 2220 annuo
918 2164 1059 2218 censu.
1101 2141 1163 2220 2.⁰
1193 2137 1503 2218 praemittimus

326 2274 405 2353 sub
437 2272 602 2355 nominc
634 2271 785 2356 vicium
827 2299 1000 2354 suarum
1038 2271 1137 2352 nihil
1170 2271 1281 2352 aliud
1312 2269 1499 2376 intelligi,

329 2407 408 2486 nisi
434 2406 778 2513 jurisdictionem,
814 2405 878 2485 vel
900 2405 1200 2505 auctoritatem,
1225 2431 1349 2512 quam
1382 2403 1503 2484 habet

329 2539 559 2642 Praelatus,
593 2541 680 2620 sive
711 2539 940 2646 Episcopus
973 2541 1060 2647 ipse
1097 2539 1165 2640 sit,
1189 2538 1276 2620 sive
1298 2538 1503 2646 Episcopo

330 2674 509 2754 inferior.
529 2674 578 2752 Si
603 2673 834 2780 Episcopus
855 2671 941 2782 ipse
964 2674 1101 2774 luerit,
1126 2681 1224 2754 tuno
1246 2671 1502 2753 subnomine

328 2807 481 2887 vicium
522 2831 694 2886 suarum
737 2807 846 2888 venit
881 2807 1136 2915 jurisdictic,
1181 2815 1220 2888 et
1261 2805 1497 2902 auctoritas

326 2965 450 3047 quam
482 2938 604 3020 habet
636 2943 676 3020 in
709 2942 873 3048 propria
895 2941 1098 3042 dioecesi;
1123 2941 1156 3022 si
1181 2967 1277 3022 vero
1300 2939 1502 3048 Episcopo

328 3072 495 3154 inferior
526 3073 660 3172 luerit,
697 3083 796 3156 tunc
826 3075 905 3156 sub
938 3075 1102 3168 nomine
1135 3075 1287 3155 vicium
1309 3099 1500 3172 suarum,

329 3207 439 3288 venit
463 3206 711 3314 jurisdictio,
744 3233 827 3315 qua
859 3208 946 3316 ipse
978 3208 1133 3316 potitur
1163 3207 1204 3288 in
1237 3207 1376 3316 aliqua
1408 3207 1501 3286 Ab·

329 3339 455 3443 batia,
489 3341 553 3422 vel
594 3343 634 3422 in
666 3341 805 3450 aliqua
837 3343 1094 3444 Praelatura,
1130 3343 1217 3422 sive
1248 3341 1385 3450 primi,
1415 3341 1504 3422 sive

330 3474 534 3555 inferioris
565 3475 734 3558 ordinis

413 3609 499 3686 lmo
530 3635 581 3688 ex
608 3610 708 3718 Cap.
729 3614 775 3701 2,
801 3617 837 3688 et
861 3613 906 3702 3,
932 3611 973 3692 h.
999 3619 1028 3690 t.
1055 3611 1212 3690 eruitur
1232 3609 1312 3690 sub
1340 3607 1505 3690 nomine

328 3739 504 3820 Praelati
528 3767 611 3822 non
633 3741 818 3849 intelligi,
838 3752 877 3824 et
896 3745 1187 3852 comprehendi
1210 3743 1301 3824 illos
1323 3750 1501 3841 tantum,

325 3872 396 3980 qui
428 3873 711 3956 praelaturam
734 3875 901 3976 habent,
921 3878 994 3956 sed
1017 3903 1319 3984 quemcumque
1349 3875 1504 3956 haben-

327 4015 408 4088 tem
435 4007 762 4116 jurisdiotionem
794 4009 884 4090 Hac
911 4010 960 4090 dc
986 4037 1028 4091 re
1050 4025 1195 4092 omnes
1217 4011 1282 4090 isti
1311 4010 1506 4090 dicuutur

327 4141 437 4220 vices
467 4169 567 4224 suas
599 4143 713 4222 alteri
746 4143 906 4242 cedere,
940 4145 1104 4251 quando
1139 4145 1291 4226 cedunt
1326 4143 1503 4251 jurisdi-

326 4270 521 4373 ctionem,
546 4300 669 4382 quam
692 4273 860 4375 habent,
884 4276 973 4356 sive
1005 4277 1045 4357 in
1062 4285 1163 4375 toto,
1183 4277 1271 4358 sive
1302 4277 1343 4355 in
1370 4283 1502 4384 parta.

328 4407 390 4488 3.⁰
411 4407 722 4489 praemittimus
743 4409 823 4489 sub
844 4411 1009 4492 nomine
1030 4410 1309 4492 Ecclesiarum
1331 4435 1506 4492 suarum
