3360 5126
539 347 640 393 omne
662 348 695 394 v.
720 363 764 378 ·-
787 349 928 396 rrrunus
952 350 1017 396 x1v.
1303 329 1370 398 247

188 475 339 558 dictam
373 472 584 581 poenalem
617 473 950 581 prohibitionem,
987 476 1210 556 dummodo
1237 475 1370 582 agita-

190 607 324 690 tiones
355 607 457 687 istae
503 615 717 702 taurorum
763 607 928 708 fierent,
978 608 1141 689 secluso
1188 611 1370 717 periculo

191 743 351 840 martie,
376 751 416 822 et
437 748 549 822 extra
571 739 657 822 dies
679 741 823 822 festos,
849 743 910 821 Ita
930 742 1121 822 Borboso
1145 744 1186 822 in
1203 770 1293 852 cop.
1310 745 1365 826 1⁰.

188 877 235 956 h.
262 883 310 968 t„
340 875 556 968 Gonzoles,
591 875 761 982 otiique.
783 874 902 966 Quod
926 875 1218 956 confirmatum
1242 874 1370 956 fuisse

192 1010 354 1090 videtur
384 1037 408 1088 a
438 1010 513 1089 Pio
543 1009 602 1088 IX
624 1009 664 1087 in
691 1009 907 1091 Constitue.
942 1009 1205 1118 Apostolicae
1232 1007 1367 1110 Sedis,

192 1143 262 1223 ubi
295 1123 400 1222 oum
423 1141 536 1223 nulla
566 1141 719 1223 mentio
750 1141 822 1224 fiat
842 1143 892 1223 de
917 1141 1050 1224 Piana
1079 1142 1371 1224 constitutione

191 1275 241 1356 de
276 1277 436 1378 Salate,
481 1277 830 1384 praesumendum
871 1283 948 1378 est,
984 1277 1212 1358 cessavisse
1244 1275 1370 1358 etiam

190 1413 683 1514 excommunicationem,
712 1439 818 1520 quae
848 1414 973 1495 relate
1005 1415 1057 1494 ad
1087 1413 1258 1496 clericos
1279 1439 1373 1494 sae·
1524 1473 1525 1476 a

189 1547 369 1646 calama,
402 1559 442 1629 et
473 1548 702 1655 Regulares
733 1549 1020 1630 tantummodo
1052 1557 1324 1630 remanserat.

590 2083 826 2166 TITULUS
858 2083 973 2164 XIV.

366 2341 431 2420 De
465 2337 637 2420 Clerieis
660 2338 939 2448 pugnantibus
972 2344 1014 2422 in
1044 2339 1178 2421 duello

251 2619 405 2698 Actum
437 2623 499 2698 est
530 2617 571 2696 in
604 2616 943 2724 praecedentibus
981 2616 1111 2698 titulis
1151 2617 1200 2698 de
1231 2616 1372 2697 homi-

194 2749 301 2832 cidio
342 2750 383 2829 in
423 2776 588 2856 genere,
627 2757 667 2829 ot
707 2747 748 2827 in
789 2750 939 2856 speeie.
985 2751 1115 2832 Porro
1155 2748 1264 2831 sicut
1304 2774 1376 2858 per

193 2885 379 2965 duellum
401 2885 451 2964 ad
474 2883 552 2964 hoa
567 2884 691 2964 etiam
708 2883 888 2962 deveniri
906 2889 1053 2987 potest,
1075 2884 1170 2966 hinc
1191 2883 1241 2965 B.
1262 2883 1376 2990 Ray-

195 3019 377 3097 mundus
408 3024 662 3124 praesentem
696 3017 811 3124 ponit
840 3015 1022 3098 titulum.

253 3150 437 3229 Robrica
467 3149 594 3230 huius
625 3150 731 3230 tituli
765 3149 859 3230 licet
888 3149 1025 3230 solum
1053 3151 1103 3231 de
1133 3149 1302 3232 Cleriois
1333 3151 1376 3229 in

194 3282 332 3363 duello
363 3283 646 3388 pugnantibus
679 3282 926 3380 meminerit,
962 3283 1003 3362 in
1034 3284 1212 3364 decursu
1238 3292 1377 3364 tamen

195 3416 302 3496 tituli
334 3417 517 3496 extensio
550 3415 597 3496 fn
627 3417 679 3498 ad
710 3443 854 3497 omnes
881 3413 1125 3516 duellantes,
1159 3415 1247 3496 sive
1277 3415 1375 3496 Cie-

195 3550 319 3650 noos,
353 3549 441 3631 sive
472 3551 615 3632 laicos,
650 3549 760 3630 Hinc
791 3551 832 3634 in
864 3551 943 3630 hoc
970 3549 1089 3632 titulo
1122 3549 1161 3631 id
1194 3549 1379 3630 verifica-

195 3688 280 3780 tur,
314 3685 423 3790 quod
464 3710 587 3792 saepe
629 3683 732 3764 alias
774 3683 974 3786 vidimuS,
1018 3683 1173 3766 scilicet
1211 3682 1378 3790 nigrum

195 3841 288 3895 esse
320 3818 500 3926 amplius
533 3819 674 3899 rubro

253 3951 402 4030 Totam
434 3953 572 4058 itaque
613 3953 663 4034 de
703 3953 982 4036 duellantibus
1023 3951 1241 4034 materiam
1271 3947 1379 4070 binis

200 4083 471 4192 paragraphis
512 4086 792 4170 absolvemus,
827 4089 871 4168 In
895 4091 1040 4198 primo
1082 4086 1300 4193 loquemur
1329 4081 1380 4163 de

197 4229 363 4319 natura,
398 4219 609 4321 varietate,
643 4220 1018 4328 et'prohibitione;
1052 4220 1093 4300 in
1123 4215 1299 4300 secunda
1330 4215 1380 4296 de

197 4349 340 4460 poenis
371 4353 512 4434 duelli.
1367 4353 1369 4356 ’
