3380 5132
556 419 664 472 crana
686 421 732 470 rr.
756 439 776 453 -
799 421 1030 472 rrrccussrx.
1314 411 1379 476 317

214 585 231 624 »
252 549 402 631 Vestra
417 547 562 628 sollers
582 548 786 630 industria
800 555 999 631 versetur:
1019 557 1059 631 et
1079 575 1174 631 oum
1194 577 1268 658 per
1283 552 1371 635 Vos

213 683 346 792 stipsi,
379 690 469 764 tum
499 683 741 790 interposita
768 683 952 764 virorum
993 685 1197 766 bonorum
1226 713 1366 794 opera,

212 815 384 897 »modis
404 817 597 897 omnibus
627 817 871 919 contendite,
905 825 951 898 ut
980 817 1161 900 sentiant
1189 819 1372 930 seflagi-

211 951 352 1032 ›tiose
383 949 543 1052 fecisse,
577 959 702 1056 agant
742 952 947 1060 nequitiae
988 953 1296 1061 poenitentiam,
1331 965 1369 1037 et

210 1119 227 1160 >
248 1085 299 1166 ad
316 1085 452 1193 justas
467 1085 634 1193 nuptias
650 1086 732 1166 ritu
748 1067 948 1168 catholico
965 1085 1167 1168 ineundas
1183 1087 1368 1172 animum

211 1220 459 1300 »inducant
484 1264 504 1279 -
529 1220 642 1300 Haec
672 1220 721 1300 de
750 1220 1012 1302 matrimonio
1044 1221 1266 1304 christiano
1297 1224 1369 1306 do·
1424 1310 1428 1318 ,

212 1385 229 1428 s
249 1361 442 1434 cumenta
460 1380 509 1435 ac
528 1360 759 1461 praecepta,
783 1381 888 1461 quae
909 1381 981 1462 per
1010 1355 1086 1436 has
1106 1356 1269 1438 litteras
1284 1356 1370 1440 No-

213 1496 358 1570 »stras
377 1488 622 1590 Vobiscum,
644 1488 914 1570 Venerabiles
935 1491 1116 1590 FratreS,
1140 1494 1370 1575 communi·

211 1624 382 1704 »canda
411 1622 662 1720 censuimus
698 1621 816 1702 facile
847 1623 1008 1724 videtis,
1032 1651 1115 1705 non
1145 1625 1283 1706 minus
1315 1630 1366 1709 ad

210 1757 599 1839 »conservationem
639 1757 771 1839 civilis
801 1759 1124 1860 communitatis
1161 1786 1285 1868 quarn
1315 1762 1367 1843 ad

210 1893 421 1973 »salutem
452 1890 666 1972 hominum
690 1895 984 2001 sempiternam
1006 1920 1253 2002 magnopere
1274 1923 1367 2003 per-

209 2061 226 2101 »
249 2025 389 2108 tinere.
409 2071 429 2085 ·
443 2025 566 2106 Faxit
587 2024 714 2132 igitur
727 2026 842 2107 Deus
863 2035 908 2108 ut
928 2035 1081 2136 quanto
1102 2028 1196 2135 plus
1215 2028 1366 2111 habent

208 2159 316 2238 »illa
345 2157 542 2239 momenti
573 2166 612 2238 et
641 2159 850 2267 ponderis,
884 2167 997 2240 tanto
1037 2160 1189 2242 dociles
1228 2189 1365 2270 prorn-

208 2327 226 2364 »
249 2299 418 2400 ptosque
433 2291 567 2398 magis
588 2292 640 2372 ad
660 2292 888 2400 parendum
910 2293 1071 2374 animos
1093 2292 1244 2402 ubique
1264 2323 1366 2376 nan-

209 2425 466 2526 »ciscantur
491 2425 629 2532 Hujus
658 2423 715 2505 rei
747 2425 893 2531 gratia,
922 2425 1106 2533 supplice
1137 2433 1259 2534 atque
1287 2427 1367 2508 hu-

208 2593 225 2632 »
247 2558 332 2638 mili
353 2584 473 2666 prece
493 2585 637 2639 omnes
667 2559 821 2666 pariter
840 2585 960 2668 opem
981 2559 1248 2667 imploremus
1269 2561 1366 2644 bea-

209 2728 226 2763 »
247 2701 310 2774 tae
326 2691 485 2772 Mariae
500 2693 687 2800 Virginis
707 2694 1013 2796 Immaculatae,
1032 2721 1151 2802 quae,
1176 2693 1364 2776 excitatis

206 2825 453 2906 >mentibus
493 2826 544 2907 ad
574 2825 846 2907 obediendum
886 2827 995 2928 fidei,
1028 2836 1201 2909 matrem
1225 2825 1286 2909 'se
1326 2836 1365 2910 et

206 2959 484 3066 »adjutricem
514 2959 750 3040 hominibus
781 2960 1002 3068 impertiat.
1032 2959 1175 3068 Neque
1206 2961 1364 3043 minore

205 3125 223 3165 ›
243 3091 381 3172 studio
397 3092 566 3173 Petrum
588 3102 627 3174 et
643 3093 836 3174 Paullum
853 3095 1133 3194 obsecremus
1151 3095 1364 3204 Principes

205 3226 552 3333 »Apostolorum
591 3226 814 3308 domitores
852 3227 1171 3335 superstitionis
1205 3236 1363 3309 satores

205 3359 440 3460 »veritatis
464 3366 510 3440 ut
540 3358 591 3439 ab
622 3359 811 3440 eluvione
841 3360 1144 3440 renascentium
1175 3385 1361 3440 errorum

203 3527 220 3566 >
241 3491 468 3573 humanum
486 3519 618 3598 genus
633 3492 869 3572 firmissimo
885 3475 1111 3600 patrocinio
1129 3499 1362 3574 tueantur.-

202 3614 655 3708 »lntereaoaelestium
677 3653 898 3708 munerum
928 3627 1139 3736 auspicem
1160 3633 1199 3706 et
1219 3626 1362 3734 singu-

201 3757 339 3838 »laris
359 3759 666 3840 benevolentiae
689 3759 864 3839 Nostrae
891 3769 1052 3862 testem,
1077 3759 1208 3840 Vobis
1230 3760 1362 3841 omni-

200 3891 332 3992 »bus
357 3891 625 3984 Venerabiles
646 3894 829 3994 FratreS,
864 3903 903 3975 et
933 3894 1096 4002 populis
1127 3893 1361 4002 vigilantiae

197 4025 411 4106 »Vestrae
441 4027 689 4128 commissis
714 4027 997 4135 Apostolicam
1027 4027 1361 4108 Benedictionem

195 4183 283 4238 ›ox
318 4161 455 4241 animo
496 4154 772 4270 impertimus,
807 4161 1010 4243 -Datum
1050 4160 1209 4242 Romae
1250 4161 1358 4269 apud

195 4321 213 4365 »
235 4291 279 4372 S.
305 4291 491 4395 Petrum,
524 4294 590 4375 die
619 4297 668 4375 10
691 4295 906 4376 Februarii
932 4299 1056 4393 1880,
1091 4294 1361 4376 Pontificatus

194 4475 201 4492 ·
233 4419 373 4506 Nostri
394 4428 517 4509 Anno
548 4428 752 4510 Secundo.
772 4427 892 4508 -Leo
914 4428 998 4509 ΡΡ.
1025 4428 1130 4508 Xlll.
1158 4461 1175 4503 »
