<?xml version="1.0" encoding="UTF-8"?>
<!DOCTYPE html PUBLIC "-//W3C//DTD XHTML 1.0 Transitional//EN"
    "http://www.w3.org/TR/xhtml1/DTD/xhtml1-transitional.dtd">
<html xmlns="http://www.w3.org/1999/xhtml" xml:lang="en" lang="en">
 <head>
  <title>
</title>
<meta http-equiv="Content-Type" content="text/html;charset=utf-8" />
  <meta name='ocr-system' content='tesseract 3.04.00' />
  <meta name='ocr-capabilities' content='ocr_page ocr_carea ocr_par ocr_line ocrx_word'/>
</head>
<body>
  <div class='ocr_page' id='page_1' title='image "./praelectionesju00angegoog/praelectionesju00angegoog_0106.png"; bbox 0 0 3136 5138; ppageno 0'>
   <div class='ocr_carea' id='block_1_1' title="bbox 502 408 1317 472">
    <p class='ocr_par' dir='ltr' id='par_1_1' title="bbox 502 408 1317 472">
     <span class='ocr_line' id='line_1_1' title="bbox 502 408 1317 472; baseline 0.004 -3"><span class='ocrx_word' id='word_1_1' title='bbox 502 419 609 470; x_wconf 72' lang='lat' dir='ltr'><strong>urana</strong></span> <span class='ocrx_word' id='word_1_2' title='bbox 632 419 679 468; x_wconf 75' lang='lat' dir='ltr'><strong>rr.</strong></span> <span class='ocrx_word' id='word_1_3' title='bbox 703 437 723 452; x_wconf 88' lang='lat'>-</span> <span class='ocrx_word' id='word_1_4' title='bbox 746 419 884 472; x_wconf 78' lang='lat' dir='ltr'><strong>rnucus</strong></span> <span class='ocrx_word' id='word_1_5' title='bbox 907 421 954 472; x_wconf 87' lang='lat' dir='ltr'><strong>ru.</strong></span> <span class='ocrx_word' id='word_1_6' title='bbox 1274 408 1317 472; x_wconf 84' lang='lat'><strong>95</strong></span> 
     </span>
    </p>
   </div>
   <div class='ocr_carea' id='block_1_2' title="bbox 139 544 1313 1058">
    <p class='ocr_par' dir='ltr' id='par_1_2' title="bbox 139 544 1313 922">
     <span class='ocr_line' id='line_1_2' title="bbox 139 544 1313 656; baseline 0.003 -30"><span class='ocrx_word' id='word_1_7' title='bbox 139 553 183 626; x_wconf 89' lang='lat' dir='ltr'><strong>et</strong></span> <span class='ocrx_word' id='word_1_8' title='bbox 212 553 312 626; x_wconf 89' lang='lat' dir='ltr'><strong>tunc</strong></span> <span class='ocrx_word' id='word_1_9' title='bbox 341 544 442 625; x_wconf 92' lang='lat' dir='ltr'><strong>nihil</strong></span> <span class='ocrx_word' id='word_1_10' title='bbox 482 547 657 652; x_wconf 88' lang='lat' dir='ltr'><strong>probant</strong></span> <span class='ocrx_word' id='word_1_11' title='bbox 691 547 762 627; x_wconf 88' lang='lat' dir='ltr'><strong>illa</strong></span> <span class='ocrx_word' id='word_1_12' title='bbox 791 547 835 628; x_wconf 88' lang='lat' dir='ltr'><strong>S.</strong></span> <span class='ocrx_word' id='word_1_13' title='bbox 871 547 1209 656; x_wconf 84' lang='lat' dir='ltr'><strong>Congrogationis</strong></span> <span class='ocrx_word' id='word_1_14' title='bbox 1248 577 1313 630; x_wconf 92' lang='lat' dir='ltr'><strong>re-</strong></span> 
     </span>
     <span class='ocr_line' id='line_1_3' title="bbox 139 679 1312 791; baseline 0.004 -32"><span class='ocrx_word' id='word_1_15' title='bbox 139 705 297 786; x_wconf 88' lang='lat' dir='ltr'><strong>sponsa</strong></span> <span class='ocrx_word' id='word_1_16' title='bbox 317 681 369 761; x_wconf 95' lang='lat' dir='ltr'><strong>ad</strong></span> <span class='ocrx_word' id='word_1_17' title='bbox 395 679 691 761; x_wconf 80' lang='lat' dir='ltr'><strong>defendendam</strong></span> <span class='ocrx_word' id='word_1_18' title='bbox 710 680 1151 790; x_wconf 70' lang='lat' dir='ltr'><strong>opinionem&#39;Fagnani</strong></span> <span class='ocrx_word' id='word_1_19' title='bbox 1173 683 1217 762; x_wconf 92' lang='lat' dir='ltr'><strong>in</strong></span> <span class='ocrx_word' id='word_1_20' title='bbox 1237 710 1312 791; x_wconf 94' lang='lat' dir='ltr'><strong>op-</strong></span> 
     </span>
     <span class='ocr_line' id='line_1_4' title="bbox 141 813 598 922; baseline -0.004 -26"><span class='ocrx_word' id='word_1_21' title='bbox 141 813 346 922; x_wconf 81' lang='lat' dir='ltr'><strong>positione</strong></span> <span class='ocrx_word' id='word_1_22' title='bbox 377 813 428 894; x_wconf 90' lang='lat' dir='ltr'><strong>ad</strong></span> <span class='ocrx_word' id='word_1_23' title='bbox 459 813 598 894; x_wconf 91' lang='lat' dir='ltr'><strong>aliam.</strong></span> 
     </span>
    </p>

    <p class='ocr_par' dir='ltr' id='par_1_3' title="bbox 261 945 1310 1058">
     <span class='ocr_line' id='line_1_5' title="bbox 261 945 1310 1058; baseline 0.005 -31"><span class='ocrx_word' id='word_1_24' title='bbox 261 951 320 1027; x_wconf 80' lang='lat'><strong>5.⁰</strong></span> <span class='ocrx_word' id='word_1_25' title='bbox 341 947 397 1026; x_wconf 89' lang='lat' dir='ltr'><strong>At</strong></span> <span class='ocrx_word' id='word_1_26' title='bbox 417 945 519 1026; x_wconf 90' lang='lat' dir='ltr'><strong>haec</strong></span> <span class='ocrx_word' id='word_1_27' title='bbox 539 971 636 1027; x_wconf 89' lang='lat' dir='ltr'><strong>oum</strong></span> <span class='ocrx_word' id='word_1_28' title='bbox 657 947 714 1027; x_wconf 89' lang='lat' dir='ltr'><strong>ita</strong></span> <span class='ocrx_word' id='word_1_29' title='bbox 733 945 830 1046; x_wconf 90' lang='lat' dir='ltr'><strong>sint,</strong></span> <span class='ocrx_word' id='word_1_30' title='bbox 854 949 1058 1054; x_wconf 91' lang='lat' dir='ltr'><strong>quomodo</strong></span> <span class='ocrx_word' id='word_1_31' title='bbox 1081 949 1310 1058; x_wconf 87' lang='lat' dir='ltr'><strong>explicatur</strong></span> 
     </span>
    </p>
   </div>
   <div class='ocr_carea' id='block_1_3' title="bbox 140 1079 1431 1189">
    <p class='ocr_par' dir='ltr' id='par_1_4' title="bbox 140 1079 1431 1189">
     <span class='ocr_line' id='line_1_6' title="bbox 140 1079 1431 1189; baseline 0 -29"><span class='ocrx_word' id='word_1_32' title='bbox 140 1080 356 1189; x_wconf 86' lang='lat' dir='ltr'><strong>responsio</strong></span> <span class='ocrx_word' id='word_1_33' title='bbox 386 1081 482 1161; x_wconf 88' lang='lat' dir='ltr'><strong>data</strong></span> <span class='ocrx_word' id='word_1_34' title='bbox 508 1079 550 1159; x_wconf 92' lang='lat' dir='ltr'><strong>in</strong></span> <span class='ocrx_word' id='word_1_35' title='bbox 571 1079 639 1161; x_wconf 89' lang='lat' dir='ltr'><strong>cit.</strong></span> <span class='ocrx_word' id='word_1_36' title='bbox 664 1079 849 1188; x_wconf 85' lang='lat' dir='ltr'>Epistola</span> <span class='ocrx_word' id='word_1_37' title='bbox 882 1113 900 1155; x_wconf 87' lang='lat'>‹</span> <span class='ocrx_word' id='word_1_38' title='bbox 921 1082 1077 1162; x_wconf 77' lang='lat' dir='ltr'><strong>Paucis</strong></span> <span class='ocrx_word' id='word_1_39' title='bbox 1098 1083 1148 1162; x_wconf 85' lang='lat' dir='ltr'><strong>ub</strong></span> <span class='ocrx_word' id='word_1_40' title='bbox 1171 1083 1265 1164; x_wconf 85' lang='lat' dir='ltr'><strong>bine</strong></span> <span class='ocrx_word' id='word_1_41' title='bbox 1286 1119 1303 1160; x_wconf 81' lang='lat'>›</span> <span class='ocrx_word' id='word_1_42' title='bbox 1429 1151 1431 1154; x_wconf 95' lang='lat'>.</span> 
     </span>
    </p>
   </div>
   <div class='ocr_carea' id='block_1_4' title="bbox 111 1212 1433 4527">
    <p class='ocr_par' dir='ltr' id='par_1_5' title="bbox 111 1212 1433 4527">
     <span class='ocr_line' id='line_1_7' title="bbox 140 1212 1306 1320; baseline 0.003 -25"><span class='ocrx_word' id='word_1_43' title='bbox 140 1242 167 1295; x_wconf 85' lang='lat' dir='ltr'><strong>a</strong></span> <span class='ocrx_word' id='word_1_44' title='bbox 194 1213 419 1294; x_wconf 87' lang='lat' dir='ltr'><strong>Benedioto</strong></span> <span class='ocrx_word' id='word_1_45' title='bbox 449 1213 563 1312; x_wconf 83' lang='lat' dir='ltr'>XIV,</span> <span class='ocrx_word' id='word_1_46' title='bbox 597 1238 702 1320; x_wconf 88' lang='lat' dir='ltr'><strong>quae</strong></span> <span class='ocrx_word' id='word_1_47' title='bbox 734 1212 895 1296; x_wconf 89' lang='lat' dir='ltr'><strong>videtur</strong></span> <span class='ocrx_word' id='word_1_48' title='bbox 924 1224 1089 1297; x_wconf 90' lang='lat' dir='ltr'><strong>nostrae</strong></span> <span class='ocrx_word' id='word_1_49' title='bbox 1125 1215 1306 1300; x_wconf 88' lang='lat' dir='ltr'><strong>theoriae</strong></span> 
     </span>
     <span class='ocr_line' id='line_1_8' title="bbox 137 1345 1307 1458; baseline 0.004 -30"><span class='ocrx_word' id='word_1_50' title='bbox 137 1347 358 1456; x_wconf 64' lang='lat' dir='ltr'><strong>opposita?</strong></span> <span class='ocrx_word' id='word_1_51' title='bbox 389 1345 628 1452; x_wconf 87' lang='lat' dir='ltr'><strong>Propositae</strong></span> <span class='ocrx_word' id='word_1_52' title='bbox 658 1345 768 1426; x_wconf 84' lang='lat' dir='ltr'><strong>enirn</strong></span> <span class='ocrx_word' id='word_1_53' title='bbox 789 1348 1017 1455; x_wconf 87' lang='lat' dir='ltr'><strong>quaestioni</strong></span> <span class='ocrx_word' id='word_1_54' title='bbox 1054 1350 1307 1458; x_wconf 83' lang='lat' dir='ltr'><strong>&lt;quidnam</strong></span> 
     </span>
     <span class='ocr_line' id='line_1_9' title="bbox 139 1478 1303 1589; baseline 0 -29"><span class='ocrx_word' id='word_1_55' title='bbox 139 1481 376 1588; x_wconf 82' lang='lat' dir='ltr'><strong>requiratur</strong></span> <span class='ocrx_word' id='word_1_56' title='bbox 404 1479 456 1560; x_wconf 90' lang='lat' dir='ltr'><strong>ad</strong></span> <span class='ocrx_word' id='word_1_57' title='bbox 488 1478 605 1586; x_wconf 84' lang='lat' dir='ltr'><strong>quasi</strong></span> <span class='ocrx_word' id='word_1_58' title='bbox 636 1479 890 1560; x_wconf 83' lang='lat' dir='ltr'><strong>domicilium</strong></span> <span class='ocrx_word' id='word_1_59' title='bbox 924 1481 1303 1589; x_wconf 65' lang='lat' dir='ltr'><strong>adipiscendumtr»</strong></span> 
     </span>
     <span class='ocr_line' id='line_1_10' title="bbox 139 1612 1433 1730; baseline 0.005 -37"><span class='ocrx_word' id='word_1_60' title='bbox 139 1613 334 1694; x_wconf 82' lang='lat' dir='ltr'><strong>Pontifex</strong></span> <span class='ocrx_word' id='word_1_61' title='bbox 364 1612 596 1719; x_wconf 80' lang='lat' dir='ltr'><strong>respondet:</strong></span> <span class='ocrx_word' id='word_1_62' title='bbox 636 1615 718 1693; x_wconf 88' lang='lat' dir='ltr'><strong>‹ln</strong></span> <span class='ocrx_word' id='word_1_63' title='bbox 749 1612 899 1694; x_wconf 88' lang='lat' dir='ltr'><strong>haere</strong></span> <span class='ocrx_word' id='word_1_64' title='bbox 930 1615 1042 1696; x_wconf 94' lang='lat' dir='ltr'><strong>nullo</strong></span> <span class='ocrx_word' id='word_1_65' title='bbox 1080 1617 1160 1699; x_wconf 95' lang='lat' dir='ltr'><strong>alio</strong></span> <span class='ocrx_word' id='word_1_66' title='bbox 1185 1628 1310 1726; x_wconf 92' lang='lat' dir='ltr'><strong>pacto</strong></span> <span class='ocrx_word' id='word_1_67' title='bbox 1424 1713 1433 1730; x_wconf 34' lang='lat'>⁸</span> 
     </span>
     <span class='ocr_line' id='line_1_11' title="bbox 138 1745 1310 1857; baseline 0.003 -29"><span class='ocrx_word' id='word_1_68' title='bbox 138 1745 380 1854; x_wconf 87' lang='lat' dir='ltr'><strong>responderi</strong></span> <span class='ocrx_word' id='word_1_69' title='bbox 411 1753 558 1852; x_wconf 84' lang='lat' dir='ltr'><strong>potest,</strong></span> <span class='ocrx_word' id='word_1_70' title='bbox 581 1746 661 1826; x_wconf 90' lang='lat' dir='ltr'><strong>nisi</strong></span> <span class='ocrx_word' id='word_1_71' title='bbox 692 1748 814 1854; x_wconf 90' lang='lat' dir='ltr'><strong>quod,</strong></span> <span class='ocrx_word' id='word_1_72' title='bbox 847 1757 1067 1857; x_wconf 87' lang='lat' dir='ltr'><strong>antequam</strong></span> <span class='ocrx_word' id='word_1_73' title='bbox 1097 1751 1310 1832; x_wconf 90' lang='lat' dir='ltr'><strong>matrimo-</strong></span> 
     </span>
     <span class='ocr_line' id='line_1_12' title="bbox 140 1877 1305 1986; baseline 0.005 -26"><span class='ocrx_word' id='word_1_74' title='bbox 140 1881 260 1960; x_wconf 87' lang='lat' dir='ltr'><strong>nium</strong></span> <span class='ocrx_word' id='word_1_75' title='bbox 296 1877 576 1977; x_wconf 90' lang='lat' dir='ltr'><strong>contrahatur,</strong></span> <span class='ocrx_word' id='word_1_76' title='bbox 610 1880 744 1985; x_wconf 88' lang='lat' dir='ltr'><strong>spatio</strong></span> <span class='ocrx_word' id='word_1_77' title='bbox 784 1880 930 1962; x_wconf 88' lang='lat' dir='ltr'><strong>saltem</strong></span> <span class='ocrx_word' id='word_1_78' title='bbox 972 1881 1097 1962; x_wconf 91' lang='lat' dir='ltr'><strong>unius</strong></span> <span class='ocrx_word' id='word_1_79' title='bbox 1135 1884 1305 1986; x_wconf 69' lang='lat' dir='ltr'><strong>mensis</strong></span> 
     </span>
     <span class='ocr_line' id='line_1_13' title="bbox 139 2009 1304 2119; baseline 0.006 -27"><span class='ocrx_word' id='word_1_80' title='bbox 139 2012 206 2092; x_wconf 90' lang='lat' dir='ltr'><strong>ille</strong></span> <span class='ocrx_word' id='word_1_81' title='bbox 236 2011 308 2119; x_wconf 90' lang='lat' dir='ltr'><strong>qui</strong></span> <span class='ocrx_word' id='word_1_82' title='bbox 330 2009 532 2091; x_wconf 81' lang='lat' dir='ltr'><strong>contrahit</strong></span> <span class='ocrx_word' id='word_1_83' title='bbox 561 2009 806 2094; x_wconf 80' lang='lat' dir='ltr'><strong>habitaverit</strong></span> <span class='ocrx_word' id='word_1_84' title='bbox 826 2013 868 2094; x_wconf 92' lang='lat' dir='ltr'><strong>in</strong></span> <span class='ocrx_word' id='word_1_85' title='bbox 888 2013 978 2095; x_wconf 92' lang='lat' dir='ltr'><strong>loco</strong></span> <span class='ocrx_word' id='word_1_86' title='bbox 1001 2015 1070 2096; x_wconf 92' lang='lat' dir='ltr'><strong>ubi</strong></span> <span class='ocrx_word' id='word_1_87' title='bbox 1092 2017 1304 2098; x_wconf 89' lang='lat' dir='ltr'><strong>matrimo-</strong></span> 
     </span>
     <span class='ocr_line' id='line_1_14' title="bbox 138 2144 1304 2233; baseline 0.006 -7"><span class='ocrx_word' id='word_1_88' title='bbox 138 2147 258 2227; x_wconf 91' lang='lat' dir='ltr'><strong>nium</strong></span> <span class='ocrx_word' id='word_1_89' title='bbox 289 2144 556 2228; x_wconf 87' lang='lat' dir='ltr'><strong>oelebratur›</strong></span> <span class='ocrx_word' id='word_1_90' title='bbox 591 2145 734 2227; x_wconf 89' lang='lat' dir='ltr'><strong>deinde</strong></span> <span class='ocrx_word' id='word_1_91' title='bbox 765 2148 974 2228; x_wconf 88' lang='lat' dir='ltr'><strong>subsumit</strong></span> <span class='ocrx_word' id='word_1_92' title='bbox 1003 2175 1048 2230; x_wconf 88' lang='lat' dir='ltr'><strong>so</strong></span> <span class='ocrx_word' id='word_1_93' title='bbox 1089 2149 1189 2231; x_wconf 91' lang='lat' dir='ltr'><strong>nihil</strong></span> <span class='ocrx_word' id='word_1_94' title='bbox 1230 2153 1304 2233; x_wconf 90' lang='lat' dir='ltr'><strong>ad·</strong></span> 
     </span>
     <span class='ocr_line' id='line_1_15' title="bbox 136 2279 1304 2394; baseline 0.007 -34"><span class='ocrx_word' id='word_1_95' title='bbox 136 2281 236 2360; x_wconf 86' lang='lat' dir='ltr'><strong>dere</strong></span> <span class='ocrx_word' id='word_1_96' title='bbox 252 2279 302 2360; x_wconf 89' lang='lat' dir='ltr'><strong>de</strong></span> <span class='ocrx_word' id='word_1_97' title='bbox 319 2280 561 2362; x_wconf 87' lang='lat' dir='ltr'><strong>necessitate</strong></span> <span class='ocrx_word' id='word_1_98' title='bbox 582 2280 873 2388; x_wconf 87' lang='lat' dir='ltr'><strong>subsequentis</strong></span> <span class='ocrx_word' id='word_1_99' title='bbox 894 2280 1159 2366; x_wconf 89' lang='lat' dir='ltr'><strong>habitationis</strong></span> <span class='ocrx_word' id='word_1_100' title='bbox 1180 2312 1304 2394; x_wconf 92' lang='lat' dir='ltr'><strong>quam</strong></span> 
     </span>
     <span class='ocr_line' id='line_1_16' title="bbox 137 2413 1306 2521; baseline 0.008 -27"><span class='ocrx_word' id='word_1_101' title='bbox 137 2413 282 2521; x_wconf 85' lang='lat' dir='ltr'><strong>magni</strong></span> <span class='ocrx_word' id='word_1_102' title='bbox 313 2415 508 2496; x_wconf 87' lang='lat' dir='ltr'><strong>momenti</strong></span> <span class='ocrx_word' id='word_1_103' title='bbox 540 2413 837 2496; x_wconf 87' lang='lat' dir='ltr'><strong>adminiculum</strong></span> <span class='ocrx_word' id='word_1_104' title='bbox 863 2415 1019 2498; x_wconf 85' lang='lat' dir='ltr'><strong>faciunt</strong></span> <span class='ocrx_word' id='word_1_105' title='bbox 1038 2418 1236 2500; x_wconf 81' lang='lat' dir='ltr'><strong>Doctores</strong></span> <span class='ocrx_word' id='word_1_106' title='bbox 1266 2431 1306 2503; x_wconf 89' lang='lat' dir='ltr'><strong>et</strong></span> 
     </span>
     <span class='ocr_line' id='line_1_17' title="bbox 135 2547 1305 2658; baseline 0.009 -32"><span class='ocrx_word' id='word_1_107' title='bbox 135 2547 188 2627; x_wconf 92' lang='lat' dir='ltr'><strong>de</strong></span> <span class='ocrx_word' id='word_1_108' title='bbox 220 2573 304 2654; x_wconf 93' lang='lat' dir='ltr'><strong>qua</strong></span> <span class='ocrx_word' id='word_1_109' title='bbox 334 2547 434 2627; x_wconf 91' lang='lat' dir='ltr'><strong>nihil</strong></span> <span class='ocrx_word' id='word_1_110' title='bbox 466 2573 491 2628; x_wconf 89' lang='lat' dir='ltr'><strong>a</strong></span> <span class='ocrx_word' id='word_1_111' title='bbox 519 2548 797 2630; x_wconf 86' lang='lat' dir='ltr'><strong>decisionibus</strong></span> <span class='ocrx_word' id='word_1_112' title='bbox 828 2549 1167 2658; x_wconf 81' lang='lat' dir='ltr'><strong>Congregationis</strong></span> <span class='ocrx_word' id='word_1_113' title='bbox 1197 2554 1305 2635; x_wconf 88' lang='lat' dir='ltr'><strong>Con-</strong></span> 
     </span>
     <span class='ocr_line' id='line_1_18' title="bbox 134 2679 1304 2796; baseline 0.007 -35"><span class='ocrx_word' id='word_1_114' title='bbox 134 2679 223 2761; x_wconf 90' lang='lat' dir='ltr'><strong>oilii</strong></span> <span class='ocrx_word' id='word_1_115' title='bbox 244 2681 400 2762; x_wconf 88' lang='lat' dir='ltr'><strong>dictum</strong></span> <span class='ocrx_word' id='word_1_116' title='bbox 422 2689 496 2780; x_wconf 87' lang='lat' dir='ltr'><strong>est,</strong></span> <span class='ocrx_word' id='word_1_117' title='bbox 517 2681 718 2790; x_wconf 90' lang='lat' dir='ltr'><strong>quianon</strong></span> <span class='ocrx_word' id='word_1_118' title='bbox 733 2683 821 2764; x_wconf 90' lang='lat' dir='ltr'><strong>vult</strong></span> <span class='ocrx_word' id='word_1_119' title='bbox 835 2681 913 2765; x_wconf 91' lang='lat' dir='ltr'><strong>hac</strong></span> <span class='ocrx_word' id='word_1_120' title='bbox 929 2683 979 2764; x_wconf 89' lang='lat' dir='ltr'><strong>de</strong></span> <span class='ocrx_word' id='word_1_121' title='bbox 1000 2711 1043 2764; x_wconf 91' lang='lat' dir='ltr'><strong>re</strong></span> <span class='ocrx_word' id='word_1_122' title='bbox 1064 2685 1304 2796; x_wconf 87' lang='lat' dir='ltr'><strong>quidquam</strong></span> 
     </span>
     <span class='ocr_line' id='line_1_19' title="bbox 135 2815 1306 2924; baseline 0.007 -30"><span class='ocrx_word' id='word_1_123' title='bbox 135 2815 234 2896; x_wconf 92' lang='lat' dir='ltr'><strong>novi</strong></span> <span class='ocrx_word' id='word_1_124' title='bbox 268 2815 497 2898; x_wconf 85' lang='lat' dir='ltr'><strong>decernere.</strong></span> <span class='ocrx_word' id='word_1_125' title='bbox 531 2816 727 2898; x_wconf 89' lang='lat' dir='ltr'><strong>Libenter</strong></span> <span class='ocrx_word' id='word_1_126' title='bbox 765 2843 916 2924; x_wconf 84' lang='lat' dir='ltr'><strong>sequor</strong></span> <span class='ocrx_word' id='word_1_127' title='bbox 944 2818 987 2898; x_wconf 92' lang='lat' dir='ltr'><strong>in</strong></span> <span class='ocrx_word' id='word_1_128' title='bbox 1022 2817 1100 2900; x_wconf 91' lang='lat' dir='ltr'><strong>hoc</strong></span> <span class='ocrx_word' id='word_1_129' title='bbox 1129 2823 1306 2902; x_wconf 91' lang='lat' dir='ltr'><strong>nonnul-</strong></span> 
     </span>
     <span class='ocr_line' id='line_1_20' title="bbox 136 2950 1304 3062; baseline 0.007 -32"><span class='ocrx_word' id='word_1_130' title='bbox 136 2951 273 3032; x_wconf 91' lang='lat' dir='ltr'><strong>lorum</strong></span> <span class='ocrx_word' id='word_1_131' title='bbox 289 2975 539 3058; x_wconf 91' lang='lat' dir='ltr'><strong>nuperorum</strong></span> <span class='ocrx_word' id='word_1_132' title='bbox 556 2950 780 3032; x_wconf 83' lang='lat' dir='ltr'><strong>Doctorum</strong></span> <span class='ocrx_word' id='word_1_133' title='bbox 796 2953 1056 3053; x_wconf 87' lang='lat' dir='ltr'><strong>sententiam,</strong></span> <span class='ocrx_word' id='word_1_134' title='bbox 1075 2953 1144 3062; x_wconf 92' lang='lat' dir='ltr'><strong>qui</strong></span> <span class='ocrx_word' id='word_1_135' title='bbox 1166 2963 1304 3038; x_wconf 87' lang='lat' dir='ltr'><strong>tenent</strong></span> 
     </span>
     <span class='ocr_line' id='line_1_21' title="bbox 135 3084 1302 3194; baseline 0.004 -30"><span class='ocrx_word' id='word_1_136' title='bbox 135 3084 409 3166; x_wconf 88' lang='lat' dir='ltr'><strong>Benedictum</strong></span> <span class='ocrx_word' id='word_1_137' title='bbox 425 3084 524 3163; x_wconf 88' lang='lat' dir='ltr'><strong>XIV</strong></span> <span class='ocrx_word' id='word_1_138' title='bbox 540 3084 775 3192; x_wconf 85' lang='lat' dir='ltr'><strong>assignasse</strong></span> <span class='ocrx_word' id='word_1_139' title='bbox 797 3085 837 3165; x_wconf 94' lang='lat' dir='ltr'><strong>in</strong></span> <span class='ocrx_word' id='word_1_140' title='bbox 861 3112 910 3166; x_wconf 92' lang='lat' dir='ltr'><strong>ea</strong></span> <span class='ocrx_word' id='word_1_141' title='bbox 924 3086 1108 3193; x_wconf 87' lang='lat' dir='ltr'><strong>Epistola</strong></span> <span class='ocrx_word' id='word_1_142' title='bbox 1122 3089 1302 3194; x_wconf 89' lang='lat' dir='ltr'><strong>spatium</strong></span> 
     </span>
     <span class='ocr_line' id='line_1_22' title="bbox 134 3217 1302 3328; baseline 0.004 -31"><span class='ocrx_word' id='word_1_143' title='bbox 134 3221 258 3298; x_wconf 83' lang='lat' dir='ltr'><strong>unius</strong></span> <span class='ocrx_word' id='word_1_144' title='bbox 288 3219 419 3328; x_wconf 73' lang='lat' dir='ltr'><strong>clapsi</strong></span> <span class='ocrx_word' id='word_1_145' title='bbox 448 3217 601 3298; x_wconf 88' lang='lat' dir='ltr'><strong>mensis</strong></span> <span class='ocrx_word' id='word_1_146' title='bbox 633 3244 714 3298; x_wconf 91' lang='lat' dir='ltr'><strong>non</strong></span> <span class='ocrx_word' id='word_1_147' title='bbox 745 3219 796 3300; x_wconf 91' lang='lat' dir='ltr'><strong>ad</strong></span> <span class='ocrx_word' id='word_1_148' title='bbox 828 3219 1105 3300; x_wconf 90' lang='lat' dir='ltr'><strong>definiendum</strong></span> <span class='ocrx_word' id='word_1_149' title='bbox 1127 3231 1165 3302; x_wconf 91' lang='lat' dir='ltr'><strong>ct</strong></span> <span class='ocrx_word' id='word_1_150' title='bbox 1185 3247 1302 3302; x_wconf 90' lang='lat' dir='ltr'><strong>coar-</strong></span> 
     </span>
     <span class='ocr_line' id='line_1_23' title="bbox 133 3349 1301 3460; baseline 0.001 -26"><span class='ocrx_word' id='word_1_151' title='bbox 133 3351 334 3434; x_wconf 83' lang='lat' dir='ltr'><strong>ctandum</strong></span> <span class='ocrx_word' id='word_1_152' title='bbox 363 3349 593 3457; x_wconf 86' lang='lat' dir='ltr'><strong>legitimum</strong></span> <span class='ocrx_word' id='word_1_153' title='bbox 633 3351 750 3458; x_wconf 90' lang='lat' dir='ltr'><strong>quasi</strong></span> <span class='ocrx_word' id='word_1_154' title='bbox 791 3351 985 3434; x_wconf 90' lang='lat' dir='ltr'><strong>domicilii</strong></span> <span class='ocrx_word' id='word_1_155' title='bbox 1016 3361 1193 3460; x_wconf 65' lang='lat' dir='ltr'><strong>tempus</strong></span> <span class='ocrx_word' id='word_1_156' title='bbox 1229 3356 1301 3435; x_wconf 88' lang='lat' dir='ltr'><strong>sed</strong></span> 
     </span>
     <span class='ocr_line' id='line_1_24' title="bbox 132 3483 1300 3598; baseline 0.003 -33"><span class='ocrx_word' id='word_1_157' title='bbox 132 3485 189 3565; x_wconf 87' lang='lat' dir='ltr'><strong>ad</strong></span> <span class='ocrx_word' id='word_1_158' title='bbox 204 3483 551 3592; x_wconf 90' lang='lat' dir='ltr'><strong>suppeditandum</strong></span> <span class='ocrx_word' id='word_1_159' title='bbox 564 3484 749 3566; x_wconf 91' lang='lat' dir='ltr'><strong>Parocho</strong></span> <span class='ocrx_word' id='word_1_160' title='bbox 765 3494 805 3566; x_wconf 90' lang='lat' dir='ltr'><strong>et</strong></span> <span class='ocrx_word' id='word_1_161' title='bbox 815 3485 941 3592; x_wconf 88' lang='lat' dir='ltr'><strong>judici</strong></span> <span class='ocrx_word' id='word_1_162' title='bbox 949 3488 1163 3593; x_wconf 78' lang='lat' dir='ltr'><strong>juridicae</strong></span> <span class='ocrx_word' id='word_1_163' title='bbox 1171 3515 1300 3598; x_wconf 83' lang='lat' dir='ltr'><strong>pruc-</strong></span> 
     </span>
     <span class='ocr_line' id='line_1_25' title="bbox 131 3619 1297 3728; baseline 0.008 -33"><span class='ocrx_word' id='word_1_164' title='bbox 131 3619 375 3728; x_wconf 79' lang='lat' dir='ltr'><strong>sumptionis</strong></span> <span class='ocrx_word' id='word_1_165' title='bbox 395 3627 674 3727; x_wconf 81' lang='lat' dir='ltr'><strong>urpumeutum</strong></span> <span class='ocrx_word' id='word_1_166' title='bbox 697 3626 738 3700; x_wconf 79' lang='lat' dir='ltr'><strong>in</strong></span> <span class='ocrx_word' id='word_1_167' title='bbox 760 3621 898 3727; x_wconf 83' lang='lat' dir='ltr'><strong>utiquo</strong></span> <span class='ocrx_word' id='word_1_168' title='bbox 920 3648 1032 3718; x_wconf 68' lang='lat' dir='ltr'><strong>casm</strong></span> <span class='ocrx_word' id='word_1_169' title='bbox 1056 3631 1095 3704; x_wconf 90' lang='lat' dir='ltr'><strong>et</strong></span> <span class='ocrx_word' id='word_1_170' title='bbox 1112 3622 1297 3704; x_wconf 92' lang='lat' dir='ltr'><strong>Parocho</strong></span> 
     </span>
     <span class='ocr_line' id='line_1_26' title="bbox 133 3749 1302 3858; baseline 0.007 -30"><span class='ocrx_word' id='word_1_171' title='bbox 133 3749 301 3858; x_wconf 89' lang='lat' dir='ltr'><strong>quidem</strong></span> <span class='ocrx_word' id='word_1_172' title='bbox 318 3758 364 3832; x_wconf 92' lang='lat' dir='ltr'><strong>ut</strong></span> <span class='ocrx_word' id='word_1_173' title='bbox 378 3757 468 3832; x_wconf 89' lang='lat' dir='ltr'><strong>tuta</strong></span> <span class='ocrx_word' id='word_1_174' title='bbox 483 3751 734 3834; x_wconf 88' lang='lat' dir='ltr'><strong>conscientia</strong></span> <span class='ocrx_word' id='word_1_175' title='bbox 749 3751 908 3833; x_wconf 86' lang='lat' dir='ltr'><strong>intersit</strong></span> <span class='ocrx_word' id='word_1_176' title='bbox 924 3753 1183 3835; x_wconf 90' lang='lat' dir='ltr'><strong>matrimonio</strong></span> <span class='ocrx_word' id='word_1_177' title='bbox 1204 3782 1302 3836; x_wconf 93' lang='lat' dir='ltr'><strong>con·</strong></span> 
     </span>
     <span class='ocr_line' id='line_1_27' title="bbox 111 3883 1298 3991; baseline 0.001 -26"><span class='ocrx_word' id='word_1_178' title='bbox 111 3883 352 3986; x_wconf 88' lang='lat' dir='ltr'><strong>.trahendo;</strong></span> <span class='ocrx_word' id='word_1_179' title='bbox 375 3883 504 3991; x_wconf 88' lang='lat' dir='ltr'><strong>judici</strong></span> <span class='ocrx_word' id='word_1_180' title='bbox 533 3910 646 3986; x_wconf 87' lang='lat' dir='ltr'><strong>vero,</strong></span> <span class='ocrx_word' id='word_1_181' title='bbox 671 3894 717 3966; x_wconf 88' lang='lat' dir='ltr'><strong>ut</strong></span> <span class='ocrx_word' id='word_1_182' title='bbox 746 3886 796 3967; x_wconf 91' lang='lat' dir='ltr'><strong>de</strong></span> <span class='ocrx_word' id='word_1_183' title='bbox 827 3885 1018 3968; x_wconf 89' lang='lat' dir='ltr'><strong>celebrati</strong></span> <span class='ocrx_word' id='word_1_184' title='bbox 1048 3887 1298 3969; x_wconf 90' lang='lat' dir='ltr'><strong>matrimonii</strong></span> 
     </span>
     <span class='ocr_line' id='line_1_28' title="bbox 137 4015 1403 4127; baseline 0.005 -31"><span class='ocrx_word' id='word_1_185' title='bbox 137 4015 347 4099; x_wconf 83' lang='lat' dir='ltr'><strong>validitate</strong></span> <span class='ocrx_word' id='word_1_186' title='bbox 385 4017 629 4098; x_wconf 87' lang='lat' dir='ltr'><strong>sententiam</strong></span> <span class='ocrx_word' id='word_1_187' title='bbox 663 4017 779 4099; x_wconf 83' lang='lat' dir='ltr'><strong>ferat.</strong></span> <span class='ocrx_word' id='word_1_188' title='bbox 813 4017 910 4098; x_wconf 89' lang='lat' dir='ltr'><strong>Dixi</strong></span> <span class='ocrx_word' id='word_1_189' title='bbox 942 4021 984 4098; x_wconf 83' lang='lat' dir='ltr'><strong>ia</strong></span> <span class='ocrx_word' id='word_1_190' title='bbox 1013 4019 1151 4127; x_wconf 83' lang='lat' dir='ltr'><strong>aliquo</strong></span> <span class='ocrx_word' id='word_1_191' title='bbox 1183 4047 1293 4102; x_wconf 81' lang='lat' dir='ltr'><strong>cusu.</strong></span> <span class='ocrx_word' id='word_1_192' title='bbox 1399 4056 1403 4068; x_wconf 42' lang='lat' dir='ltr'><strong>r</strong></span> 
     </span>
     <span class='ocr_line' id='line_1_29' title="bbox 136 4147 1299 4260; baseline 0.005 -32"><span class='ocrx_word' id='word_1_193' title='bbox 136 4149 247 4230; x_wconf 87' lang='lat' dir='ltr'><strong>Nam</strong></span> <span class='ocrx_word' id='word_1_194' title='bbox 276 4147 411 4257; x_wconf 90' lang='lat' dir='ltr'><strong>posita</strong></span> <span class='ocrx_word' id='word_1_195' title='bbox 450 4149 683 4230; x_wconf 84' lang='lat' dir='ltr'><strong>definitione</strong></span> <span class='ocrx_word' id='word_1_196' title='bbox 723 4149 842 4258; x_wconf 92' lang='lat' dir='ltr'><strong>quasi</strong></span> <span class='ocrx_word' id='word_1_197' title='bbox 872 4151 1066 4232; x_wconf 87' lang='lat' dir='ltr'><strong>domicilii</strong></span> <span class='ocrx_word' id='word_1_198' title='bbox 1106 4153 1215 4260; x_wconf 91' lang='lat' dir='ltr'><strong>quod</strong></span> <span class='ocrx_word' id='word_1_199' title='bbox 1245 4153 1299 4234; x_wconf 87' lang='lat' dir='ltr'><strong>sit</strong></span> 
     </span>
     <span class='ocr_line' id='line_1_30' title="bbox 140 4281 1299 4393; baseline 0.009 -37"><span class='ocrx_word' id='word_1_200' title='bbox 140 4315 160 4356; x_wconf 70' lang='grc' dir='ltr'><strong><em>ι</em></strong></span> <span class='ocrx_word' id='word_1_201' title='bbox 181 4281 377 4364; x_wconf 86' lang='lat' dir='ltr'><strong>habitatio</strong></span> <span class='ocrx_word' id='word_1_202' title='bbox 397 4283 439 4363; x_wconf 92' lang='lat' dir='ltr'><strong>in</strong></span> <span class='ocrx_word' id='word_1_203' title='bbox 460 4281 549 4364; x_wconf 91' lang='lat' dir='ltr'><strong>loco</strong></span> <span class='ocrx_word' id='word_1_204' title='bbox 575 4309 670 4364; x_wconf 90' lang='lat' dir='ltr'><strong>cum</strong></span> <span class='ocrx_word' id='word_1_205' title='bbox 692 4282 914 4364; x_wconf 85' lang='lat' dir='ltr'><strong>intentione</strong></span> <span class='ocrx_word' id='word_1_206' title='bbox 935 4284 990 4365; x_wconf 92' lang='lat' dir='ltr'><strong>ibi</strong></span> <span class='ocrx_word' id='word_1_207' title='bbox 1013 4285 1204 4368; x_wconf 88' lang='lat' dir='ltr'><strong>manendi</strong></span> <span class='ocrx_word' id='word_1_208' title='bbox 1225 4313 1299 4393; x_wconf 86' lang='lat' dir='ltr'><strong>per</strong></span> 
     </span>
     <span class='ocr_line' id='line_1_31' title="bbox 137 4415 1293 4527; baseline 0 -33"><span class='ocrx_word' id='word_1_209' title='bbox 137 4415 332 4522; x_wconf 88' lang='lat' dir='ltr'><strong>majorem</strong></span> <span class='ocrx_word' id='word_1_210' title='bbox 363 4423 434 4496; x_wconf 90' lang='lat' dir='ltr'><strong>aut</strong></span> <span class='ocrx_word' id='word_1_211' title='bbox 463 4415 610 4498; x_wconf 90' lang='lat' dir='ltr'><strong>saltem</strong></span> <span class='ocrx_word' id='word_1_212' title='bbox 641 4443 713 4526; x_wconf 89' lang='lat' dir='ltr'><strong>per</strong></span> <span class='ocrx_word' id='word_1_213' title='bbox 742 4416 955 4498; x_wconf 88' lang='lat' dir='ltr'><strong>dimidiam</strong></span> <span class='ocrx_word' id='word_1_214' title='bbox 976 4418 1072 4498; x_wconf 92' lang='lat' dir='ltr'><strong>anni</strong></span> <span class='ocrx_word' id='word_1_215' title='bbox 1094 4427 1293 4527; x_wconf 84' lang='lat' dir='ltr'><strong>partem»</strong></span> 
     </span>
    </p>
   </div>
   <div class='ocr_carea' id='block_1_5' title="bbox 0 0 1572 5138">
    <p class='ocr_par' dir='ltr' id='par_1_6' title="bbox 0 0 1572 5138">
     <span class='ocr_line' id='line_1_32' title="bbox 0 0 1572 5138; baseline 0 0"><span class='ocrx_word' id='word_1_216' title='bbox 0 0 1572 5138; x_wconf 95' lang='lat' dir='ltr'><strong> </strong></span> 
     </span>
    </p>
   </div>
  </div>
 </body>
</html>
