<?xml version="1.0" encoding="UTF-8"?>
<!DOCTYPE html PUBLIC "-//W3C//DTD XHTML 1.0 Transitional//EN"
    "http://www.w3.org/TR/xhtml1/DTD/xhtml1-transitional.dtd">
<html xmlns="http://www.w3.org/1999/xhtml" xml:lang="en" lang="en">
 <head>
  <title>
</title>
<meta http-equiv="Content-Type" content="text/html;charset=utf-8" />
  <meta name='ocr-system' content='tesseract 3.04.00' />
  <meta name='ocr-capabilities' content='ocr_page ocr_carea ocr_par ocr_line ocrx_word'/>
</head>
<body>
  <div class='ocr_page' id='page_1' title='image "./praelectionesju00angegoog/praelectionesju00angegoog_0134.png"; bbox 0 0 3136 5138; ppageno 0'>
   <div class='ocr_carea' id='block_1_1' title="bbox 422 432 1237 497">
    <p class='ocr_par' dir='ltr' id='par_1_1' title="bbox 422 432 1237 497">
     <span class='ocr_line' id='line_1_1' title="bbox 422 432 1237 497; baseline 0.009 -7"><span class='ocrx_word' id='word_1_1' title='bbox 422 439 529 492; x_wconf 78' lang='lat' dir='ltr'>urana</span> <span class='ocrx_word' id='word_1_2' title='bbox 551 441 598 490; x_wconf 76' lang='lat' dir='ltr'>rr.</span> <span class='ocrx_word' id='word_1_3' title='bbox 622 459 643 473; x_wconf 94' lang='lat'>-</span> <span class='ocrx_word' id='word_1_4' title='bbox 665 441 804 494; x_wconf 80' lang='lat' dir='ltr'>rrrunus</span> <span class='ocrx_word' id='word_1_5' title='bbox 827 444 873 492; x_wconf 82' lang='grc' dir='ltr'>ιν.</span> <span class='ocrx_word' id='word_1_6' title='bbox 901 434 903 444; x_wconf 90' lang='grc'><em>·</em></span> <span class='ocrx_word' id='word_1_7' title='bbox 1173 432 1237 497; x_wconf 81' lang='grc'>123</span> 
     </span>
    </p>
   </div>
   <div class='ocr_carea' id='block_1_2' title="bbox 3 539 1354 4550">
    <p class='ocr_par' dir='ltr' id='par_1_2' title="bbox 3 539 1354 4550">
     <span class='ocr_line' id='line_1_2' title="bbox 3 539 1230 686; baseline 0.006 -39"><span class='ocrx_word' id='word_1_8' title='bbox 3 539 5 686; x_wconf 30' lang='grc' dir='ltr'>ἶ</span> <span class='ocrx_word' id='word_1_9' title='bbox 89 567 256 675; x_wconf 89' lang='lat' dir='ltr'>pluribus</span> <span class='ocrx_word' id='word_1_10' title='bbox 271 567 440 649; x_wconf 80' lang='lat' dir='ltr'><strong>casibus</strong></span> <span class='ocrx_word' id='word_1_11' title='bbox 454 569 608 652; x_wconf 87' lang='lat' dir='ltr'>vitatur</span> <span class='ocrx_word' id='word_1_12' title='bbox 623 570 824 652; x_wconf 87' lang='lat' dir='ltr'>vindictae</span> <span class='ocrx_word' id='word_1_13' title='bbox 840 571 1028 680; x_wconf 87' lang='lat' dir='ltr'>publicae</span> <span class='ocrx_word' id='word_1_14' title='bbox 1044 573 1230 654; x_wconf 88' lang='lat' dir='ltr'>animad-</span> 
     </span>
     <span class='ocr_line' id='line_1_3' title="bbox 3 701 1302 812; baseline 0.004 -34"><span class='ocrx_word' id='word_1_15' title='bbox 3 759 5 798; x_wconf 58' lang='grc'>;</span> <span class='ocrx_word' id='word_1_16' title='bbox 91 701 217 782; x_wconf 87' lang='lat' dir='ltr'>versio.</span> <span class='ocrx_word' id='word_1_17' title='bbox 1299 807 1302 812; x_wconf 10' lang='grc' dir='ltr'><strong><em>Δ</em></strong></span> 
     </span>
     <span class='ocr_line' id='line_1_4' title="bbox 183 834 1286 944; baseline 0.008 -26.597"><span class='ocrx_word' id='word_1_18' title='bbox 183 835 243 916; x_wconf 82' lang='lat'>7.⁰</span> <span class='ocrx_word' id='word_1_19' title='bbox 273 835 338 916; x_wconf 86' lang='lat' dir='ltr'>Ex</span> <span class='ocrx_word' id='word_1_20' title='bbox 368 834 632 944; x_wconf 81' lang='lat' dir='ltr'>sponsalibus</span> <span class='ocrx_word' id='word_1_21' title='bbox 668 845 713 932; x_wconf 87' lang='lat' dir='ltr'>et</span> <span class='ocrx_word' id='word_1_22' title='bbox 747 863 799 918; x_wconf 84' lang='lat' dir='ltr'>ex</span> <span class='ocrx_word' id='word_1_23' title='bbox 839 837 1100 918; x_wconf 90' lang='lat' dir='ltr'>matrimonio</span> <span class='ocrx_word' id='word_1_24' title='bbox 1141 849 1230 921; x_wconf 87' lang='lat' dir='ltr'>rato</span> <span class='ocrx_word' id='word_1_25' title='bbox 1270 921 1286 939; x_wconf 10' lang='lat' dir='ltr'>y.</span> 
     </span>
     <span class='ocr_line' id='line_1_5' title="bbox 3 967 1231 1080; baseline 0.008 -38"><span class='ocrx_word' id='word_1_26' title='bbox 3 987 5 1042; x_wconf 71' lang='lat' dir='ltr'><strong>z</strong></span> <span class='ocrx_word' id='word_1_27' title='bbox 89 967 196 1049; x_wconf 89' lang='lat' dir='ltr'>oritur</span> <span class='ocrx_word' id='word_1_28' title='bbox 225 967 566 1076; x_wconf 78' lang='lat' dir='ltr'>impedimentum</span> <span class='ocrx_word' id='word_1_29' title='bbox 597 969 807 1070; x_wconf 75' lang='lat' dir='ltr'>dirimam,</span> <span class='ocrx_word' id='word_1_30' title='bbox 842 970 949 1078; x_wconf 91' lang='lat' dir='ltr'>quod</span> <span class='ocrx_word' id='word_1_31' title='bbox 980 969 1131 1052; x_wconf 90' lang='lat' dir='ltr'>dicitur</span> <span class='ocrx_word' id='word_1_32' title='bbox 1150 1001 1231 1080; x_wconf 82' lang='lat' dir='ltr'>pu-</span> 
     </span>
     <span class='ocr_line' id='line_1_6' title="bbox 3 1077 1227 1216; baseline 0.006 -39"><span class='ocrx_word' id='word_1_33' title='bbox 3 1077 5 1148; x_wconf 58' lang='lat'><em>3</em></span> <span class='ocrx_word' id='word_1_34' title='bbox 89 1101 196 1182; x_wconf 81' lang='lat' dir='ltr'>lltcce</span> <span class='ocrx_word' id='word_1_35' title='bbox 225 1101 462 1204; x_wconf 73' lang='lat' dir='ltr'>honestatis,</span> <span class='ocrx_word' id='word_1_36' title='bbox 496 1102 560 1184; x_wconf 89' lang='lat' dir='ltr'>vel</span> <span class='ocrx_word' id='word_1_37' title='bbox 568 1104 763 1210; x_wconf 80' lang='lat' dir='ltr'>justitiae</span> <span class='ocrx_word' id='word_1_38' title='bbox 776 1106 969 1216; x_wconf 77' lang='lat' dir='ltr'>publicae</span> <span class='ocrx_word' id='word_1_39' title='bbox 989 1106 1227 1207; x_wconf 71' lang='lat' dir='ltr'>honestatis,</span> 
     </span>
     <span class='ocr_line' id='line_1_7' title="bbox 3 1229 1228 1344; baseline 0.005 -30"><span class='ocrx_word' id='word_1_40' title='bbox 3 1229 5 1292; x_wconf 78' lang='grc' dir='ltr'>ἶ</span> <span class='ocrx_word' id='word_1_41' title='bbox 89 1237 126 1314; x_wconf 89' lang='lat' dir='ltr'>de</span> <span class='ocrx_word' id='word_1_42' title='bbox 151 1261 227 1344; x_wconf 93' lang='lat' dir='ltr'>quo</span> <span class='ocrx_word' id='word_1_43' title='bbox 258 1262 336 1316; x_wconf 93' lang='lat' dir='ltr'>nos</span> <span class='ocrx_word' id='word_1_44' title='bbox 365 1235 576 1318; x_wconf 90' lang='lat' dir='ltr'>locuturos</span> <span class='ocrx_word' id='word_1_45' title='bbox 606 1263 697 1318; x_wconf 85' lang='lat' dir='ltr'>esse</span> <span class='ocrx_word' id='word_1_46' title='bbox 727 1238 768 1318; x_wconf 93' lang='lat' dir='ltr'>in</span> <span class='ocrx_word' id='word_1_47' title='bbox 800 1237 1031 1320; x_wconf 90' lang='lat' dir='ltr'>hocTitulo</span> <span class='ocrx_word' id='word_1_48' title='bbox 1052 1239 1092 1320; x_wconf 92' lang='lat' dir='ltr'>in</span> <span class='ocrx_word' id='word_1_49' title='bbox 1115 1248 1228 1320; x_wconf 89' lang='lat' dir='ltr'>ante·</span> 
     </span>
     <span class='ocr_line' id='line_1_8' title="bbox 88 1369 1231 1480; baseline 0.004 -33"><span class='ocrx_word' id='word_1_50' title='bbox 88 1395 228 1450; x_wconf 86' lang='lat' dir='ltr'>cessum</span> <span class='ocrx_word' id='word_1_51' title='bbox 258 1369 542 1478; x_wconf 80' lang='lat' dir='ltr'>promisimus,</span> <span class='ocrx_word' id='word_1_52' title='bbox 576 1371 666 1451; x_wconf 91' lang='lat' dir='ltr'>Hoc</span> <span class='ocrx_word' id='word_1_53' title='bbox 696 1397 721 1451; x_wconf 92' lang='lat' dir='ltr'>a</span> <span class='ocrx_word' id='word_1_54' title='bbox 755 1371 915 1479; x_wconf 89' lang='lat' dir='ltr'>juristis</span> <span class='ocrx_word' id='word_1_55' title='bbox 957 1373 1231 1480; x_wconf 88' lang='lat' dir='ltr'>communiter</span> 
     </span>
     <span class='ocr_line' id='line_1_9' title="bbox 87 1500 1226 1614; baseline 0.001 -35"><span class='ocrx_word' id='word_1_56' title='bbox 87 1500 271 1584; x_wconf 87' lang='lat' dir='ltr'>definitur:</span> <span class='ocrx_word' id='word_1_57' title='bbox 310 1534 328 1577; x_wconf 86' lang='lat'><strong>‹</strong></span> <span class='ocrx_word' id='word_1_58' title='bbox 349 1503 550 1610; x_wconf 90' lang='lat' dir='ltr'>quaedam</span> <span class='ocrx_word' id='word_1_59' title='bbox 581 1504 698 1610; x_wconf 85' lang='lat' dir='ltr'>quasi</span> <span class='ocrx_word' id='word_1_60' title='bbox 721 1503 898 1585; x_wconf 85' lang='lat' dir='ltr'>affinitas</span> <span class='ocrx_word' id='word_1_61' title='bbox 919 1513 1010 1586; x_wconf 88' lang='lat' dir='ltr'>orta</span> <span class='ocrx_word' id='word_1_62' title='bbox 1028 1531 1080 1584; x_wconf 89' lang='lat' dir='ltr'>ex</span> <span class='ocrx_word' id='word_1_63' title='bbox 1100 1531 1226 1614; x_wconf 89' lang='lat' dir='ltr'>spon-.</span> 
     </span>
     <span class='ocr_line' id='line_1_10' title="bbox 91 1634 1229 1743; baseline 0.004 -31"><span class='ocrx_word' id='word_1_64' title='bbox 91 1634 267 1716; x_wconf 78' lang='lat' dir='ltr'>»salibus</span> <span class='ocrx_word' id='word_1_65' title='bbox 298 1636 348 1716; x_wconf 90' lang='lat' dir='ltr'>de</span> <span class='ocrx_word' id='word_1_66' title='bbox 379 1635 518 1717; x_wconf 84' lang='lat' dir='ltr'>loturo</span> <span class='ocrx_word' id='word_1_67' title='bbox 547 1634 611 1714; x_wconf 90' lang='lat' dir='ltr'>vel</span> <span class='ocrx_word' id='word_1_68' title='bbox 640 1655 691 1716; x_wconf 84' lang='lat' dir='ltr'>cx</span> <span class='ocrx_word' id='word_1_69' title='bbox 725 1635 986 1717; x_wconf 89' lang='lat' dir='ltr'>matrimonio</span> <span class='ocrx_word' id='word_1_70' title='bbox 1026 1637 1076 1717; x_wconf 91' lang='lat' dir='ltr'>de</span> <span class='ocrx_word' id='word_1_71' title='bbox 1111 1663 1229 1743; x_wconf 87' lang='lat' dir='ltr'>prae·</span> 
     </span>
     <span class='ocr_line' id='line_1_11' title="bbox 92 1767 1231 1876; baseline 0.003 -30"><span class='ocrx_word' id='word_1_72' title='bbox 92 1767 213 1848; x_wconf 78' lang='lat' dir='ltr'>&gt;senti</span> <span class='ocrx_word' id='word_1_73' title='bbox 244 1768 430 1849; x_wconf 90' lang='lat' dir='ltr'>nondum</span> <span class='ocrx_word' id='word_1_74' title='bbox 462 1775 747 1848; x_wconf 89' lang='lat' dir='ltr'>consummato</span> <span class='ocrx_word' id='word_1_75' title='bbox 778 1767 884 1848; x_wconf 87' lang='lat' dir='ltr'>inter</span> <span class='ocrx_word' id='word_1_76' title='bbox 917 1768 977 1849; x_wconf 92' lang='lat' dir='ltr'>sic</span> <span class='ocrx_word' id='word_1_77' title='bbox 1016 1771 1231 1876; x_wconf 88' lang='lat' dir='ltr'>copulatos</span> 
     </span>
     <span class='ocr_line' id='line_1_12' title="bbox 89 1899 1232 2010; baseline 0.008 -36"><span class='ocrx_word' id='word_1_78' title='bbox 89 1901 278 1982; x_wconf 78' lang='lat' dir='ltr'>»obstans</span> <span class='ocrx_word' id='word_1_79' title='bbox 309 1899 500 2008; x_wconf 83' lang='lat' dir='ltr'>conjugio</span> <span class='ocrx_word' id='word_1_80' title='bbox 531 1926 673 1981; x_wconf 89' lang='lat' dir='ltr'>eorum</span> <span class='ocrx_word' id='word_1_81' title='bbox 704 1928 799 1982; x_wconf 85' lang='lat' dir='ltr'>curn</span> <span class='ocrx_word' id='word_1_82' title='bbox 831 1901 1071 1982; x_wconf 77' lang='lat' dir='ltr'>alterutrius</span> <span class='ocrx_word' id='word_1_83' title='bbox 1102 1903 1232 2010; x_wconf 90' lang='lat' dir='ltr'>partis</span> 
     </span>
     <span class='ocr_line' id='line_1_13' title="bbox 89 2024 1233 2142; baseline 0.01 -36"><span class='ocrx_word' id='word_1_84' title='bbox 89 2033 428 2142; x_wconf 76' lang='lat' dir='ltr'>»consanguineis</span> <span class='ocrx_word' id='word_1_85' title='bbox 448 2033 737 2115; x_wconf 82' lang='lat' dir='ltr'>contrahendo</span> <span class='ocrx_word' id='word_1_86' title='bbox 758 2024 1136 2142; x_wconf 84' lang='lat' dir='ltr'>›lrnpedimentum</span> <span class='ocrx_word' id='word_1_87' title='bbox 1154 2035 1233 2118; x_wconf 84' lang='lat' dir='ltr'>hoo</span> 
     </span>
     <span class='ocr_line' id='line_1_14' title="bbox 86 2163 1234 2275; baseline 0.009 -34"><span class='ocrx_word' id='word_1_88' title='bbox 86 2163 280 2250; x_wconf 90' lang='lat' dir='ltr'>inductum</span> <span class='ocrx_word' id='word_1_89' title='bbox 312 2168 388 2250; x_wconf 86' lang='lat' dir='ltr'>fuit</span> <span class='ocrx_word' id='word_1_90' title='bbox 422 2167 513 2275; x_wconf 85' lang='lat' dir='ltr'>lega</span> <span class='ocrx_word' id='word_1_91' title='bbox 552 2165 853 2270; x_wconf 90' lang='lat' dir='ltr'>Romanorum,</span> <span class='ocrx_word' id='word_1_92' title='bbox 898 2195 949 2248; x_wconf 84' lang='lat' dir='ltr'>ex</span> <span class='ocrx_word' id='word_1_93' title='bbox 989 2194 1037 2249; x_wconf 92' lang='lat' dir='ltr'>eo</span> <span class='ocrx_word' id='word_1_94' title='bbox 1077 2169 1234 2251; x_wconf 88' lang='lat' dir='ltr'>scilicet</span> 
     </span>
     <span class='ocr_line' id='line_1_15' title="bbox 86 2301 1231 2412; baseline 0.003 -32"><span class='ocrx_word' id='word_1_95' title='bbox 86 2302 175 2405; x_wconf 91' lang='lat' dir='ltr'>quod</span> <span class='ocrx_word' id='word_1_96' title='bbox 187 2301 228 2383; x_wconf 93' lang='lat' dir='ltr'>in</span> <span class='ocrx_word' id='word_1_97' title='bbox 239 2301 397 2411; x_wconf 89' lang='lat' dir='ltr'>nuptiis</span> <span class='ocrx_word' id='word_1_98' title='bbox 412 2301 701 2384; x_wconf 80' lang='lat' dir='ltr'>contrahendis</span> <span class='ocrx_word' id='word_1_99' title='bbox 716 2326 799 2382; x_wconf 91' lang='lat' dir='ltr'>non</span> <span class='ocrx_word' id='word_1_100' title='bbox 810 2302 945 2384; x_wconf 89' lang='lat' dir='ltr'>solum</span> <span class='ocrx_word' id='word_1_101' title='bbox 961 2304 1231 2412; x_wconf 88' lang='lat' dir='ltr'>spectandum</span> 
     </span>
     <span class='ocr_line' id='line_1_16' title="bbox 85 2435 1235 2546; baseline 0.004 -33"><span class='ocrx_word' id='word_1_102' title='bbox 85 2435 128 2517; x_wconf 90' lang='lat' dir='ltr'>sit</span> <span class='ocrx_word' id='word_1_103' title='bbox 152 2439 259 2546; x_wconf 93' lang='lat' dir='ltr'>quod</span> <span class='ocrx_word' id='word_1_104' title='bbox 279 2439 413 2540; x_wconf 88' lang='lat' dir='ltr'>liceat,</span> <span class='ocrx_word' id='word_1_105' title='bbox 437 2437 654 2519; x_wconf 89' lang='lat' dir='ltr'>sedetiam</span> <span class='ocrx_word' id='word_1_106' title='bbox 675 2437 784 2544; x_wconf 91' lang='lat' dir='ltr'>quod</span> <span class='ocrx_word' id='word_1_107' title='bbox 805 2435 1023 2518; x_wconf 89' lang='lat' dir='ltr'>honestum</span> <span class='ocrx_word' id='word_1_108' title='bbox 1044 2438 1235 2520; x_wconf 88' lang='lat' dir='ltr'>videatur</span> 
     </span>
     <span class='ocr_line' id='line_1_17' title="bbox 85 2570 1232 2681; baseline -0.001 -29"><span class='ocrx_word' id='word_1_109' title='bbox 85 2571 165 2678; x_wconf 77' lang='lat' dir='ltr'>Lep.</span> <span class='ocrx_word' id='word_1_110' title='bbox 198 2575 256 2652; x_wconf 78' lang='lat'>42</span> <span class='ocrx_word' id='word_1_111' title='bbox 286 2573 443 2681; x_wconf 79' lang='lat' dir='ltr'>Dipcst.</span> <span class='ocrx_word' id='word_1_112' title='bbox 478 2571 528 2652; x_wconf 84' lang='lat' dir='ltr'>de</span> <span class='ocrx_word' id='word_1_113' title='bbox 559 2572 642 2652; x_wconf 80' lang='lat' dir='ltr'>ritu</span> <span class='ocrx_word' id='word_1_114' title='bbox 672 2571 875 2681; x_wconf 80' lang='lat' dir='ltr'>nupticr.;</span> <span class='ocrx_word' id='word_1_115' title='bbox 914 2570 1053 2652; x_wconf 90' lang='lat' dir='ltr'>minus</span> <span class='ocrx_word' id='word_1_116' title='bbox 1094 2581 1232 2653; x_wconf 87' lang='lat' dir='ltr'>autern</span> 
     </span>
     <span class='ocr_line' id='line_1_18' title="bbox 85 2700 1232 2812; baseline 0.005 -32"><span class='ocrx_word' id='word_1_117' title='bbox 85 2700 286 2786; x_wconf 87' lang='lat' dir='ltr'>honesturn</span> <span class='ocrx_word' id='word_1_118' title='bbox 318 2705 454 2787; x_wconf 89' lang='lat' dir='ltr'>visum</span> <span class='ocrx_word' id='word_1_119' title='bbox 484 2713 547 2786; x_wconf 87' lang='lat' dir='ltr'>est</span> <span class='ocrx_word' id='word_1_120' title='bbox 566 2730 674 2804; x_wconf 86' lang='lat' dir='ltr'>eam,</span> <span class='ocrx_word' id='word_1_121' title='bbox 699 2730 805 2812; x_wconf 88' lang='lat' dir='ltr'>quae</span> <span class='ocrx_word' id='word_1_122' title='bbox 825 2704 952 2785; x_wconf 85' lang='lat' dir='ltr'>semel</span> <span class='ocrx_word' id='word_1_123' title='bbox 973 2731 1040 2787; x_wconf 82' lang='lat' dir='ltr'>ex.</span> <span class='ocrx_word' id='word_1_124' title='bbox 1066 2732 1127 2812; x_wconf 85' lang='lat' dir='ltr'>gr.</span> <span class='ocrx_word' id='word_1_125' title='bbox 1155 2700 1232 2786; x_wconf 86' lang='lat' dir='ltr'>luit</span> 
     </span>
     <span class='ocr_line' id='line_1_19' title="bbox 84 2837 1233 2944; baseline 0.003 -30"><span class='ocrx_word' id='word_1_126' title='bbox 84 2863 219 2944; x_wconf 87' lang='lat' dir='ltr'>sponsa</span> <span class='ocrx_word' id='word_1_127' title='bbox 250 2839 403 2940; x_wconf 83' lang='lat' dir='ltr'>fratris,</span> <span class='ocrx_word' id='word_1_128' title='bbox 428 2864 600 2920; x_wconf 90' lang='lat' dir='ltr'>uxorem</span> <span class='ocrx_word' id='word_1_129' title='bbox 621 2837 766 2919; x_wconf 87' lang='lat' dir='ltr'>deinde</span> <span class='ocrx_word' id='word_1_130' title='bbox 787 2837 957 2919; x_wconf 90' lang='lat' dir='ltr'>alterius</span> <span class='ocrx_word' id='word_1_131' title='bbox 979 2837 1121 2920; x_wconf 76' lang='lat' dir='ltr'>fratris¹</span> <span class='ocrx_word' id='word_1_132' title='bbox 1136 2838 1233 2938; x_wconf 87' lang='lat' dir='ltr'>dici,</span> 
     </span>
     <span class='ocr_line' id='line_1_20' title="bbox 85 2970 1233 3082; baseline 0 -30"><span class='ocrx_word' id='word_1_133' title='bbox 85 2974 184 3077; x_wconf 85' lang='lat' dir='ltr'>quasi</span> <span class='ocrx_word' id='word_1_134' title='bbox 212 2998 372 3082; x_wconf 87' lang='lat' dir='ltr'>sponsa</span> <span class='ocrx_word' id='word_1_135' title='bbox 400 2973 621 3081; x_wconf 88' lang='lat' dir='ltr'>quamdam</span> <span class='ocrx_word' id='word_1_136' title='bbox 642 2970 791 3052; x_wconf 86' lang='lat' dir='ltr'>habeat</span> <span class='ocrx_word' id='word_1_137' title='bbox 822 2971 965 3052; x_wconf 89' lang='lat' dir='ltr'>uxoris</span> <span class='ocrx_word' id='word_1_138' title='bbox 991 2971 1212 3079; x_wconf 83' lang='lat' dir='ltr'>imaginem</span> <span class='ocrx_word' id='word_1_139' title='bbox 1221 3003 1233 3074; x_wconf 78' lang='lat'>3</span> 
     </span>
     <span class='ocr_line' id='line_1_21' title="bbox 85 3103 1233 3216; baseline 0.002 -34"><span class='ocrx_word' id='word_1_140' title='bbox 85 3103 166 3189; x_wconf 88' lang='lat' dir='ltr'>hino</span> <span class='ocrx_word' id='word_1_141' title='bbox 183 3107 443 3216; x_wconf 91' lang='lat' dir='ltr'>Pomponius</span> <span class='ocrx_word' id='word_1_142' title='bbox 465 3106 507 3188; x_wconf 90' lang='lat' dir='ltr'>in</span> <span class='ocrx_word' id='word_1_143' title='bbox 529 3107 604 3216; x_wconf 79' lang='lat' dir='ltr'>lep.</span> <span class='ocrx_word' id='word_1_144' title='bbox 630 3109 655 3186; x_wconf 88' lang='grc'>8</span> <span class='ocrx_word' id='word_1_145' title='bbox 678 3105 820 3215; x_wconf 80' lang='lat' dir='ltr'>dipest.</span> <span class='ocrx_word' id='word_1_146' title='bbox 840 3105 890 3185; x_wconf 82' lang='lat' dir='ltr'>clo</span> <span class='ocrx_word' id='word_1_147' title='bbox 903 3105 1065 3214; x_wconf 74' lang='lat' dir='ltr'>prodit.</span> <span class='ocrx_word' id='word_1_148' title='bbox 1086 3115 1122 3184; x_wconf 89' lang='lat' dir='ltr'>ot</span> <span class='ocrx_word' id='word_1_149' title='bbox 1138 3109 1233 3214; x_wconf 82' lang='lat' dir='ltr'>uffi-</span> 
     </span>
     <span class='ocr_line' id='line_1_22' title="bbox 84 3239 1234 3342; baseline 0.001 -25"><span class='ocrx_word' id='word_1_150' title='bbox 84 3240 169 3342; x_wconf 64' lang='lat' dir='ltr'>nib„</span> <span class='ocrx_word' id='word_1_151' title='bbox 201 3243 275 3323; x_wconf 91' lang='lat' dir='ltr'>ait:</span> <span class='ocrx_word' id='word_1_152' title='bbox 316 3241 525 3322; x_wconf 80' lang='lat' dir='ltr'>«Servius</span> <span class='ocrx_word' id='word_1_153' title='bbox 556 3247 663 3322; x_wconf 88' lang='lat' dir='ltr'>recte</span> <span class='ocrx_word' id='word_1_154' title='bbox 694 3240 855 3321; x_wconf 87' lang='lat' dir='ltr'>dicebat</span> <span class='ocrx_word' id='word_1_155' title='bbox 874 3239 1004 3320; x_wconf 87' lang='lat' dir='ltr'>soceri</span> <span class='ocrx_word' id='word_1_156' title='bbox 1027 3248 1066 3319; x_wconf 91' lang='lat' dir='ltr'>et</span> <span class='ocrx_word' id='word_1_157' title='bbox 1085 3264 1234 3319; x_wconf 92' lang='lat' dir='ltr'>socrus</span> 
     </span>
     <span class='ocr_line' id='line_1_23' title="bbox 90 3371 1237 3482; baseline -0.001 -29"><span class='ocrx_word' id='word_1_158' title='bbox 90 3381 155 3455; x_wconf 78' lang='lat' dir='ltr'>»et</span> <span class='ocrx_word' id='word_1_159' title='bbox 181 3374 321 3482; x_wconf 86' lang='lat' dir='ltr'>generi</span> <span class='ocrx_word' id='word_1_160' title='bbox 343 3381 383 3454; x_wconf 88' lang='lat' dir='ltr'>et</span> <span class='ocrx_word' id='word_1_161' title='bbox 402 3399 534 3454; x_wconf 91' lang='lat' dir='ltr'>nurus</span> <span class='ocrx_word' id='word_1_162' title='bbox 555 3371 868 3480; x_wconf 89' lang='lat' dir='ltr'>appellationem</span> <span class='ocrx_word' id='word_1_163' title='bbox 889 3371 1012 3452; x_wconf 87' lang='lat' dir='ltr'>etiarn</span> <span class='ocrx_word' id='word_1_164' title='bbox 1034 3397 1085 3450; x_wconf 85' lang='lat' dir='ltr'>ex</span> <span class='ocrx_word' id='word_1_165' title='bbox 1112 3397 1237 3478; x_wconf 91' lang='lat' dir='ltr'>spon·</span> 
     </span>
     <span class='ocr_line' id='line_1_24' title="bbox 90 3503 1230 3614; baseline -0.001 -27"><span class='ocrx_word' id='word_1_166' title='bbox 90 3507 272 3589; x_wconf 86' lang='lat' dir='ltr'>»salibus</span> <span class='ocrx_word' id='word_1_167' title='bbox 301 3505 515 3614; x_wconf 67' lang='lat' dir='ltr'>acquiri.»</span> <span class='ocrx_word' id='word_1_168' title='bbox 550 3505 602 3587; x_wconf 84' lang='lat' dir='ltr'>Et</span> <span class='ocrx_word' id='word_1_169' title='bbox 632 3503 836 3612; x_wconf 87' lang='lat' dir='ltr'>Ulpianus</span> <span class='ocrx_word' id='word_1_170' title='bbox 873 3504 947 3612; x_wconf 75' lang='lat' dir='ltr'>lep.</span> <span class='ocrx_word' id='word_1_171' title='bbox 984 3505 1008 3582; x_wconf 89' lang='grc'><strong>6</strong></span> <span class='ocrx_word' id='word_1_172' title='bbox 1040 3505 1127 3584; x_wconf 85' lang='lat' dir='ltr'>eod.</span> <span class='ocrx_word' id='word_1_173' title='bbox 1163 3507 1230 3586; x_wconf 81' lang='lat' dir='ltr'>tit.</span> 
     </span>
     <span class='ocr_line' id='line_1_25' title="bbox 89 3632 1236 3745; baseline 0.002 -27"><span class='ocrx_word' id='word_1_174' title='bbox 89 3637 262 3720; x_wconf 77' lang='lat' dir='ltr'>&lt;Generi</span> <span class='ocrx_word' id='word_1_175' title='bbox 293 3645 333 3720; x_wconf 87' lang='lat' dir='ltr'>et</span> <span class='ocrx_word' id='word_1_176' title='bbox 363 3632 496 3720; x_wconf 90' lang='lat' dir='ltr'>nurus</span> <span class='ocrx_word' id='word_1_177' title='bbox 517 3635 786 3745; x_wconf 84' lang='lat' dir='ltr'>appellatione</span> <span class='ocrx_word' id='word_1_178' title='bbox 808 3663 987 3743; x_wconf 86' lang='lat' dir='ltr'>sponsus</span> <span class='ocrx_word' id='word_1_179' title='bbox 1014 3662 1174 3745; x_wconf 88' lang='lat' dir='ltr'>quoque</span> <span class='ocrx_word' id='word_1_180' title='bbox 1196 3647 1236 3720; x_wconf 88' lang='lat' dir='ltr'>et</span> 
     </span>
     <span class='ocr_line' id='line_1_26' title="bbox 92 3769 1235 3880; baseline -0.001 -29"><span class='ocrx_word' id='word_1_181' title='bbox 92 3797 269 3880; x_wconf 83' lang='lat' dir='ltr'>»sponsa</span> <span class='ocrx_word' id='word_1_182' title='bbox 298 3772 574 3854; x_wconf 88' lang='lat' dir='ltr'>continentur:</span> <span class='ocrx_word' id='word_1_183' title='bbox 595 3771 696 3852; x_wconf 90' lang='lat' dir='ltr'>itam</span> <span class='ocrx_word' id='word_1_184' title='bbox 717 3770 847 3853; x_wconf 87' lang='lat' dir='ltr'>soceri</span> <span class='ocrx_word' id='word_1_185' title='bbox 869 3777 909 3851; x_wconf 90' lang='lat' dir='ltr'>et</span> <span class='ocrx_word' id='word_1_186' title='bbox 929 3797 1074 3870; x_wconf 89' lang='lat' dir='ltr'>socrus</span> <span class='ocrx_word' id='word_1_187' title='bbox 1096 3769 1235 3878; x_wconf 87' lang='lat' dir='ltr'>appel·</span> 
     </span>
     <span class='ocr_line' id='line_1_27' title="bbox 90 3881 1228 4016; baseline -0.002 -30"><span class='ocrx_word' id='word_1_188' title='bbox 90 3904 266 3988; x_wconf 77' lang='lat' dir='ltr'>»latione</span> <span class='ocrx_word' id='word_1_189' title='bbox 287 3881 535 4016; x_wconf 75' lang='lat' dir='ltr'>sponsorum</span> <span class='ocrx_word' id='word_1_190' title='bbox 556 3921 745 4013; x_wconf 89' lang='lat' dir='ltr'>parentes</span> <span class='ocrx_word' id='word_1_191' title='bbox 766 3903 965 3985; x_wconf 89' lang='lat' dir='ltr'>contineri</span> <span class='ocrx_word' id='word_1_192' title='bbox 987 3905 1189 3986; x_wconf 89' lang='lat' dir='ltr'>videntur.</span> <span class='ocrx_word' id='word_1_193' title='bbox 1211 3937 1228 3976; x_wconf 84' lang='lat'><strong>»</strong></span> 
     </span>
     <span class='ocr_line' id='line_1_28' title="bbox 3 4035 1234 4148; baseline -0.002 -30"><span class='ocrx_word' id='word_1_194' title='bbox 3 4107 4 4140; x_wconf 69' lang='lat'><em>;</em></span> <span class='ocrx_word' id='word_1_195' title='bbox 86 4035 190 4140; x_wconf 78' lang='lat' dir='ltr'>Quod</span> <span class='ocrx_word' id='word_1_196' title='bbox 211 4039 549 4148; x_wconf 89' lang='lat' dir='ltr'>impedimentum</span> <span class='ocrx_word' id='word_1_197' title='bbox 571 4045 708 4118; x_wconf 90' lang='lat' dir='ltr'>ortum</span> <span class='ocrx_word' id='word_1_198' title='bbox 729 4063 780 4115; x_wconf 85' lang='lat' dir='ltr'>ex</span> <span class='ocrx_word' id='word_1_199' title='bbox 801 4036 1066 4144; x_wconf 88' lang='lat' dir='ltr'>sponsalibus</span> <span class='ocrx_word' id='word_1_200' title='bbox 1087 4036 1234 4117; x_wconf 87' lang='lat' dir='ltr'>deinde</span> 
     </span>
     <span class='ocr_line' id='line_1_29' title="bbox 3 4167 1233 4274; baseline -0.005 -20"><span class='ocrx_word' id='word_1_201' title='bbox 3 4167 4 4226; x_wconf 66' lang='lat'>³</span> <span class='ocrx_word' id='word_1_202' title='bbox 87 4171 217 4274; x_wconf 82' lang='lat' dir='ltr'>potiori</span> <span class='ocrx_word' id='word_1_203' title='bbox 242 4199 299 4254; x_wconf 73' lang='lat' dir='ltr'>¹eu</span> <span class='ocrx_word' id='word_1_204' title='bbox 328 4171 485 4254; x_wconf 90' lang='lat' dir='ltr'>ratione</span> <span class='ocrx_word' id='word_1_205' title='bbox 515 4169 731 4253; x_wconf 87' lang='lat' dir='ltr'>extensum</span> <span class='ocrx_word' id='word_1_206' title='bbox 763 4178 826 4249; x_wconf 92' lang='lat' dir='ltr'>est</span> <span class='ocrx_word' id='word_1_207' title='bbox 855 4169 906 4250; x_wconf 87' lang='lat' dir='ltr'>ad</span> <span class='ocrx_word' id='word_1_208' title='bbox 924 4168 1233 4250; x_wconf 85' lang='lat' dir='ltr'>matrimonium</span> 
     </span>
     <span class='ocr_line' id='line_1_30' title="bbox 88 4300 1239 4412; baseline -0.003 -27"><span class='ocrx_word' id='word_1_209' title='bbox 88 4310 208 4388; x_wconf 85' lang='lat' dir='ltr'>ratum</span> <span class='ocrx_word' id='word_1_210' title='bbox 239 4331 320 4388; x_wconf 92' lang='lat' dir='ltr'>non</span> <span class='ocrx_word' id='word_1_211' title='bbox 351 4310 698 4404; x_wconf 88' lang='lat' dir='ltr'>consummatum,</span> <span class='ocrx_word' id='word_1_212' title='bbox 733 4311 779 4384; x_wconf 93' lang='lat' dir='ltr'>ut</span> <span class='ocrx_word' id='word_1_213' title='bbox 809 4309 920 4412; x_wconf 86' lang='lat' dir='ltr'>patet</span> <span class='ocrx_word' id='word_1_214' title='bbox 950 4327 998 4383; x_wconf 86' lang='lat' dir='ltr'>ex</span> <span class='ocrx_word' id='word_1_215' title='bbox 1019 4300 1239 4408; x_wconf 82' lang='lat' dir='ltr'>Rescripta</span> 
     </span>
     <span class='ocr_line' id='line_1_31' title="bbox 87 4435 1354 4550; baseline -0.005 -32"><span class='ocrx_word' id='word_1_216' title='bbox 87 4435 253 4520; x_wconf 86' lang='lat' dir='ltr'>Zenonis</span> <span class='ocrx_word' id='word_1_217' title='bbox 287 4436 547 4550; x_wconf 85' lang='lat' dir='ltr'>Imperatoris</span> <span class='ocrx_word' id='word_1_218' title='bbox 587 4437 662 4547; x_wconf 81' lang='lat' dir='ltr'>lep.</span> <span class='ocrx_word' id='word_1_219' title='bbox 705 4439 730 4517; x_wconf 90' lang='lat'>8</span> <span class='ocrx_word' id='word_1_220' title='bbox 766 4435 942 4518; x_wconf 80' lang='lat' dir='ltr'>Codicis.</span> <span class='ocrx_word' id='word_1_221' title='bbox 986 4435 1036 4516; x_wconf 85' lang='lat' dir='ltr'>de</span> <span class='ocrx_word' id='word_1_222' title='bbox 1076 4435 1239 4516; x_wconf 79' lang='lat' dir='ltr'>incestis</span> <span class='ocrx_word' id='word_1_223' title='bbox 1351 4473 1354 4479; x_wconf 94' lang='lat'><em>·</em></span> 
     </span>
    </p>
   </div>
   <div class='ocr_carea' id='block_1_3' title="bbox 0 0 1572 5138">
    <p class='ocr_par' dir='ltr' id='par_1_3' title="bbox 0 0 1572 5138">
     <span class='ocr_line' id='line_1_32' title="bbox 0 0 1572 5138; baseline 0 0"><span class='ocrx_word' id='word_1_224' title='bbox 0 0 1572 5138; x_wconf 95' lang='lat' dir='ltr'> </span> 
     </span>
    </p>
   </div>
  </div>
 </body>
</html>
