3360 5126
403 375 406 382 ⁴
532 393 632 438 mann
654 393 684 437 v.
711 407 751 418 -
776 391 916 438 mrunus
939 391 1045 438 xxvn.
1314 369 1384 436 305

204 518 349 600 Clerici
386 519 590 598 interdum
630 516 1053 613 excommunicantur,
1102 515 1164 596 vel
1204 542 1380 622 suspen-

204 653 372 754 duntur,
407 651 471 732 vel
502 651 815 750 interdicuntur,
850 658 971 757 atque
1007 649 1213 730 interdum
1247 649 1379 731 etiam

177 789 478 897 deponuntur,
511 787 657 866 merito
690 813 798 866 nunc
833 792 1091 893 praesentem
1114 785 1250 865 'addit
1283 786 1380 865 titu-

202 923 304 1023 lum,
339 921 436 1028 quia
466 920 709 1030 quandoque
740 921 976 1026 contingere
1006 919 1129 1017 solet,
1170 927 1212 1000 ut
1233 919 1376 999 Clerici

201 1054 267 1134 isti
300 1053 489 1162 depositi,
525 1054 884 1154 excommunicati,
918 1052 1127 1161 suspensi,
1166 1053 1229 1134 vel
1256 1052 1379 1132 inter-

202 1187 297 1268 dicti
323 1188 538 1288 celebrent,
563 1198 602 1269 et
623 1189 772 1270 divinis
794 1188 940 1270 officiis
961 1215 1006 1270 sc
1028 1189 1232 1296 ingerant,
1260 1193 1380 1296 prout

151 1329 154 1333 ’
202 1328 323 1402 antea
352 1323 619 1430 peragebant.
1191 1312 1195 1318 ’

238 1437 240 1442 “
287 1442 522 1564 Antequam
555 1483 649 1537 vero
679 1458 728 1537 de
759 1458 918 1566 poenis,
952 1458 1103 1566 quibus
1135 1457 1379 1564 hujusmodi

202 1590 345 1672 Clerici
377 1592 571 1690 subsunt,
605 1591 839 1700 loquamur,
873 1592 1174 1692 haudinutile,
1226 1598 1265 1672 et
1309 1619 1381 1670 su·

202 1725 407 1832 perfluum
439 1727 528 1825 erit,
563 1725 653 1808 heio
683 1727 814 1808 obiter
849 1737 1104 1834 praenotare,
1148 1727 1257 1834 quod
1300 1725 1383 1805 sub

203 1860 327 1941 verbo
357 1860 537 1971 deposito
569 1861 611 1940 in
642 1862 845 1970 superiori
873 1861 1042 1942 rubrica
1063 1860 1247 1942 adhibito
1269 1887 1382 1941 eom·

146 2005 148 2010 '
201 1993 477 2102 prehendatur
506 1995 643 2094 etiam,
679 2003 719 2076 et
747 1997 1080 2104 subintelligatur
1111 1997 1287 2076 verbum
1313 2021 1381 2076 sn·

201 2155 357 2236 sponse,
391 2155 467 2209 eeu
498 2137 611 2210 notat
642 2137 785 2210 auctor
815 2130 930 2210 Huth
960 2131 1153 2236 inquiens
1187 2174 1244 2191 -
1269 2132 1381 2209 Dum

201 2266 281 2344 erit
299 2261 515 2344 innodatas
531 2264 962 2366 excommunicatione,
974 2266 1234 2372 suspensione
1250 2261 1374 2369 (quae

202 2393 268 2476 hie
299 2396 489 2478 convenit
519 2421 616 2478 eum
647 2397 932 2504 depositione).

288 2531 379 2612 Hoc
411 2531 557 2639 raptim
580 2539 819 2638 praenotato
846 2531 1073 2639 quaeritur,
1098 2556 1301 2638 quaenam
1324 2531 1377 2609 sit
1533 2553 1536 2558 ·
1678 2507 1679 2532 ἶ

201 2691 334 2772 poena
365 2666 510 2746 Clerici
543 2665 730 2773 depositi,
767 2665 836 2773 qui
867 2666 1087 2764 ministrat,
1137 2672 1177 2745 et
1216 2669 1377 2771 exercet

203 2806 340 2879 actum
372 2799 544 2898 ordiniS,
578 2799 641 2878 vel
679 2799 874 2899 oflicii,a
919 2827 999 2909 quo
1044 2799 1226 2908 dejectus
1272 2797 1384 2878 luit?

203 2933 329 3041 Resp.
365 2933 549 3014 Clericus
581 2932 810 3039 deposituS,
836 2932 922 3014 sive
943 2933 1162 3014 verbaliter
1183 2932 1382 3040 degrada-

202 3073 285 3164 tus,
321 3067 425 3146 idest
455 3073 654 3173 perpetuo
686 3073 869 3146 remotus
900 3068 952 3146 ab
973 3067 1202 3164 ordinibuS,
1228 3073 1267 3146 et
1288 3090 1382 3171 gra·
1424 3079 1425 3082 '

203 3197 325 3278 dibus
357 3197 657 3279 Ecclesiastiois
689 3205 855 3305 propter
884 3200 1055 3300 crimen,
1099 3198 1135 3278 si
1176 3197 1382 3279 celebrare

204 3331 368 3430 audeat,
403 3331 467 3412 vel
499 3339 638 3412 actum
669 3331 841 3431 ordiniS,
876 3341 947 3413 aut
977 3332 1118 3431 officii,
1153 3359 1178 3410 a
1208 3359 1289 3438 quo
1320 3338 1382 3409 est

203 3465 431 3572 deposituS,
466 3491 672 3566 exercere,
708 3465 771 3545 vel
803 3465 844 3544 in
867 3492 915 3546 eo
937 3465 1170 3547 ministrare
1194 3471 1381 3560 attentet,

204 3599 554 3681 excommunicari
586 3601 707 3681 debet
738 3601 789 3681 ad
821 3602 1027 3682 tramitem
1073 3602 1176 3710 Cep.
1215 3599 1384 3706 Siquis

179 3757 182 3762 ·
204 3735 435 3848 Episcopus
458 3737 499 3834 1,
525 3742 561 3815 et
587 3735 693 3844 Cup.
718 3763 800 3842 seq.
827 3736 869 3817 l.
895 3744 923 3818 t.
959 3737 1077 3830 Quod
1109 3737 1144 3814 si
1177 3734 1270 3814 inde
1301 3759 1383 3812 non

203 3871 438 3978 resipiscat,
477 3866 664 3952 sed'imo
697 3871 989 3978 incorrigibilis
1031 3851 1224 3968 extiterit,
1268 3868 1386 3946 invo-

204 4009 295 4084 cato
328 4005 494 4087 brachio
542 4004 746 4086 saeculari
794 4007 937 4113 poenis
984 4003 1293 4112 temporalibus
1345 4011 1384 4081 et

203 4138 444 4244 pracsertim
467 4139 590 4219 exilio
623 4145 685 4219 est
712 4138 965 4220 multandus
991 4141 1056 4220 lta
1082 4139 1186 4248 Cep.
1211 4141 1257 4235 2,
1282 4134 1323 4214 b.
1350 4143 1378 4213 t.

203 4279 239 4350 et
275 4273 379 4384 Cap.
419 4279 442 4354 1
467 4273 516 4354 de
541 4273 627 4380 Off.
643 4272 742 4380 jud.
768 4271 881 4372 ord,
904 4282 943 4354 et
969 4275 1074 4354 Cen.
1103 4277 1177 4370 19,
1202 4295 1313 4352 cens.
1333 4273 1382 4368 2,

204 4432 244 4510 q.
275 4407 315 4487 1.
342 4405 578 4488 Notandum
600 4413 738 4487 tamen
762 4405 828 4488 hio
849 4415 925 4507 est,
950 4408 1057 4515 quod
1081 4403 1264 4488 nonnulli
1287 4397 1381 4481 DD.
