3136 5138
333 380 395 444 154
618 383 910 438 renunucrrouus
933 385 1026 436 rums
1049 382 1215 436 cnuomor

335 521 427 628 ejus
457 501 747 598 substantialia
776 512 888 613 velit;
921 513 1098 595 conditio
1130 519 1268 594 autem
1299 514 1349 593 de
1370 512 1499 593 resol-

337 653 468 734 vendo
500 649 691 756 conjugio
732 673 805 754 per
844 646 1092 728 adulterium
1132 646 1353 755 opponitur
1392 645 1500 726 bono

334 783 597 868 sacramenti.
632 781 689 861 At
718 781 753 862 si
785 805 982 888 expressa
1002 780 1072 860 illa
1092 779 1270 862 conditio
1291 780 1340 859 de
1360 781 1505 858 matri-

338 918 477 1000 monio
498 918 551 998 ob
574 914 820 996 adulterium
843 915 1102 995 dissolvendo
1125 913 1312 1023 apposita
1333 912 1503 993 minime

338 1051 475 1152 tuerit,
510 1046 790 1158 quamtumvis
821 1046 1109 1128 contrahentes
1136 1045 1177 1125 in
1198 1071 1246 1127 eo
1268 1045 1419 1127 fuerint
1440 1072 1506 1124 er-

337 1211 442 1284 rore,
477 1191 523 1263 ut
553 1179 803 1261 matrimonii
825 1179 1036 1262 vinculum
1057 1206 1129 1288 per
1150 1180 1397 1260 adulterium
1418 1179 1506 1258 dis-

338 1318 442 1398 solvi
473 1323 627 1424 posset,
652 1313 920 1394 nihilominus
940 1314 1055 1394 locus
1077 1322 1139 1395 est
1160 1312 1501 1422 praesumptioni,

341 1460 399 1552 ut,
433 1453 531 1532 dum
562 1448 888 1548 matrimonium,
922 1457 1044 1556 prout
1064 1475 1089 1528 a
1109 1447 1271 1528 Christo
1292 1447 1501 1528 istitutum

339 1586 429 1686 luit,
455 1584 557 1664 inire
578 1582 810 1683 voluerunt,
835 1583 933 1664 illud
956 1583 1124 1663 omnino
1146 1591 1404 1690 perpetuum,
1437 1609 1502 1681 ac,

340 1697 629 1800 interveniente
661 1715 784 1795 etiam
824 1715 1039 1816 adulterio,
1083 1713 1302 1795 insolubile
1338 1721 1504 1794 contra-

340 1852 435 1932 here
481 1848 699 1949 voluerint3
753 1843 1012 1955 praevalente
1062 1848 1257 1930 nimirum
1303 1849 1502 1956 generali,

338 2010 464 2092 quam
502 1981 698 2079 diximus,
745 1981 955 2062 voluntate
995 1981 1044 2062 de
1085 1981 1345 2061 matrimonio
1381 1980 1508 2086 juxta

337 2115 487 2197 Christi
505 2113 804 2194 institutionem
822 2113 1153 2221 ineund0,eaque
1165 2113 1368 2222 privatum
1383 2112 1503 2192 illum

337 2276 520 2331 errorem
551 2249 852 2356 quodammodo
884 2250 1142 2332 absorbente:
1168 2275 1249 2356 quo
1270 2249 1330 2348 fit,
1350 2255 1395 2327 ut
1415 2273 1509 2326 ma-

340 2383 578 2466 trimonium
619 2382 676 2463 ita
715 2389 985 2484 contractum,
1028 2383 1211 2464 validum
1255 2383 1507 2489 firmumque

342 2524 519 2598 maneat.
555 2515 690 2608 Quam
721 2514 947 2595 doctrinam
979 2524 1121 2596 secuta
1161 2524 1222 2596 est
1261 2540 1425 2622 semper
1457 2540 1507 2594 ac

338 2656 575 2732 constanter
605 2647 876 2754 Congregatio
897 2651 942 2730 S.
964 2649 1112 2750 Officii,
1137 2649 1296 2757 quoties
1317 2675 1409 2728 sese
1429 2649 1507 2730 ob·

340 2783 434 2865 tulit
464 2781 688 2863 decidenda
707 2781 897 2863 validitas
916 2781 1166 2863 matrimonii
1188 2783 1253 2862 vel
1274 2781 1379 2862 inter
1399 2783 1509 2862 duos

336 2916 587 2998 Calvinistas
617 2913 681 2993 vel
712 2913 816 2994 inter
845 2913 1128 3016 Calvinistam‚
1163 2914 1334 3023 quitali
1366 2940 1507 2996 errore

340 3049 477 3130 infecti
510 3055 607 3128 sunt
638 3054 677 3126 et
698 3045 954 3129 Catholicum
976 3057 1096 3155 prout
1116 3074 1164 3128 eo
1186 3049 1262 3128 looi
1284 3047 1407 3128 relert
1429 3049 1512 3128 Bc-

339 3181 526 3263 nedictus
557 3179 656 3258 XIV
687 3181 755 3260 cit.
791 3180 865 3260 loc.
900 3181 1014 3262 Haec
1045 3189 1183 3262 autem
1205 3181 1344 3262 omnia
1364 3181 1506 3262 valent

340 3318 501 3397 ratione
524 3315 870 3426 praesumptionis
902 3315 1013 3394 etin
1042 3315 1146 3425 soro
1187 3322 1371 3414 eaetcrn03
1406 3342 1509 3395 nam

339 3449 382 3527 in
414 3449 501 3528 foro
532 3448 690 3528 interno
712 3447 747 3526 si
772 3455 945 3553 utraque
966 3446 1294 3528 contrahentium
1316 3474 1413 3556 pars
1435 3461 1512 3529 aut

340 3608 425 3661 una
444 3581 590 3661 saltem
612 3580 732 3660 vellet
753 3580 991 3662 contrahere
1012 3609 1107 3663 eum
1124 3607 1259 3662 errore
1276 3581 1386 3662 circa
1406 3584 1513 3672 sub,-

336 3714 536 3794 stantiam
567 3714 630 3793 vel
661 3713 770 3794 circa
792 3741 922 3794 unum
944 3741 994 3794 ex
1016 3716 1136 3796 bonis
1162 3713 1512 3796 substantialibus

340 3845 605 3946 matrimonii,
640 3845 823 3953 adeoque
854 3847 1058 3930 insisteret
1088 3847 1130 3927 in
1161 3847 1239 3929 hoc
1265 3873 1402 3928 errore
1424 3876 1512 3930 non

334 3989 641 4081 contracturus
676 3979 711 4060 si
743 3979 861 4060 aliter
881 4007 946 4062 res
971 4009 1016 4062 se
1037 3982 1219 4083 haberet,
1245 3989 1290 4063 ut
1309 3981 1390 4063 dici
1412 4010 1513 4091 pos-

335 4122 403 4195 set
423 4139 536 4195 error
556 4113 622 4194 hio
642 4141 733 4194 esse
755 4141 835 4196 non
858 4115 1139 4198 concomitans
1155 4117 1227 4198 sed
1243 4117 1509 4216 antecedens,

339 4255 442 4328 tunc
473 4247 515 4326 in
547 4247 633 4328 foro
665 4247 938 4332 conscientiae
968 4247 1046 4330 hoc
1067 4249 1377 4342 matrimonium
1399 4261 1514 4333 esset
