3380 5132
5 2804 17 3162 ¹

563 471 662 518 mena
685 471 715 517 v.
742 487 784 502 --
809 474 950 522 erratus
974 477 996 521 1.
1348 460 1368 524 7

191 595 446 704 acquirebat,
470 621 545 677 seu
577 597 627 677 de
657 598 795 700 mode,
821 625 902 708 quo
926 601 968 680 in
995 602 1200 708 judicium
1223 603 1369 714 hujus-

190 731 301 810 modi
334 730 480 812 dclicta
500 731 823 814 deducebantur.
850 735 1080 818 Videamus
1101 738 1239 846 itaque
1270 742 1368 848 quid

190 863 244 943 sit
265 863 473 964 delictum,
500 865 748 975 quotuplicis
770 869 948 974 generiS,
974 877 1014 951 et
1039 871 1207 979 quinam
1240 873 1367 956 delin-

190 1023 315 1104 quere
346 997 520 1105 possint.
1132 1097 1136 1104 ¹

277 1129 467 1212 Dubitari
498 1131 669 1212 minime
700 1139 849 1240 potest,
873 1140 983 1242 quod
1004 1163 1279 1247 unaquaeque
1300 1141 1367 1222 lex

190 1264 267 1343 rite
298 1263 383 1345 lata
401 1265 590 1346 subditos
611 1265 779 1374 obligat,
802 1269 922 1350 atad
944 1271 1034 1378 ejus
1056 1297 1245 1354 normam
1267 1301 1368 1357 suas

192 1397 373 1479 actiones
390 1399 853 1507 componant.Dubitari
866 1403 1019 1510 pariter
1033 1403 1203 1485 minime
1215 1414 1364 1513 potest,

192 1534 300 1639 quad
322 1532 387 1612 lex
419 1533 521 1614 haec
542 1523 725 1640 obbligat
755 1535 795 1615 in
819 1536 1086 1618 conscientia.
1111 1537 1173 1617 Dc
1203 1538 1366 1646 legibus

191 1665 356 1768 divinis,
382 1667 468 1747 sive
499 1667 774 1767 naturalibuS,
800 1668 889 1749 sive
910 1669 1103 1777 positivis
1134 1671 1175 1751 id
1196 1672 1366 1755 minime

191 1801 500 1908 ambigendum.
537 1802 750 1910 Siquidem
797 1801 990 1885 Christus
1039 1803 1189 1888 diserte
1234 1806 1362 1888 dixit:

189 1933 239 2014 Si
268 1935 327 2015 cis
357 1935 415 2014 ad
445 1935 571 2016 eitam
604 1935 765 2044 ingredi
792 1962 920 2020 saroa.
944 1937 1156 2036 mandata,
1193 1946 1233 2020 et
1252 1939 1367 2048 Apo-

190 2068 320 2149 stolus
351 2069 579 2178 praecepit:
611 2069 766 2152 Eantes
798 2069 934 2152 docete
976 2098 1111 2154 omnes
1155 2081 1361 2182 pentes...

190 2227 355 2282 seruare
384 2205 525 2283 omnia
560 2229 833 2310 qaaecumque
877 2204 1074 2286 mandavi
1120 2205 1244 2285 cobis.
1280 2206 1367 2288 Nec

191 2337 343 2444 pariter
373 2337 648 2418 dubitandum
680 2345 743 2418 est
773 2337 822 2419 de
853 2337 1017 2444 legibus
1047 2337 1259 2440 humanis,
1280 2339 1366 2421 sive

190 2469 506 2574 EcclesiasticiS,
531 2471 618 2552 sive
650 2470 855 2554 civilibus.
882 2471 1227 2580 Quandoquidem
1256 2473 1368 2554 Pau-

190 2607 256 2686 las
287 2605 343 2686 ad
372 2607 492 2686 Rom.
531 2609 604 2706 13,
640 2615 687 2686 o.'
717 2611 764 2707 1,1
791 2610 904 2706 aa
934 2605 1106 2704 3,··haec
1129 2607 1361 2713 praedicat:

193 2741 334 2822 Omnis
366 2740 509 2819 anima
537 2739 806 2850 potestatibus
831 2738 1158 2856 ¹sublimioribus
1203 2740 1367 2821 subdita

189 2877 294 2956 sit...
316 2875 388 2981 qai
419 2874 571 2953 resistit
585 2873 805 2983 potestati,
830 2874 912 2958 Dei
933 2873 1135 2956 volantati
1156 2875 1362 2957 resistit...

189 3010 260 3116 qui
289 3015 424 3088 autem
446 3009 652 3108 resistant,
679 3007 758 3118 ipsi
786 3007 876 3085 sibi
897 3006 1201 3097 damantionem
1223 3010 1366 3115 acqui-

191 3149 339 3222 rant...
377 3140 466 3221 ideo
497 3143 730 3220 necessitate
754 3138 918 3219 xsubditi
934 3146 1069 3222 'estote
1114 3151 1193 3222 aon
1219 3141 1364 3231 [solam

183 3282 355 3386 propter
387 3276 511 3376 iram,
544 3273 768 3354 sedetiam
791 3279 971 3384 propter¹
994 3274 1295 3388 conscientiam.

278 3409 367 3490 Hac
398 3408 448 3489 de
489 3433 532 3486 re
563 3413 688 3514 patet,
724 3433 833 3504 eum,
869 3406 939 3513 qui
984 3405 1116 3511 legem
1163 3405 1358 3503 divinam,

190 3542 279 3620 sive
310 3540 552 3638 naturalem,
589 3539 675 3620 sive
707 3539 939 3647 positivam,
966 3537 1039 3618 vel·
1061 3537 1193 3645 legem
1216 3538 1364 3630 hnma-

190 3699 306 3774 nam,
339 3673 426 3754 sive
458 3673 807 3773 Ecclesiasticam,
841 3671 929 3752 sive
960 3671 1122 3752 civilem
1149 3679 1366 3778 ‘transgre-

192 3808 301 3888 ditur
331 3807 638 3908 committendo,
663 3808 771 3915 quod
797 3806 871 3886 lex.
891 3812 1014 3904 vetat,
1042 3813 1114 3888 aut
1144 3805 1367 3886 omittendo

191 3943 299 4049 quod
330 3943 395 4022 lex
425 3941 558 4048 jubet,
583 3947 798 4048 peccatum
830 3939 978 4039 facere,
1008 3939 1131 4019 modo
1163 3939 1306 4038 libere,
1330 3947 1368 4020 et

191 4075 420 4157 voluntarie
443 4085 554 4182 agat,
579 4075 666 4155 sive
688 4075 811 4155 modo
832 4071 1086 4171 commissio,
1112 4071 1173 4152 vel
1197 4070 1367 4152 omissio

189 4209 244 4291 sit
293 4211 371 4318 ipsi
421 4207 691 4318 imputabilis
743 4208 964 4289 Peccatum
1018 4213 1155 4288 autern
1204 4205 1367 4286 divinae

189 4351 351 4425 tanturn
399 4341 546 4424 ultioni
587 4348 838 4441 reservatur,
878 4340 928 4420 de
975 4367 1106 4449 eoque
1147 4347 1279 4448 potest
1309 4339 1366 4418 vin

189 4474 267 4557 hoc
299 4475 455 4557 mundo
501 4475 717 4558 dumtaxat
753 4473 939 4581 judicare
985 4473 1119 4554 Mater
1165 4471 1364 4570 Ecclesia,
