3136 5138
309 365 369 428 188
592 376 885 428 rnnuuuorronus
907 377 1000 428 runis
1024 377 1193 428 cnuouror

311 508 534 588 nilominus
563 506 785 586 tenendum
805 516 868 587 est
896 505 1018 586 aliam
1049 507 1290 588 sententiam
1323 531 1470 612 negan-

312 655 395 722 tem
416 668 507 722 esse
528 640 848 749 probabiliorem
873 668 955 722 non
976 641 1097 722 modo
1120 668 1171 721 ex
1193 640 1470 748 probabilitate

312 777 557 875 extrinseca,
603 777 676 858 sed
717 803 879 884 quoque
919 805 972 857 ex
1012 777 1295 885 probabilitate
1337 775 1473 856 intrin-

313 937 422 992 seca.
458 909 682 1017 Complexa
711 909 812 991 haee
848 911 1070 1020 propositio
1107 937 1180 1018 per
1215 919 1353 1018 partes
1388 935 1473 1016 pro·

317 1045 450 1124 batur.
476 1044 528 1124 Et
554 1043 756 1152 imprimis
788 1071 870 1125 non
900 1071 1124 1152 possumus
1155 1045 1358 1150 denegare
1387 1069 1474 1150 pro·

314 1176 567 1258 habilitatem
607 1177 833 1257 sententiae
874 1178 1132 1278 affirmantis
1176 1203 1301 1286 quam
1337 1202 1474 1258 euneo-

311 1307 454 1388 dimus
471 1308 607 1415 potius
625 1334 675 1388 ex
693 1310 951 1412 auctoritate,
971 1337 1092 1417 quam
1117 1337 1169 1390 ex
1189 1310 1363 1409 ratione,
1387 1335 1473 1389 oum

318 1441 456 1549 plures
478 1441 560 1523 sint
580 1442 777 1524 Doctores
794 1451 833 1524 et
849 1444 1012 1551 quidem
1036 1445 1175 1550 magni
1198 1443 1392 1545 neminie,
1411 1443 1472 1551 qui

313 1601 408 1654 eam
450 1582 602 1675 tenent,
637 1583 676 1655 et
707 1603 788 1654 non
830 1576 1078 1656 destituatur
1117 1576 1327 1684 aliquibus
1362 1601 1477 1682 argu-

227 1745 229 1750 ·
317 1707 483 1808 mentis
508 1734 612 1815 quae
633 1716 771 1790 tamen
801 1708 837 1789 si
860 1709 1055 1790 'intimius
1080 1711 1379 1819 expendantur,
1403 1736 1475 1789 uon

319 1843 509 1923 videntur
547 1841 698 1922 habere
739 1868 938 1950 magnum
973 1845 1169 1924 valorem.
1203 1845 1260 1924 At
1289 1851 1313 1924 ὲ
1345 1850 1476 1924 eontra

320 1975 523 2057 sententia
539 2002 694 2082 negans
710 1985 772 2056 est
793 1977 1064 2078 communior,
1089 2003 1235 2085 nempe
1256 1977 1379 2084 longe
1399 2001 1478 2056 ma-

312 2111 447 2217 jorem
471 2135 688 2190 numerum
714 2112 944 2191 Auetorum
966 2111 1253 2219 complectens,
1283 2111 1393 2218 quod
1412 2135 1477 2190 nee
1548 2205 1549 2208 p

321 2245 373 2322 ab
396 2241 495 2349 ipsis
517 2241 764 2324 adversariis
786 2243 1027 2348 denegatum
1047 2245 1119 2358 sed
1141 2243 1266 2324 etiam
1286 2251 1373 2324 tam
1393 2267 1477 2350 gra·

323 2378 444 2459 vibus
485 2377 674 2457 innititur
710 2377 962 2476 rationibuS,
1003 2404 1108 2486 quae
1148 2377 1317 2458 omnino
1353 2377 1480 2457 decre·

319 2513 450 2596 toriae
490 2539 581 2592 esse
622 2512 809 2593 videntur
850 2521 889 2592 et
928 2511 1048 2594 hodie
1090 2521 1134 2594 ut
1174 2520 1285 2593 oerta
1326 2519 1479 2592 senten-

322 2647 381 2728 tia
410 2643 599 2724 habenda
628 2653 703 2725 est.
738 2641 899 2733 Revera
931 2645 1109 2751 primum
1141 2654 1430 2752 argumentum
1458 2669 1478 2718 a

324 2776 694 2884 Sohmalzgrueber
708 2777 882 2856 relatum
900 2777 940 2856 b.
966 2787 994 2858 t.
1015 2803 1124 2858 nuru.
1147 2779 1201 2858 60
1219 2777 1344 2858 habet
1364 2799 1477 2858 suum

324 2910 501 3018 ponduS,
546 2933 691 3016 nempe
734 2909 1010 2990 inlrabilitates
1052 2911 1203 2991 incurri
1244 2937 1407 3018 quoque
1435 2905 1479 2985 ab

324 3045 625 3154 ignorantibus
659 3045 765 3151 'quia
805 3045 880 3124 etsi
921 3046 1166 3153 quandoque
1205 3043 1384 3126 habeant
1423 3069 1479 3122 ra·
1547 3069 1548 3074 ‘

323 3184 476 3262 tionem
507 3205 676 3288 poenae,
709 3205 855 3287 nempe
886 3179 1068 3260 inflictae
1102 3179 1184 3301 sint
1225 3187 1390 3287 propter
1418 3177 1480 3257 de·

325 3315 482 3414 lictum,
516 3321 653 3393 tamen
682 3321 781 3393 sunt
811 3311 1064 3393 conditiones
1104 3313 1365 3394 annullantes
1393 3335 1481 3392 eon·

324 3456 500 3527 tractum
517 3445 875 3546 matrimonialem,
895 3445 1013 3553 quale
1035 3445 1189 3527 esthon
1210 3445 1394 3527 oriminis
1414 3443 1481 3522 im-

326 3579 619 3686 pedimentum.
645 3577 727 3657 Sed
757 3577 869 3685 quod
897 3587 1185 3685 argumentum
1219 3605 1309 3659 meo
1336 3573 1479 3686 judieio

328 3713 367 3791 in
405 3710 582 3791 themate
623 3710 726 3790 tollit
766 3737 1069 3820 quamcumque
1110 3711 1391 3794 difficultatem
1428 3713 1482 3787 est

324 3869 517 3950 sequens,
553 3841 758 3923 Omnibus
789 3842 1011 3925 latentibus
1042 3843 1118 3926 hoe
1154 3844 1480 3952 impedimentum
1546 3897 1547 3902 a

324 3987 389 4058 est
419 3976 633 4058 inductum
664 3975 706 4056 in
738 4001 928 4085 poenam;
964 3986 1003 4058 et
1034 3987 1121 4059 esto
1148 3978 1269 4085 juxta
1299 3978 1482 4058 Doctores

326 4109 554 4190 sententiae
570 4111 759 4218 negantis
779 4112 833 4192 sit
854 4138 986 4220 poena
1006 4112 1332 4194 extraordinaria
1348 4131 1481 4214 nempe
1546 4091 1547 4158 ἶ

231 4347 233 4354 y
323 4243 579 4341 exorbitem,
602 4251 641 4324 et
651 4243 770 4351 juxta
785 4243 983 4326 Doctores
1004 4245 1230 4327 sententiae
1253 4237 1481 4324 affirmantis

328 4376 382 4458 sit
413 4403 490 4457 non
521 4404 632 4458 meru
658 4405 806 4488 proauo,
841 4378 912 4458 sed
945 4375 1097 4484 aliquid
1130 4377 1323 4486 ampliuS,
1348 4393 1480 4478 nempe
