3178 5134
453 395 560 446 iruna
583 395 630 444 iv.
654 412 674 426 -
697 393 836 444 rrruuus
858 394 904 444 ru.
1201 377 1266 440 207
1393 457 1397 465 ⁵

115 555 131 594 ν
147 521 421 629 pedimentum
440 521 592 630 opponi
609 519 826 628 conjugiiS,
846 544 1096 628 quamquam
1111 517 1147 598 si
1163 544 1262 600 con-

115 688 130 727 >
144 655 254 762 jugia
283 653 590 755 contrahantur,
624 652 759 734 adhuc
784 654 877 760 jure
907 653 1190 735 consistant.»

212 789 275 871 2.⁰
306 789 411 870 Cum
450 797 535 870 tam
575 788 655 868 late
696 795 851 895 pateret
889 785 966 868 hoc
1006 787 1261 892 cognationis

112 920 323 1028 spiritualis
353 921 691 1029 impedimentum
722 922 881 1004 censuit
911 919 1140 1001 Concilium
1170 921 1263 1002 Tri-

112 1054 310 1136 dentinum
330 1055 430 1136 illud
451 1055 711 1162 restringere,
735 1057 844 1164 quod
865 1053 1066 1164 praestitit
1084 1080 1180 1135 sess.
1205 1057 1261 1134 24

112 1215 189 1299 caup.
222 1191 248 1268 2
279 1189 329 1268 de
360 1189 530 1299 reform.
564 1195 746 1271 matrim.
781 1190 1046 1299 praemittens
1086 1189 1163 1271 hoc
1192 1217 1262 1297 ge-

112 1323 232 1402 ncrale
271 1323 535 1431 principium:
584 1323 756 1404 «Docet
800 1323 1052 1431 experientia
1098 1331 1263 1432 propter

111 1453 401 1536 multitudinem
430 1455 754 1562 prohibitionum
785 1455 994 1536 multoties
1024 1455 1066 1536 in
1093 1455 1261 1538 casibus

112 1587 310 1692 prohibitis
341 1589 577 1695 ignoranter
597 1588 782 1670 contrahi
804 1588 1080 1690 matrimonia,
1106 1591 1148 1670 in
1170 1591 1261 1698 qui-

113 1721 180 1802 bus
195 1722 255 1802 vel
271 1749 354 1804 non
370 1723 459 1804 sine
475 1748 625 1830 magno
641 1731 807 1832 peccato
824 1730 1123 1830 perseveratur,
1134 1723 1197 1804 vel
1214 1751 1262 1804 ea

113 1881 180 1936 non
208 1857 295 1938 sine
326 1883 478 1963 magno
499 1857 692 1940 scandalo
715 1857 978 1938 dirimuntur.
1005 1891 1022 1932 »
1047 1857 1258 1938 Limitatio

115 2014 194 2069 reru
224 1989 332 2070 lacta
362 1997 424 2072 est
452 1989 530 2072 hoc
560 1991 695 2090 modu,
720 1999 760 2072 et
780 1989 915 2071 hodie:
949 2035 969 2050 -
1003 1991 1041 2068 l⁰
1062 1989 1260 2096 Cognatio

19 2181 21 2216 3
111 2120 323 2226 spiritualis
354 2121 562 2204 inducitur
601 2122 843 2230 simpliciter
884 2148 934 2202 ex
975 2123 1180 2228 baptismo
1221 2133 1261 2204 et

19 2285 21 2350 3
112 2253 419 2354 confirmatione,
453 2281 534 2336 non
565 2261 704 2336 autem
745 2283 796 2336 ex
838 2254 929 2335 aliis
969 2254 1252 2352 sacramentis,

19 2465 20 2472 a
112 2411 226 2494 neque
256 2413 309 2466 ex
343 2387 543 2496 suppletis
579 2387 847 2469 caeremoniis
887 2386 1080 2498 baptismi
1122 2397 1259 2468 manet

19 2561 20 2568 κ
110 2517 431 2628 impedimentum
461 2524 570 2630 quod
601 2522 828 2630 antiquitus
858 2493 944 2603 erat
963 2522 1184 2632 prohibens
1206 2548 1260 2602 aa

109 2655 334 2734 catechismo
365 2665 639 2766 nuncupatam
669 2683 722 2736 aa
752 2685 842 2768 cap.
870 2657 956 2738 δὴ.
983 2665 1011 2737 t.
1047 2666 1086 2737 et
1116 2661 1257 2767 capi),

110 2785 142 2866 l.
173 2796 202 2868 t.
235 2791 277 2869 in
312 2791 384 2874 VI.
418 2837 438 2850 -
468 2793 509 2870 2⁰
539 2791 729 2880 Procedit
761 2799 898 2874 autem
919 2791 972 2872 ad
993 2793 1162 2872 modum
1180 2820 1258 2904 pa-

110 2923 297 3002 ternitatis
329 2922 433 3004 inter
462 2923 715 3031 baptizatum
745 2925 809 3004 vel
840 2922 1132 3006 confirmatum
1163 2949 1257 3004 cum

111 3050 326 3160 baptizante
357 3056 420 3136 vel
442 3057 722 3160 confirmante,
747 3067 786 3139 et
807 3057 996 3139 similiter
1017 3057 1121 3136 inter
1142 3082 1259 3136 eum·

110 3187 187 3268 dem
215 3190 471 3298 baptizatum
493 3192 555 3271 vel
578 3193 880 3292 confirmatum,
905 3199 944 3272 et
965 3189 1172 3297 patrinum
1194 3189 1257 3268 vel

110 3322 328 3404 matrinam:
363 3325 601 3405 admoram
634 3351 729 3405 vero
770 3324 1118 3434 compaternitatis
1154 3321 1259 3402 inter

112 3465 282 3556 parentes
312 3457 506 3564 baptizati
538 3459 602 3538 vel
633 3459 859 3540 confirmati
892 3483 986 3537 aum
1011 3455 1173 3562 patrino
1195 3456 1257 3538 vel

110 3589 284 3692 matrina,
318 3618 413 3672 cum
445 3591 676 3699 baptizante
707 3591 858 3698 pariter
889 3591 952 3671 vel
973 3589 1253 3672 confirmante.

110 3719 184 3802 Sub
214 3725 378 3806 nomine
409 3751 505 3805 vero
535 3732 750 3833 parentum
781 3724 952 3804 veniunt
983 3732 1171 3831 parentes
1196 3723 1258 3802 in-

110 3851 216 3937 l‘antis
245 3858 455 3940 naturales
486 3857 573 3938 sive
603 3857 773 3964 legitimi
805 3857 833 3936 ii
868 3856 966 3958 sint,
1009 3856 1097 3938 sive
1128 3857 1258 3963 illegi-

109 3985 198 4071 timi.
222 3992 341 4074 Unde
362 4000 454 4100 post
475 3993 761 4074 Tridentinum
783 4019 865 4072 non
885 3989 1132 4072 contrahunt
1152 3989 1258 4072 hanc

109 4125 376 4227 cognationem
410 4125 472 4206 vel
493 4125 688 4207 Petrinus
709 4133 749 4206 et
769 4123 1077 4226 Matrinainter
1096 4151 1156 4223 se,
1181 4149 1256 4204 nec

109 4279 189 4335 uum
204 4257 434 4366 baptizante
452 4267 523 4340 aut
542 4258 825 4359 confirmante3
849 4257 1038 4338 similiter
1059 4282 1140 4336 non
1161 4282 1259 4336 cou-

109 4387 260 4472 trahunt
290 4389 436 4500 patrini
471 4391 533 4472 vel
564 4391 764 4472 matrinae
796 4390 910 4470 liberi
934 4413 1028 4471 cum
1052 4387 1258 4496 baptizato
