3356 5118
496 421 595 466 umas
619 421 650 466 v.
668 438 711 450 -
735 419 875 468 araucas
898 376 1012 468 xxnr.
1282 399 1346 470 361

172 551 273 632 haec
304 555 366 630 est
383 547 481 656 quid
503 545 717 654 spirituale
738 545 962 644 invisibile,
996 546 1168 654 ideoque
1198 545 1347 652 subjici
1395 631 1397 636 ,

173 684 315 793 nequit
344 681 553 764 Ecclesiae
585 679 763 781 visibili;
797 705 879 761 non
906 679 1040 788 quoad
1063 706 1228 788 corpuS,
1253 681 1350 791 quia

174 827 235 900 est
275 817 373 925 quid
414 814 707 913 inanimatum,
746 813 920 921 ideoque
960 812 1135 920 incapax
1178 813 1347 920 subjec-

172 951 312 1034 tionis

261 1083 423 1166 Dicitur
453 1085 699 1182 contumaci,
733 1081 831 1189 quia
852 1101 1028 1162 censura
1053 1107 1105 1160 ex
1137 1061 1285 1181 indole,
1311 1087 1351 1162 ct

178 1226 327 1301 natura
342 1241 421 1300 sua
437 1216 565 1298 fertur
581 1215 632 1295 ad
650 1213 920 1321 frangendam
937 1213 1257 1314 contumaciam,
1272 1241 1347 1295 seu

173 1351 491 1434 inobedientiam
534 1349 663 1451 illius,
706 1349 776 1456 qui
816 1349 994 1430 scienter
1034 1358 1177 1430 contra
1217 1347 1349 1453 legem

172 1486 506 1570 Ecclesiasticam
529 1491 684 1591 peccat,
709 1490 748 1564 et
769 1483 861 1564 ideo
884 1483 935 1562 ab
958 1483 1247 1589 ignorantibus
1269 1507 1350 1562 non

175 1619 415 1702 incurritur.
454 1620 559 1728 Cap.
589 1618 674 1724 fin.
710 1617 759 1698 dc
794 1605 966 1700 Constit.
1005 1621 1045 1698 in
1078 1618 1119 1699 6.

260 1752 424 1834 Dicitur
455 1778 537 1862 por
568 1759 810 1861 potestatem
851 1754 1204 1852 Ecclesiasticum,
1252 1749 1350 1860 quia

173 1901 269 1971 cum
301 1893 484 1995 potestas
514 1912 625 1967 mere
647 1885 872 1968 saecularis
907 1887 1141 1996 spiritualia
1170 1894 1346 1969 tractare

173 2031 350 2130 nequeat
380 2022 432 2102 ad
457 2021 666 2103 tramitem
704 2021 809 2103 Con.
835 2021 1073 2104 Jrcdicutum
1105 2025 1134 2104 5
1165 2021 1259 2104 dist.
1286 2024 1345 2103 89

172 2155 442 2238 Decernimus
471 2157 503 2237 2
534 2153 583 2234 de
602 2152 761 2246 Judic.,
796 2161 978 2262 potestas
1010 2155 1163 2236 ferendi
1199 2155 1350 2234 Censu-

174 2315 268 2371 ram
297 2287 373 2370 soli
406 2285 595 2395 potestati
627 2287 955 2388 Ecclesiasticae,
989 2287 1225 2395 etquidem
1258 2286 1351 2394 jure

174 2422 326 2504 Divino
357 2421 566 2530 competit.
1271 2527 1278 2538 .

260 2557 421 2640 Dicitur
442 2563 582 2638 autem
603 2555 799 2665 aufertur
819 2581 914 2636 usus
935 2555 1206 2664 quorumdum
1228 2555 1349 2636 bono-

175 2718 266 2771 rum
301 2690 602 2799 spiritualium,
646 2689 744 2795 quia
783 2715 958 2770 censura
988 2716 1069 2771 non
1101 2689 1235 2798 privat
1268 2715 1348 2770 usu

175 2820 362 2902 omnium
396 2821 599 2901 bonorum
641 2817 938 2926 spiritualium,
971 2824 1043 2905 sed
1084 2822 1352 2904 solummodo

175 2953 461 3064 quorumdum,
487 2979 663 3060 quorum
684 2952 839 3034 scilicet
869 2953 1118 3062 dispensatio
1140 2957 1352 3038 Ecclesiae

176 3087 409 3170 concredita
440 3095 515 3168 est.
551 3085 672 3180 Quod
696 3092 740 3166 ut
760 3087 886 3192 probe
917 3086 1185 3193 intelligutur,
1210 3089 1351 3169 obser·

176 3222 357 3304 vandum
374 3220 566 3302 ducimus
587 3218 826 3325 hujusmodi
848 3220 957 3300 bona
972 3219 1206 3327 spiritualia
1227 3247 1372 3330 quae-¹

176 3357 269 3437 dam
303 3381 394 3436 esse
419 3355 603 3466 publicu,
643 3352 820 3463 quaein
852 3353 1178 3462 dispensatione,
1211 3363 1251 3436 et
1281 3382 1357 3462 ap·

176 3489 395 3598 plicatione
411 3488 620 3570 Ecclesiae
636 3487 885 3589 consistunt,
906 3487 964 3569 uti
987 3495 1085 3570 sunt
1105 3489 1352 3570 Sacramen-

176 3629 312 3703 torum
335 3621 650 3723 administratio,
671 3631 710 3704 et
731 3621 954 3730 perceptio,
978 3621 1208 3730 spiritualis
1226 3621 1354 3729 juris-

178 3757 315 3858 dictio,
336 3755 534 3838 beneficia
549 3756 845 3856 ecclesiastica,
865 3755 963 3838 item
984 3755 1204 3864 suffragia,
1229 3763 1270 3837 et
1289 3783 1360 3838 sa-

171 3891 446 3993 tisfactiones
472 3917 577 4000 quae
608 3919 681 4001 pro
712 3891 910 3974 omnibus
925 3891 1119 3974 fidelibus
1156 3900 1354 3999 tanquam

179 4049 261 4106 uno
294 4051 464 4134 corpore
494 4025 536 4107 in
568 4025 730 4106 Christo
751 4024 812 4106 ad
842 4023 995 4136 prcs.
1027 4026 1056 4104 4
1088 4023 1140 4104 ab
1169 4023 1360 4104 Ecclesia.

178 4159 423 4260 offeruntur,
457 4160 514 4242 ita
559 4167 605 4241 ut
634 4160 855 4260 orationes,
894 4165 1170 4258 sacramenta,
1205 4164 1243 4238 et
1273 4155 1354 4237 alia

178 4319 318 4400 opera,
351 4321 458 4404 quae
494 4294 599 4375 liunt
640 4295 691 4374 ab
722 4293 934 4392 omnibuS,
978 4292 1135 4402 prosint
1175 4289 1352 4398 singulis

180 4427 229 4508 de
260 4426 459 4528 Ecclesia,
496 4429 659 4538 sintque
686 4429 792 4510 inter
813 4455 883 4511 eos
904 4427 1156 4511 communia.
1178 4427 1284 4510 Hinc
1306 4451 1355 4506 ea
