3380 5132
564 441 662 486 crena
683 440 713 484 v.
740 457 782 468 -—
807 439 946 488 munus
968 441 990 486 ι
1326 423 1369 488 21

193 591 318 676 quam
339 564 557 646 subiturus
580 565 724 646 luisset
746 591 860 666 reuS,
882 566 1053 672 probato
1070 566 1231 648 delicto.
1251 567 1375 675 quue

192 705 395 782 statutum
418 704 480 778 est
500 697 551 778 ad
573 689 889 780 refraenandum
911 700 1183 782 temeritatem
1206 727 1377 784 accusa·

191 838 345 934 torum,
376 859 426 912 ne
447 829 604 912 scilicet
626 830 742 911 facile
775 833 868 939 quis
899 831 1104 938 prosiliret
1136 831 1188 913 ad
1221 859 1376 916 accusa

192 964 362 1048 tionem.
397 965 556 1046 Verum
587 963 708 1046 hodie
729 963 810 1045 ista
831 965 1071 1048 solemnitas
1095 965 1374 1075 inscriptionis

192 1106 232 1180 et
262 1125 394 1208 poena
424 1098 591 1181 talionis
621 1099 664 1180 in
695 1099 782 1179 loro
813 1108 853 1180 et
878 1099 1036 1206 judicio
1062 1100 1266 1182 saeculari
1289 1128 1372 1183 non

193 1240 255 1314 est
286 1232 465 1341 amplius
497 1233 536 1312 in
570 1259 667 1335 usu,
690 1233 762 1314 sed
785 1260 856 1341 per
880 1234 1128 1314 contrariam
1151 1243 1374 1318 consuetu·

192 1365 329 1448 dinem
361 1365 516 1448 abolita
546 1374 622 1468 est,
656 1373 746 1447 tum
777 1366 876 1473 quia
906 1392 979 1473 per
1019 1393 1111 1446 eam
1153 1367 1372 1450 retrahun-

191 1507 260 1582 tur
289 1499 478 1582 homines
509 1499 560 1582 ab
592 1501 840 1598 accusando,
873 1500 1058 1581 nolentes
1089 1501 1131 1580 in
1161 1529 1207 1583 se
1237 1503 1372 1584 susci-

191 1660 287 1741 pere
308 1661 415 1716 onus
436 1635 635 1743 probandi
667 1659 762 1714 cum
786 1643 901 1715 tauto
924 1633 1121 1740 pericula,
1158 1643 1244 1716 turn
1274 1635 1372 1743 quia

191 1795 304 1850 nunc
329 1769 459 1875 judex
489 1797 540 1851 ex
571 1768 706 1851 officio
752 1770 972 1875 procedere
1009 1776 1157 1877 potest,
1191 1771 1227 1849 si
1258 1777 1372 1851 actor

192 1901 233 1982 in
263 1902 506 2010 probatione
537 1903 743 1984 defecerit.
778 1904 822 1982 In
855 1903 942 1983 soro
984 1909 1123 1983 autem
1166 1901 1372 1984 Ecclesia-

190 2035 307 2136 stico,
342 2045 381 2119 et
408 2037 502 2146 juro
533 2037 730 2119 canonico
762 2036 898 2118 adhuc
919 2035 1155 2117 necessaria
1186 2063 1277 2118 esse
1308 2039 1369 2118 vi·

191 2169 322 2271 detur,
356 2197 433 2252 ceu
465 2171 697 2252 desumitur
728 2196 779 2250 ex
811 2197 902 2278 cap.
923 2171 1056 2281 Super
1088 2171 1369 2252 his-ibi-

189 2302 270 2384 Sed
300 2329 389 2386 eum
422 2305 465 2385 in
495 2303 658 2384 modum
689 2305 962 2384 accusationis
993 2311 1149 2414 oportet
1182 2305 1365 2404 inscribi,

189 2445 229 2518 et
259 2464 350 2550 cap.
386 2439 566 2546 qualiter
595 2440 658 2524 24
690 2437 731 2520 h.
752 2445 782 2518 t.
802 2464 930 2547 prope
961 2438 1278 2520 linem-sieut
1299 2465 1369 2520 aa·

189 2573 437 2652 cusationem
454 2573 637 2682 tepitimu
657 2571 769 2653 debet
785 2571 1032 2683 praeoedere
1054 2573 1282 2684 inscriptio.
1303 2573 1369 2654 ld-

188 2727 268 2810 que
300 2729 347 2784 eo
380 2704 442 2784 vel
474 2705 623 2812 magis,
658 2706 756 2814 quia
786 2731 965 2787 canones
995 2732 1169 2814 poenam
1202 2706 1368 2787 talionis

187 2844 418 2945 sanxerunt
449 2839 499 2919 ad
541 2839 749 2922 efficacius
794 2840 1091 2922 removendum
1138 2838 1369 2922 calumnie·

188 2979 312 3074 toreS,
347 2974 457 3055 unde
488 2973 638 3056 dicitur
668 2975 709 3054 in
746 2975 850 3085 Cap.
889 2974 1025 3054 nultus
1065 2979 1130 3058 2.⁰
1151 3001 1263 3056 caus.
1301 2975 1367 3058 4?

188 3116 343 3214 quaest.
381 3107 588 3188 etr-ibi
606 3153 664 3171 -
681 3109 893 3220 inscriptio
908 3110 1049 3219 primo
1078 3133 1237 3219 semper
1261 3108 1364 3214 fiat,

188 3248 231 3322 ut
264 3243 459 3326 tationem
489 3250 707 3324 accusator
728 3243 900 3353 recipiat
913 3271 927 3323 .·
961 3243 1062 3350 quia
1092 3249 1188 3321 ante
1220 3240 1368 3323 ins'eri-

180 3377 363 3487 ptionem
393 3403 508 3458 nemo
533 3375 732 3485 judicari
770 3375 896 3475 debet,
932 3374 992 3455 cet
1023 3374 1235 3474 damnari,
1275 3400 1365 3454 curn

187 3517 225 3587 et
255 3511 411 3591 saeculi
441 3511 544 3620 tapes
577 3511 717 3592 eudem
739 3511 956 3608 retineant,
991 3515 1030 3588 et
1061 3507 1227 3588 tandem
1268 3507 1366 3614 quia

186 3641 401 3724 recentiori
433 3652 617 3752 tempore
647 3644 833 3724 eamdem
866 3641 1121 3723 sanctionem
1153 3639 1366 3723 innovavit

186 3775 289 3858 Pius
321 3778 359 3857 V
392 3779 433 3858 in
465 3777 588 3858 Bulla
612 3778 714 3859 Cum
728 3778 914 3889 primum
944 3777 1146 3857 adversus
1177 3801 1264 3878 eos,
1293 3775 1363 3884 qui

186 3909 365 4019 aliquem
398 3909 740 3993 calumniaverint
761 3911 810 3992 de
831 3909 1002 3990 crimine
1033 3907 1252 4009 simoniae,
1280 3909 1366 3988 bla-

183 4043 412 4151 sphemiae,
448 4053 487 4127 et
517 4045 897 4128 concubinatus-
919 4041 1119 4124 ibi-Si
1148 4041 1282 4149 aliqui
1313 4068 1366 4122 aa

187 4176 395 4261 calumnia
443 4178 604 4289 aliquos
651 4179 909 4262 denuntiasse
949 4175 1145 4287 comperti
1174 4175 1362 4284 suerint,

186 4335 251 4391 eos
280 4311 339 4392 aet
362 4337 543 4424 poenam
572 4312 740 4394 tationis
771 4311 899 4392 teneri
940 4309 1137 4410 uolumus,
1172 4315 1209 4390 et
1249 4336 1366 4391 man·

185 4443 345 4528 damus.
383 4446 520 4540 Quam
563 4446 695 4554 legem
737 4443 985 4526 Canonistae
1026 4442 1279 4525 arbitrantur
1313 4442 1364 4522 ad
