3388 5136
311 387 377 452 120
617 401 886 448 rnnnnuorrouas
909 399 1000 447 rums
1023 397 1179 444 eruemur

311 534 364 614 ab
395 529 610 639 obsequi0,
644 537 684 610 et
715 555 870 609 munus
901 553 926 606 a
956 526 1098 633 lingua
1129 525 1379 609 constituant
1402 555 1493 613 ma-

311 667 473 766 teriam,
507 691 582 744 seu
607 662 792 771 pretium
825 659 1041 760 simoniae,
1075 658 1237 740 nonnisi
1275 661 1491 744 affirmati-

311 828 410 883 vum
441 824 688 907 responsum
720 797 811 878 dari
843 797 977 896 debet,
1012 793 1172 902 quoties
1202 819 1358 876 munus
1388 796 1489 880 illud

309 935 361 1017 ab
392 931 607 1040 obsequie,
632 939 672 1014 et
692 956 718 1011 a
738 931 886 1039 lingua
916 935 1146 1038 praestetur
1171 928 1234 1008 vel
1256 955 1309 1010 ex
1330 929 1486 1033 debito,

309 1095 385 1150 seu
416 1095 469 1167 ex
499 1065 748 1173 obligatione
774 1065 960 1173 justitiae
993 1072 1038 1146 ut
1063 1062 1213 1143 intuitu
1236 1063 1348 1144 illius
1369 1065 1491 1146 detur

309 1200 538 1310 spirituale,
564 1200 627 1280 vel
649 1199 810 1307 quoties
831 1199 972 1279 datum
994 1205 1056 1278 est
1077 1195 1292 1304 spirituale
1313 1224 1387 1304 pro
1417 1199 1489 1280 tali

310 1361 479 1416 munere
511 1334 708 1442 praestito
739 1333 778 1412 vi
820 1332 928 1442 pacti
975 1331 1176 1440 expressi,
1226 1339 1298 1413 aut
1344 1331 1484 1414 taciti:

310 1495 406 1550 nam
440 1469 548 1550 sicut
577 1494 732 1548 munus
763 1494 788 1548 a
818 1492 960 1567 manu,
995 1465 1051 1546 ita
1076 1491 1239 1573 quoque
1261 1491 1416 1546 munus
1437 1467 1488 1547 ab

309 1602 523 1710 obsequie,
544 1609 583 1682 et
604 1627 758 1681 munus
779 1626 804 1680 a
826 1601 970 1708 lingua
990 1607 1052 1680 est
1074 1599 1312 1707 temporale,
1340 1609 1379 1682 et
1398 1627 1490 1707 prc-

310 1735 365 1817 tio
383 1733 652 1835 aestimabile,
667 1760 742 1815 ceu
760 1735 877 1815 docet
892 1732 1131 1815 sThomas
1146 1734 1301 1834 inm,
1314 1762 1381 1842 qu.
1398 1737 1484 1816 100

309 1897 336 1950 a
367 1871 412 1951 5.
451 1923 496 1932 -
521 1869 577 1949 ibi
600 1912 652 1926 -
683 1867 796 1948 Idem
817 1875 889 1965 est,
909 1865 1016 1975 quod
1036 1866 1189 1975 aliquis
1211 1866 1277 1948 det
1298 1893 1384 1948 rem
1403 1869 1488 1977 spi·

310 2004 501 2086 ritualem
529 2029 606 2113 pro
638 2001 778 2110 utiquo
810 2001 996 2108 obsequio
1028 2001 1246 2109 temporali
1283 1999 1482 2099 eaebibito,

310 2137 371 2217 cet
402 2135 645 2238 exhibendo,
679 2163 730 2216 oe
758 2138 797 2217 si
826 2135 944 2216 duret
967 2161 1049 2245 pro
1077 2137 1251 2245 pecunia
1282 2133 1400 2236 dota,
1425 2134 1485 2215 uel

302 2271 528 2382 promisso,
561 2271 661 2378 quio
694 2267 799 2351 illud
828 2269 1060 2377 obsequium
1092 2269 1310 2349 aestimari
1335 2275 1482 2378 posset.

310 2403 417 2483 Hinc
447 2402 482 2482 si
513 2403 585 2481 fiat
614 2429 664 2482 ex
698 2411 831 2509 pactu,
866 2409 906 2482 et
935 2401 1184 2509 obligatione
1206 2400 1392 2508 justitiae
1414 2427 1487 2510 pro

309 2535 447 2644 aliquo
477 2534 681 2642 spirituali
715 2535 798 2615 vim
829 2533 952 2616 habet
984 2536 1100 2643 pretii
1131 2535 1364 2637 simoniaci,
1408 2561 1487 2646 quo

308 2668 522 2778 spirituale
553 2669 718 2750 emitur.

396 2803 459 2881 Ex
476 2802 541 2881 his
558 2809 685 2908 patet,
705 2803 813 2910 quod
830 2801 1019 2884 Simonia
1039 2811 1101 2884 est
1116 2802 1270 2885 servire
1281 2802 1485 2911 Episcopo

309 2933 398 3013 sine
416 2933 582 3036 salarie,
599 2933 660 3014 vel
673 2959 767 3015 cum
779 2935 930 3018 salario
943 2937 1119 3036 modice,
1136 2944 1178 3018 at
1189 2943 1309 3044 pacto
1321 2963 1489 3046 expres-

308 3093 371 3168 so,
405 3067 468 3148 vel
490 3067 627 3169 tacito,
649 3077 693 3150 ut
714 3068 803 3151 loco
835 3069 993 3171 salarii,
1017 3071 1263 3152 beneficium
1294 3069 1484 3153 servienti

309 3201 555 3284 conseratur.
577 3202 736 3284 Verum
757 3204 792 3284 si
816 3204 946 3312 gratis
966 3203 1034 3287 hie
1054 3205 1269 3286 servitium
1291 3213 1484 3313 praestet,

308 3333 371 3416 vel
393 3335 472 3416 sub
493 3362 565 3445 spe
587 3337 797 3418 obtinendi
825 3337 1086 3440 beneficium,
1111 3337 1255 3419 nolens
1277 3347 1414 3419 tamen
1434 3364 1487 3418 ex

302 3469 464 3577 justitia
475 3472 747 3580 Episcopum,
762 3473 826 3553 vel
838 3473 1064 3554 Patronum
1082 3474 1279 3581 obligare,
1301 3481 1398 3554 tuno
1415 3499 1488 3580 per

307 3629 352 3682 so
382 3603 586 3710 loquendo
608 3631 690 3685 non
721 3613 783 3686 est
813 3605 1007 3708 simonia,
1027 3633 1122 3690 cum
1144 3634 1226 3688 non
1257 3613 1489 3716 praestetur

308 3761 461 3818 munus
492 3738 544 3817 ab
576 3739 791 3846 obsequio,
831 3749 877 3822 ut
908 3741 1058 3823 intuitu
1089 3741 1200 3824 illius
1241 3769 1290 3823 ex
1326 3741 1488 3850 justitia

308 3869 427 3952 detur
457 3870 719 3954 beneficium.
755 3873 1056 3957 Verumtamen
1087 3875 1164 3958 hoo
1186 3876 1304 3957 valde
1328 3877 1489 3984 pericu·

307 4003 443 4086 losum
474 4013 552 4108 est,
586 4007 826 4116 praesertim
860 4017 953 4090 ante
984 4009 1243 4092 collationem
1279 4010 1484 4110 beneficii,

306 4144 395 4218 tum
428 4139 526 4248 quia
557 4139 599 4220 in
632 4140 718 4223 loro
749 4150 918 4225 externo
944 4144 1124 4252 speciem
1144 4143 1347 4225 simoniae
1369 4170 1488 4252 prae-

306 4269 447 4372 sefert,
481 4281 521 4354 et
550 4275 794 4358 scandalum
826 4287 1009 4385 generat,
1039 4285 1126 4360 tum
1149 4278 1247 4388 quia
1268 4279 1425 4360 inducit
1445 4278 1486 4358 in

306 4413 522 4514 peceatum
556 4409 804 4518 acceptionis
835 4438 1121 4520 personarum,
1155 4421 1245 4495 tum
1272 4412 1371 4524 quia
1400 4438 1487 4494 ser-
