3264 5146
323 373 365 436 ct
611 389 903 442 ranncncrronus
925 393 1019 444 euers
1045 392 1213 444 canorum

331 517 514 624 exceptis
530 518 833 627 impedimentis
858 531 1034 630 quatuor
1053 522 1354 622 dirimentibus
1377 549 1500 604 nem-

332 677 383 757 pe
414 653 579 752 erroriS,
615 656 748 736 viset
787 665 938 758 metuS,
982 657 1120 739 cultus
1161 657 1415 765 disparitatis
1456 668 1497 738 et·

333 794 477 893 raptus
507 787 556 867 de
587 789 752 896 quibuS,
787 818 883 870 cum
913 817 994 872 non
1020 791 1252 872 habeantur
1274 791 1382 872 tituli
1403 817 1499 899 spe-

333 917 472 1020 ciales,
499 921 539 1002 in
560 921 638 1003 hoc
658 925 791 1031 primo
813 924 931 1004 titulo
951 950 1183 1005 sermonem
1212 924 1494 1006 instituemus

454 1058 540 1136 18.⁰
570 1057 623 1136 Et
652 1059 785 1166 primo
816 1059 865 1139 de
897 1059 1188 1166 impedimento
1219 1060 1384 1140 erroris
1418 1058 1500 1138 Er-

337 1213 427 1266 rare
458 1188 524 1268 ille
554 1190 717 1293 dicitur,
751 1192 820 1300 qui
853 1192 965 1274 aliud
996 1220 1069 1301 pro
1110 1193 1191 1274 alio
1221 1201 1353 1302 putat:
1390 1193 1499 1272 unde

335 1346 449 1401 error
478 1323 613 1405 differt
642 1326 694 1405 ab
725 1325 971 1432 ignorantia,
1005 1327 1103 1434 quia
1132 1327 1233 1408 haec
1263 1335 1325 1408 est
1355 1351 1501 1407 caren-

335 1452 392 1534 tia
421 1455 630 1557 scientiae,
665 1485 779 1540 error
799 1469 938 1540 autem
959 1459 1155 1541 scientiae
1176 1460 1410 1568 oppositae,
1435 1467 1500 1540 est

335 1587 442 1667 enim
475 1589 579 1670 falsa
608 1591 795 1674 scientia.
829 1596 872 1674 In
910 1619 1010 1675 casu
1052 1593 1222 1701 proinde
1263 1599 1500 1674 contractus

335 1723 651 1805 matrimonialis
682 1752 880 1806 erroneus
910 1734 988 1827 est,
1027 1753 1122 1806 cum
1162 1725 1256 1834 quis
1296 1733 1414 1834 putat
1453 1752 1500 1806 se

335 1857 574 1938 contrahere
605 1885 700 1940 cum
731 1859 809 1942 hac
845 1887 1038 1969 persona,
1072 1867 1144 1940 aut
1185 1887 1281 1941 cum
1321 1884 1501 1967 persona

327 1989 488 2070 'talibus
518 1992 788 2098 qualitatibus
817 1995 1019 2101 praedita,
1054 2019 1159 2102 quae
1186 2001 1324 2074 tamen
1346 2017 1395 2072 ea
1416 2018 1499 2072 non

336 2133 413 2226 est,
447 2133 519 2206 aut
549 2127 651 2206 tales
682 2127 899 2235 qualitates
931 2129 1177 2210 nonhabet.
1223 2128 1341 2210 Unde
1381 2153 1497 2208 error

336 2285 427 2338 esse
449 2267 581 2366 potest
598 2261 661 2340 vel
679 2262 793 2342 circo
806 2289 1027 2373 personam
1044 2262 1108 2342 vel
1129 2263 1241 2341 circa
1260 2261 1496 2368 qualitates:

337 2418 427 2472 esse
457 2393 611 2500 pariter
639 2403 774 2502 potest
803 2397 866 2476 vel
898 2396 1148 2495 antecedens,
1177 2393 1247 2502 qui
1270 2391 1379 2474 dedit
1401 2417 1502 2473 cau-

337 2549 428 2603 sam
450 2528 691 2628 contractui,
717 2530 781 2610 vel
803 2533 1075 2612 concomitans
1096 2555 1172 2648 seu
1196 2526 1390 2628 incidens,
1409 2526 1500 2606 sine

337 2685 419 2764 quo
449 2670 683 2742 contractus
714 2663 839 2743 etiam
869 2662 1169 2744 intervenisset.
1214 2663 1341 2742 Porro
1383 2685 1498 2740 error

339 2791 448 2872 circa
477 2819 695 2899 personam
726 2804 788 2876 est
824 2796 1124 2896 substantialis,
1168 2796 1277 2876 unde
1316 2794 1404 2874 sive
1444 2791 1501 2872 sit

338 2929 581 3008 antecedens
612 2929 698 3009 sive
729 2932 1024 3032 concomitans
1058 2930 1146 3012 sive
1177 2927 1382 3010 vincibilis
1412 2927 1501 3007 sive

340 3059 587 3141 invincibilis
629 3063 724 3144 facit
763 3091 926 3173 semper
965 3065 1127 3146 irritum
1168 3061 1495 3161 matrimonium,

340 3197 517 3274 errantis
548 3199 653 3276 enirn
683 3199 817 3278 nntlns
849 3207 905 3278 est
936 3225 1160 3298 consensere,
1195 3205 1241 3278 ut
1265 3203 1426 3278 constat
1447 3222 1500 3274 ex

339 3357 430 3411 eun.
465 3333 492 3410 2
523 3340 678 3440 quaest.
718 3337 734 3412 l
771 3360 882 3414 enus.
908 3335 980 3433 293
1005 3341 1126 3439 atque
1148 3341 1210 3413 est
1230 3329 1504 3439 impedimen·

340 3474 428 3544 tum
460 3464 728 3545 intrinsecum
759 3465 836 3572 ipsi
868 3463 1111 3565 contractui,
1155 3473 1195 3545 et
1231 3464 1338 3571 jutis
1380 3472 1505 3542 natu-

342 3595 441 3675 ralis
471 3603 510 3675 et
540 3597 670 3677 reddit
699 3597 1010 3677 matrimonium
1040 3595 1387 3704 invalidum,‘nisi
1409 3593 1504 3702 quis

341 3755 430 3807 curn
444 3755 625 3839 persone
639 3737 855 3840 praesente
879 3731 1039 3820 QUAE
1044 3729 1293 3820 CUMQUE
1313 3729 1395 3810 EA
1412 3727 1512 3808 SIT

342 3859 580 3943 contrahere
610 3863 744 3943 vellet.
778 3863 904 3943 Error
934 3865 976 3942 in
1002 3861 1167 3944 nomine
1189 3887 1389 3968 personae
1412 3887 1507 3940 cac-

342 3994 529 4102 teroquin
550 4005 671 4076 notae
693 4005 732 4077 et
753 3997 980 4104 praesentis
1000 4023 1083 4077 non
1104 3997 1240 4077 obstat
1260 4021 1311 4074 ex
1333 4021 1422 4105 cop.
1448 3996 1504 4072 20

343 4131 385 4210 h.
421 4137 450 4211 t.
486 4139 525 4212 et
554 4157 607 4210 ex
638 4129 854 4239 Responso
885 4131 929 4213 S.
965 4128 1305 4238 Congregationis
1331 4127 1504 4208 Concilii

343 4265 385 4343 in
400 4267 591 4346 Ronroncc
607 4267 810 4346 nnttnnn's
827 4266 1008 4345 matrim.
1030 4265 1114 4344 diei
1130 4264 1342 4372 9An9usti
1358 4263 1510 4342 1817.-

345 4399 500 4480 Vcrum
535 4427 648 4480 error
679 4400 786 4480 circa
817 4397 1053 4504 qualitatem
1086 4423 1284 4505 personae
1316 4395 1508 4502 (excepto
