3388 5136
336 375 383 440 94
636 393 904 440 rmmnorronns
929 393 1021 439 sunm
1045 389 1200 436 canorum

338 521 446 600 latus
488 527 704 599 accusator
734 519 930 619 aristeae,
965 525 1108 624 postea
1144 515 1285 622 incipit
1315 543 1412 598 cum
1445 547 1515 602 reo

338 653 477 761 inique
517 652 736 752 colludere,
772 677 891 732 veras
932 649 1195 758 probationes
1226 649 1360 730 delicti
1392 653 1516 734 dissi-

338 786 550 885 muland0,
585 784 647 865 vel
679 785 822 887 salsae,
857 792 929 865 aut
960 783 1127 864 frivolas
1148 783 1412 890 exceptiones
1444 787 1516 867 ad-

337 918 551 1018 mittendo,
586 926 625 998 ot
655 917 716 998 sic
746 927 884 1024 partes
911 916 1086 996 fovendo
1108 915 1202 1016 Rei,
1226 916 1346 1022 cujus
1367 918 1516 999 adver·

337 1053 495 1133 sarium
513 1077 558 1131 se
580 1051 750 1131 simulat
771 1053 839 1130 cit.
866 1051 940 1159 lep.
970 1055 1014 1150 1,
1039 1055 1064 1152 ἓ
1083 1055 1111 1129 6
1124 1049 1183 1155 ff.
1203 1048 1259 1128 ad
1278 1050 1383 1132 S.C.
1409 1051 1516 1133 Tur-

329 1185 411 1296 pil.
435 1227 494 1248 -
516 1185 640 1264 ibi-
665 1183 1081 1264 «praevaricatorem
1104 1207 1199 1262 eum
1221 1209 1313 1263 esse
1334 1185 1516 1265 ostendi·

342 1345 491 1418 ›muS‚
516 1317 586 1426 qui
618 1316 787 1398 colludit
817 1342 1020 1416 commo,
1046 1313 1363 1414 ettranslative,
1393 1316 1515 1422 (idest

342 1485 359 1528 ›
380 1453 527 1560 obiter)
550 1478 721 1532 munere
743 1450 966 1531 accusandi
989 1447 1190 1555 fungitur,
1214 1473 1263 1528 eo
1284 1450 1395 1556 quod
1421 1476 1515 1557 pro-

343 1585 493 1692 »prias
534 1585 700 1692 quidem
740 1583 1034 1683 dissimularet
1071 1581 1197 1664 falsas
1226 1607 1325 1662 vero
1357 1584 1414 1663 rei
1445 1609 1516 1664 ex-

343 1718 590 1825 »ceptiones
621 1718 853 1798 admittere
878 1750 916 1798 ›.
953 1715 1143 1797 Concinit
1173 1717 1371 1818 l,eteo:1
1334 1717 1507 1824 etaff.

336 1851 387 1932 de
415 1851 709 1932 Praevaricat.

424 1985 567 2065 Poena
598 1983 937 2091 praevaricatoris
968 1989 1044 2083 est,
1078 1982 1188 2089 quod
1214 1981 1427 2063 contrahat
1450 1982 1515 2062 in-

338 2117 508 2200 famiam
535 2117 642 2225 juris
673 2123 789 2198 textu
812 2143 1009 2226 expresso
1042 2118 1084 2196 in
1116 2117 1191 2226 lep.
1226 2114 1367 2196 Sibis
1400 2119 1428 2195 4
1452 2117 1510 2223 ff.

220 2307 222 2314 ,
336 2250 387 2331 de
426 2247 742 2350 Praevaricat„
761 2277 867 2359 quae
898 2250 1120 2331 secumfert
1150 2249 1510 2356 irregularitatem.

343 2385 448 2465 Can.
487 2385 671 2492 Infames
702 2411 813 2464 cans.
840 2390 885 2482 6,
918 2391 1074 2490 quaest.
1108 2388 1150 2462 1.
1186 2383 1354 2462 Praeter
1374 2389 1515 2463 autem

337 2544 492 2625 poenas
538 2517 641 2598 istas
682 2517 820 2624 puniri
862 2525 997 2625 potest
1040 2517 1346 2626 praevaricator
1390 2516 1515 2597 etiam

336 2677 470 2758 poena
504 2649 832 2732 extraordinaria
872 2652 924 2733 ad
966 2646 1184 2732 arbitrium
1225 2649 1393 2758 judicie,
1437 2675 1513 2731 ceu

336 2791 447 2890 petet
476 2811 530 2864 ex
552 2783 627 2892 lep.
651 2787 693 2884 1,
713 2791 751 2863 et
770 2788 816 2885 2,
832 2785 891 2892 ff.
923 2784 973 2866 dc
992 2785 1286 2894 Praevaricct.
1310 2829 1369 2846 -
1385 2785 1441 2864 ibi
1456 2827 1515 2850 ι-

341 2916 604 2997 <Sciendum
634 2923 712 3018 est,
747 2920 856 3025 quod
887 2917 1009 3000 hodie
1041 2919 1106 3020 iis,
1137 2917 1212 3027 ¹qui
1242 2917 1514 3027 praevaricati

339 3057 490 3151 »sunt
525 3077 659 3157 poena
688 3051 920 3159 injungitur
951 3053 1278 3136 extraordinaria
1297 3085 1335 3130 ›.
1371 3054 1515 3134 Pauca

334 3185 499 3265 tandem
531 3186 581 3265 de
611 3185 1015 3292 tergiversatoribus,

421 3318 703 3426 Tergiversari
727 3319 864 3428 (quasi
887 3328 1051 3427 tergum
1072 3321 1247 3428 vertere)
1270 3327 1333 3402 est
1354 3319 1397 3399 in
1419 3319 1516 3400 uni-

333 3478 516 3552 versum,
550 3453 638 3532 sive
668 3453 835 3535 omnino
866 3453 1204 3560 abac'cusatione
1225 3453 1409 3535 criminis
1441 3455 1516 3535 de-

333 3584 493 3666 sistere.
529 3585 637 3665 Hinc
672 3586 979 3693 tergiversator,
1018 3587 1137 3695 quasi
1173 3596 1290 3696 terga
1328 3594 1510 3690 vertens,

333 3715 485 3797 dicitur
514 3716 596 3817 ille,
620 3718 690 3824 qui
717 3721 769 3800 ab
791 3721 1054 3802 accusatione
1084 3721 1213 3802 semel
1244 3729 1389 3829 coepta
1417 3731 1515 3830 post

334 3849 446 3930 litem
487 3858 756 3933 contestatam
793 3855 955 3936 desistit
995 3855 1070 3964 lep.
1119 3861 1162 3957 1,
1187 3857 1246 3962 ff.
1286 3855 1344 3936 cd
1373 3857 1418 3938 S.
1458 3855 1509 3938 C.

288 4001 290 4004 ’
336 3983 497 4096 Turpit.
521 3985 734 4066 —ibi—
758 4018 776 4064 ‹
797 3989 1080 4096 Tergiversari
1111 3998 1174 4071 est
1204 3991 1247 4069 in
1269 3990 1514 4071 universum

336 4147 354 4191 ‹
376 4118 427 4198 ab
461 4120 724 4202 accusatione
756 4122 969 4204 destistere
989 4154 1026 4204 ›.
1057 4123 1215 4204 Verum
1236 4123 1272 4203 si
1290 4123 1513 4230 negocium

330 4253 608 4333 accusationis
629 4280 712 4335 non
732 4256 908 4357 deserat,
934 4258 1008 4337 sed
1029 4264 1190 4339 tantum
1213 4256 1391 4359 differat,
1411 4263 1515 4339 tunc

331 4408 414 4464 non
443 4385 583 4466 statim
617 4387 675 4468 uti
706 4388 905 4491 desertor,
941 4417 1016 4471 seu
1047 4391 1338 4498 tergiversator
1368 4389 1514 4473 haberi
