3386 5126
1237 24 1244 33 ,
1264 26 1287 29 -..

1305 28 1685 155 ,Ἷ

364 290 432 358 158
665 310 935 357 raascscrmuus
956 309 1050 356 rums
1072 308 1229 354 oanourcr

368 438 504 521 benda
534 434 777 543 theologalis
808 434 1046 541 erigeretur,
1083 433 1152 514 ubi
1191 432 1375 513 nondum
1406 445 1545 518 erecta

364 583 488 654 esset.

451 704 545 784 Huc
566 703 766 810 perventi,
791 728 885 782 cum
904 703 953 782 de
970 700 1177 781 Canonieo
1198 699 1387 808 theologo
1404 730 1541 784 sermo

363 836 565 936 inciderit,
590 863 739 946 operae
761 836 938 944 pretium
970 835 1162 915 ducimus
1184 834 1338 942 aliquid
1360 837 1409 916 de
1431 837 1538 944 ipso,

362 982 403 1052 et
435 975 484 1051 de
515 972 605 1078 ejus
646 971 883 1078 praebenda
917 969 1136 1075 theologali
1168 968 1303 1048 fusius
1333 996 1541 1078 exponere

361 1104 574 1186 distinctis
596 1102 883 1212 paragraphis

893 1566 917 1665 s
955 1564 1011 1640 1³

433 1862 498 1942 Dc
527 1858 801 1948 institutione,
837 1855 1151 1947 introductione,
1187 1855 1460 1964 deputatione,

621 1992 813 2072 electione
847 1990 1050 2070 Cononici
1081 1988 1269 2097 theologi.

447 2310 583 2401 Quam
613 2307 725 2388 cordi
746 2332 911 2413 semper
932 2305 1008 2384 fuit
1028 2303 1252 2404 Ecclesiae,
1277 2311 1318 2384 et
1334 2303 1536 2384 Romanis

360 2440 631 2520 Pontificibus
671 2437 913 2546 propagatio
954 2435 1184 2543 theologiae
1219 2463 1272 2516 ex
1297 2436 1386 2542 jam
1416 2435 1536 2517 dictis

363 2575 630 2657 manifestum
651 2579 796 2673 scatet,
820 2580 860 2652 et
875 2572 1118 2678 praesertim
1136 2598 1188 2651 ex
1209 2569 1332 2651 citato
1354 2569 1536 2652 Concilio

361 2710 554 2788 Lateran.
589 2706 646 2787 IV
676 2706 756 2785 sub
785 2705 1019 2786 Innocentio
1049 2707 1098 2786 111
1127 2705 1347 2806 celebrat0,
1381 2707 1423 2786 in
1453 2731 1534 2812 quo

363 2840 585 2921 salubriter
614 2839 827 2947 provisum
860 2840 949 2938 luit,
985 2847 1032 2920 ut
1062 2839 1103 2919 in
1135 2839 1317 2947 qualibet
1351 2839 1536 2920 Ecclesia

358 2973 677 3082 Metropolitana
697 2975 748 3055 ad
770 2975 1149 3081 interpretationem
1170 2975 1391 3054 Sacrarum
1413 2972 1532 3053 Scri-

358 3119 591 3219 pturarum,
613 3115 734 3216 atquc
750 3110 803 3190 ad
819 3109 1087 3209 edocendum,
1107 3134 1213 3215 quae
1229 3108 1281 3188 ad
1298 3107 1532 3187 animarum

356 3269 501 3324 curam
534 3252 736 3350 spectant,
770 3241 1006 3322 Canonious
1037 3241 1255 3348 theologus
1276 3240 1534 3322 omninoeli-

355 3385 536 3486 geretur,
571 3377 796 3484 assignatis
827 3377 960 3457 eidem
993 3377 1118 3456 unius
1148 3376 1405 3484 praebendae
1431 3377 1531 3457 red-

355 3511 526 3592 ditibus.
553 3510 851 3591 Perfectionem
869 3520 1008 3591 autem
1030 3510 1269 3618 hujusmodi
1291 3508 1534 3617 disciplinae

357 3644 547 3751 adjunxit
576 3643 805 3724 Concilium
836 3645 1127 3726 Tridentinum
1157 3672 1253 3726 sess.
1289 3648 1333 3737 5,
1373 3646 1476 3756 Cap.
1508 3647 1532 3726 1

358 3777 408 3858 de
440 3778 692 3879 Reformat,
725 3804 801 3858 ceu
832 3805 931 3859 mox
962 3779 1193 3863 innuimus,

442 3911 661 4004 Quomodo
679 3937 774 3997 vero
790 3912 1057 3992 canonicatus
1073 3911 1395 4018 hictheologalis
1411 3937 1532 3992 exor-

356 4045 470 4126 dium
501 4045 741 4153 sumpserit,
775 4052 815 4125 et
845 4048 1051 4153 quomodo
1073 4045 1208 4152 ajuro
1229 4023 1440 4126 communi
1462 4044 1535 4126 de-

351 4179 597 4259 terminatus
638 4178 775 4278 fuerit,
809 4178 992 4285 exponit,
1027 4205 1075 4260 ac
1121 4179 1302 4260 declarat
1349 4178 1533 4259 Benedi-

351 4317 443 4390 ctus
473 4310 572 4391 XIV
603 4311 645 4390 in
674 4313 808 4393 Instit.
843 4313 1137 4394 Ecclesiastico
1166 4315 1243 4395 57.
1270 4313 1351 4394 Sed
1373 4338 1535 4394 monu-
