3356 5118
519 487 619 535 mna
641 488 675 535 v.
700 503 742 517 -
766 487 906 536 annuns
928 487 1039 536 xxxix.
1304 471 1369 540 359

544 876 781 960 TITULUS
813 876 1020 962 XXXIX.

232 1147 299 1228 De
325 1145 525 1228 sententia
555 1147 1005 1241 accommnnicutionis,
1037 1151 1328 1261 suspensionis,

636 1287 673 1360 et
706 1279 926 1364 interdicti.

280 1547 507 1656 Postquam
537 1549 813 1632 Decretalium
847 1549 1102 1658 Compilator
1138 1553 1188 1634 de
1228 1554 1371 1663 poenis

191 1680 453 1763 vindicativis
484 1681 582 1788 egit,
608 1681 831 1763 transitum
866 1681 963 1766 facit
992 1684 1044 1766 ad
1074 1711 1230 1793 poenas
1251 1685 1372 1796 spiri-

192 1815 339 1916 tualeS,
376 1814 531 1898 scilicet
561 1841 760 1898 censuras
791 1816 1105 1901 Ecclesiasticus
1135 1818 1247 1902 hunc
1273 1821 1372 1904 titu-

192 1950 281 2032 lum
310 1949 573 2032 subnectens,

280 2084 336 2166 Ut
366 2083 502 2166 lucido
533 2085 677 2166 ordine
708 2083 833 2166 etiam
856 2085 898 2166 in
920 2085 997 2166 hoc
1018 2085 1136 2167 titulo
1167 2087 1368 2194 proceda-

191 2243 301 2319 mus,
341 2243 513 2325 agemus
548 2221 610 2298 l.⁰
630 2219 681 2300 de
712 2219 900 2300 censuris
934 2219 975 2299 in
1005 2245 1181 2325 genere;
1215 2222 1279 2304 2.⁰
1300 2220 1370 2302 de·

189 2352 434 2435 scandentes
466 2351 517 2434 ad
550 2352 710 2461 species
736 2351 852 2460 prius
872 2352 1093 2461 loquemur
1123 2353 1174 2434 de
1205 2379 1372 2436 excom-

191 2485 483 2588 municatione,
518 2486 612 2568 dein
645 2487 696 2568 de
726 2487 1014 2595 suspensione,
1050 2493 1091 2568 et
1126 2489 1290 2570 tandem
1321 2490 1371 2570 de

190 2619 419 2702 interdicto.
455 2621 580 2728 ldque
611 2619 880 2702 absolvemus
917 2618 1120 2702 distinctis
1162 2645 1364 2728 paragra-

187 2751 298 2860 phis.
335 2753 398 2832 Sit
428 2751 557 2858 igitur
661 2737 662 2740 Ὺ

720 3023 746 3122 ἓ
783 3023 842 3100 1.⁸

498 3290 562 3391 Dc
597 3287 790 3370 Censoris
822 3290 865 3370 in
894 3311 1053 3398 penore.

276 3555 484 3640 Cessurae
515 3585 665 3640 nomen
700 3583 728 3638 u
756 3555 954 3640 cernendo
996 3556 1228 3640 derivatum
1271 3556 1369 3638 olim

187 3691 300 3802 apud
329 3689 543 3773 Romanos
573 3692 797 3776 denotabat
828 3697 919 3774 tum
940 3689 1140 3792 officium,
1167 3699 1371 3776 tumsen·

185 3829 357 3908 tentiam
401 3827 591 3910 Censoris
634 3852 773 3909 mores
813 3825 1074 3933 corrigentis,
1114 3833 1154 3906 et
1194 3851 1369 3934 poenam

186 3959 456 4042 decernentis.
491 3959 741 4042 Posterioris
762 3959 1017 4068 acceptionis
1048 3958 1265 4040 occasione
1287 3957 1372 4038 fac·

185 4101 278 4177 tum
308 4101 386 4196 est,
419 4107 466 4176 ut
496 4093 621 4176 etiam
652 4092 773 4176 hodie
805 4119 978 4178 censura
1004 4091 1141 4175 adhuc
1167 4090 1371 4198 significet

186 4227 481 4311 correctionem
511 4227 736 4336 quandam,
771 4234 811 4309 el
842 4225 1100 4334 punitionem
1121 4224 1241 4308 iuxta
1268 4224 1368 4308 illud

104 4465 107 4472 ⁴
184 4362 413 4465 luvenalis
452 4369 594 4472 satyra
627 4365 689 4445 l.⁸
718 4364 809 4444 Dat
851 4361 1011 4444 neniam
1053 4360 1200 4460 cornia
1246 4367 1370 4441 ceant

183 4523 358 4580 censura
388 4497 608 4582 columbas.
661 4495 770 4578 Hinc
816 4502 856 4576 et
902 4493 1089 4578 Ecclesia
1130 4492 1208 4576 hoc
1242 4517 1371 4575 sensu
