3356 5118
303 383 370 453 372
619 407 889 455 rnnanncrrorrns
910 409 1002 456 ruam
1024 407 1181 454 canosum

303 531 392 614 eod.
428 533 492 616 tit.
528 543 564 614 et
600 534 703 646 Cup.
741 541 784 627 7,
819 541 844 639 g
869 537 953 643 fin.
989 535 1039 615 dc
1067 535 1201 618 Elect.
1235 536 1355 628 Quod
1376 539 1481 620 adeo

306 693 447 747 verum
480 675 558 766 est,
583 675 627 748 ut
649 669 1037 770 excommunicatiO,
1061 679 1101 750 et
1121 670 1381 751 interdictum
1408 699 1483 778 ge-

307 801 459 903 ncrale,
492 828 586 884 cum
619 803 779 912 privent
808 804 997 912 pluribus
1022 805 1141 886 bonis
1170 804 1477 914 spiritualibuS,

304 961 532 1045 numquam
561 937 618 1018 uti
651 964 805 1044 poenae
828 937 1113 1039 vindicativae,
1137 939 1209 1018 sed
1230 965 1392 1045 semper
1416 940 1480 1018 uti

306 1095 464 1176 poenae
495 1071 760 1152 medicinales
797 1072 892 1152 ferri
928 1069 1100 1153 soleant.
1141 1071 1379 1154 Notandum
1413 1071 1484 1152 hic

307 1213 444 1286 tamen
466 1211 542 1306 est,
567 1207 677 1313 quod
698 1206 791 1288 licet
807 1207 1024 1314 aliquoties
1046 1207 1215 1288 monitio
1231 1206 1342 1288 haud
1364 1230 1484 1312 prae-

307 1339 538 1445 requiretur
570 1340 610 1420 in
652 1366 829 1422 censura
860 1341 1002 1447 ajure
1034 1340 1131 1442 lata,
1174 1341 1312 1422 citatio
1343 1351 1483 1422 tamen

306 1473 528 1580 requiritur
558 1474 599 1554 in
632 1474 722 1582 ipsa
752 1475 1009 1573 declaranda,
1045 1501 1119 1556 ceu
1152 1474 1324 1556 inferius
1362 1473 1480 1555 vide-

307 1607 461 1688 bimus.
505 1607 630 1716 quue
666 1635 760 1690 cum
803 1609 1024 1709 adfinem,
1069 1615 1113 1688 ut
1153 1615 1396 1690 censuratus
1436 1635 1483 1690 se

308 1741 526 1823 defendere
556 1743 701 1850 possit,
735 1751 774 1824 et
804 1744 951 1826 valeat.

395 1875 488 1956 Huc
519 1876 614 1956 laeti
655 1903 751 1956 cum
793 1874 1119 1983 pervenerimus,
1153 1875 1293 1982 quaeri
1326 1882 1479 1982 potest,

310 2019 450 2092 utrum
474 2009 635 2118 aliquae
666 2035 817 2090 causae
848 2007 1042 2110 existant,
1076 2035 1182 2117 quae
1208 2017 1404 2090 excusent
1426 2010 1482 2088 ab

310 2143 557 2226 incurrenda
576 2147 780 2224 censurat
802 2143 912 2224 Huic
928 2141 1236 2249 interrogationi
1259 2142 1484 2250 responde-

309 2306 403 2360 mus
420 2309 428 2360 :
461 2279 501 2358 in
518 2305 666 2385 genere
683 2278 880 2386 quidquid
896 2286 1110 2359 excusata
1130 2283 1297 2385 peccato
1314 2276 1480 2357 mortali

310 2419 484 2494 excusat
504 2412 628 2493 etiam
651 2439 676 2492 a
696 2437 872 2493 censura
893 2440 931 2490 v.
953 2439 993 2518 g.
1015 2419 1187 2492 excusat
1209 2412 1265 2490 l.⁰
1283 2410 1478 2490 materiae

311 2547 508 2656 parvitas
528 2549 590 2626 2.⁰
606 2553 741 2627 metus
758 2546 911 2651 gravis,
931 2545 1127 2653 injustus,
1146 2571 1214 2627 ex.
1234 2571 1296 2651 gr.
1317 2543 1476 2645 mortiS,

311 2679 596 2780 mutilationis
631 2678 841 2777 infamiae,
875 2679 1014 2786 gravis
1040 2679 1226 2786 jacturae
1257 2679 1478 2779 bonorum,

310 2815 381 2923 qui
424 2812 649 2920 impelleret
690 2812 740 2894 ad
781 2814 988 2922 agendum
1024 2820 1166 2894 contra
1205 2813 1339 2920 legem
1381 2839 1483 2920 pure

311 2945 661 3048 Ecclesiasticam,
694 2946 758 3027 vel
799 2955 941 3028 contra
972 2945 1205 3054 Superioris
1234 2945 1482 3026 sententiam

311 3079 468 3188 aliquid
499 3081 578 3162 sub
610 3105 786 3162 censura
804 3077 1137 3189 praecipientem,
1171 3078 1234 3160 vel
1264 3078 1485 3186 prohiben-

313 3223 418 3312 tcm;
451 3223 490 3295 et
519 3213 623 3296 ratio
654 3222 730 3316 est,
764 3214 862 3322 quia
891 3213 1003 3320 leges
1023 3212 1335 3294 Ecclesiasticae
1361 3239 1486 3319 regu-

314 3348 453 3430 lariter
481 3347 686 3456 loquendo
708 3375 791 3429 non
812 3346 996 3453 obligant
1019 3373 1112 3428 cum
1145 3347 1325 3455 periculo
1357 3346 1482 3446 vitae,

313 3483 609 3584 membrorum,
640 3483 703 3563 vel
734 3482 904 3564 alterius
925 3481 1063 3588 gravis
1084 3482 1240 3581 damni,
1276 3483 1337 3563 3.⁰
1368 3480 1485 3588 igno-

312 3618 446 3700 rantia
477 3617 726 3698 invincibilis
757 3627 842 3698 tarn
868 3617 991 3724 juriS,
1011 3642 1136 3725 quam
1168 3615 1278 3716 facti,
1312 3617 1378 3697 cui
1410 3643 1484 3696 an·

313 3775 420 3830 nexa
450 3751 504 3834 sit
544 3777 734 3833 censura.
770 3753 879 3843 Sane
910 3751 1018 3860 quod
1051 3751 1283 3858 ignorantia
1312 3748 1484 3831 invinci-

313 3881 541 3992 bilisjuriS,
585 3912 661 3966 seu
702 3884 834 3992 ipsius
874 3907 1098 3983 censurae,
1138 3883 1362 3965 dummodo
1402 3907 1484 3962 non

193 4019 195 4024 ’
310 4021 364 4101 sit
395 4045 552 4120 crassa,
596 4025 668 4099 aut
713 4017 875 4126 supina,
921 4027 1094 4098 excuset
1139 4017 1191 4099 ab
1238 4015 1485 4098 incurrenda

313 4179 502 4252 censure,
539 4151 714 4234 habetur
745 4177 939 4260 expresse
961 4151 1003 4231 in
1032 4177 1124 4262 cap.
1165 4153 1217 4233 Ut
1247 4152 1485 4232 animarum

312 4287 423 4369 ade
467 4289 682 4369 Constitot.
731 4291 831 4369 ind
871 4331 929 4350 -
970 4285 1110 4367 ibi-
1158 4287 1211 4369 Ut
1246 4291 1484 4370 animorum

308 4421 506 4532 periculis
535 4423 731 4514 obcietar,
765 4423 972 4503 sententiis
997 4447 1077 4532 per
1106 4427 1261 4503 statuta
1292 4447 1485 4530 quorum-
