3264 5146
341 393 386 457 60
630 403 923 456 3333333333333
947 406 1040 456 runis
1065 405 1234 458 33333333

309 542 317 552 ’
350 545 548 646 potestate
565 563 614 616 ea
630 535 779 615 mulier
798 543 862 616 333
883 535 1121 636 constituta,
1145 561 1250 643 quae
1271 535 1430 642 species
1451 545 1516 616 est

349 670 566 779 improprie
597 670 727 749 dictae
758 669 1024 751 seductionis
1058 717 1079 732 -
1109 669 1188 763 Qui
1213 677 1401 752 auctores
1422 681 1513 752 tum

347 815 505 884 veteres
534 811 623 883 tum
653 805 899 884 recentiores
929 804 1177 884 contrariam
1214 811 1381 884 tuentur
1419 829 1517 884 sen-

346 939 530 1038 tentiam,
565 964 657 1018 eam
689 939 863 1046 probant
893 947 1137 1044 argumento
1169 939 1259 1019 fuse
1280 940 1468 1047 exposito
1490 969 1516 1019 a

347 1071 550 1156 Cardinali
580 1071 640 1152 De
665 1072 781 1152 Luca
812 1071 854 1151 in
889 1075 1142 1153 annotation.
1168 1073 1223 1152 ad
1243 1075 1365 1154 Cone.
1390 1074 1509 1154 Trid.

345 1209 500 1287 discor.
536 1209 590 1284 28
622 1213 662 1285 et
692 1232 717 1285 3
747 1205 915 1312 Riganli
946 1207 987 1286 in
1019 1209 1146 1315 repul.
1186 1208 1418 1288 Cancellor.
1453 1209 1515 1288 IL

346 1369 456 1421 33333.
492 1343 563 1438 81;
597 1366 743 1446 nempe
776 1339 944 1420 Conoilii
977 1341 1206 1422 Tridentini
1233 1341 1447 1448 dispositio
1471 1343 1514 1421 in

348 1505 439 1586 cop.
475 1477 499 1553 6
530 1501 625 1554 3333.
660 1476 716 1552 24
738 1473 787 1552 dc
808 1476 979 1583 reform.
1005 1483 1128 1554 333333.
1159 1483 1296 1556 manet
1318 1476 1358 1556 in
1379 1475 1516 1556 omui-

347 1614 427 1692 bus
457 1608 538 1690 illis
568 1607 751 1710 casibuS,
785 1607 827 1689 in
858 1609 1009 1716 quibus
1034 1609 1157 1715 juxta
1187 1609 1383 1690 terminos
1404 1609 1515 1717 juris

348 1743 480 1825 civilis
511 1741 688 1822 habetur
717 1743 870 1823 crimen
893 1751 1051 1850 raptus;
1076 1769 1172 1823 nam
1194 1743 1444 1851 interrogata
1466 1745 1511 1825 S.

351 1875 639 1983 Congregatio:
674 1901 766 1955 «an
787 1881 971 1982 raptores
994 1875 1229 1976 mulierum,
1253 1903 1358 1984 quae
1379 1879 1514 1984 raptui

350 2007 644 2105 consenserint,
680 2007 1080 2116 comprehendantur
1109 2009 1244 2116 quoad
1275 2035 1450 2116 poenam
1478 2021 1518 2090 ct

349 2141 597 2222 matrimonii
630 2139 944 2249 prohibitionem
966 2143 1127 2223 decreto
1148 2141 1318 2223 Conoilii
1341 2143 1518 2224 Triden-

350 2275 451 2354 tinil
473 2308 491 2351 ›
516 2276 587 2354 3333
608 2275 675 2354 dic
695 2277 751 2353 24
771 2275 973 2356 Jonuorii
998 2277 1106 2356 1608
1124 2275 1345 2383 respondit:
1370 2275 1519 2358 ‹Con-

350 2409 490 2490 cilium
523 2409 740 2516 procedere
771 2408 895 2490 etiam
926 2409 968 2490 in
999 2409 1171 2490 muliere
1201 2409 1375 2510 volente,
1415 2409 1516 2490 dum
1615 2443 1616 2494 t

351 2551 489 2624 tamen
520 2543 575 2624 sit
605 2552 747 2651 raptus
783 2544 905 2650 juxta
944 2544 1141 2624 terminos
1176 2543 1282 2650 juris
1322 2543 1514 2644 civilis3>

352 2678 466 2783 atqui
497 2677 619 2758 etiam
651 2677 929 2758 consentiente
951 2676 1122 2756 muliere
1143 2675 1226 2756 imo
1247 2683 1287 2756 33
1307 2685 1520 2784 expetente

353 2811 494 2916 lugam
525 2811 576 2891 ad
609 2810 917 2892 matrimonium
947 2809 1264 2908 conciliandum,
1297 2816 1520 2890 esttamen
1614 2835 1615 2840 ‘

351 2971 514 3052 semper
534 2944 688 3026 crimen
709 2953 854 3053 raptus
865 2944 988 3052 juxta
1009 2943 1170 3024 civilem
1187 2943 1332 3050 legem,
1355 2945 1521 3050 quando

353 3077 500 3158 mulier
530 3087 592 3159 est
622 3079 701 3158 sub
728 3078 967 3184 parentibus
990 3077 1053 3157 vel
1074 3076 1296 3176 tutoribus,
1322 3101 1418 3157 nam
1440 3076 1522 3156 cri-

354 3239 448 3293 men
469 3222 613 3320 raptus
634 3219 767 3319 potest
787 3211 987 3292 committi
1009 3219 1151 3290 contra
1171 3209 1351 3319 puellam
1371 3218 1410 3290 33
1430 3208 1524 3316 ejus
1613 3273 1614 3314 3

355 3355 545 3452 parentes
566 3372 615 3427 ac
634 3355 807 3447 tutores,
830 3345 892 3426 vel
913 3344 1153 3453 simpliciter
1172 3353 1315 3426 333333
1330 3351 1524 3453 parentes
1613 3315 1614 3401 l

355 3487 395 3558 et
415 3487 588 3580 tutores;
612 3506 710 3586 ergo
732 3479 857 3560 etiam
873 3479 915 3558 in
937 3505 1037 3559 casu
1058 3477 1233 3561 liabetur
1253 3479 1524 3588 impedimen·
1612 3563 1613 3566 ,

354 3621 458 3693 tum.
493 3615 573 3692 Ast
603 3611 728 3720 hujus
768 3613 1002 3721 argumenti
1043 3613 1176 3720 major
1216 3615 1441 3722 propositio
1483 3617 1524 3695 in

355 3745 420 3825 sui
442 3745 708 3851 generalitate
730 3771 811 3826 non
832 3754 894 3828 333
915 3773 1027 3848 3333,
1052 3773 1245 3855 namque:
1264 3791 1285 3808 -
1300 3763 1345 3845 (α)
1368 3748 1523 3830 Omnes

355 3876 606 3957 conveniunt
643 3877 764 3959 etiam
806 3879 967 3987 patroni
1009 3880 1239 3962 contrariae
1278 3879 1519 3982 sententiae,
1611 3929 1612 3958 ÷

355 4010 464 4117 quod
496 4020 641 4118 raptus
671 4011 857 4092 mulieris
887 4015 940 4094 ad
961 4013 1207 4122 explendam
1227 4013 1438 4096 libidinem
1459 4017 1523 4096 vel
1611 3985 1612 4032 l

355 4153 520 4252 propter
549 4146 655 4227 alios
687 4145 807 4248 11333,
836 4175 961 4256 quam
982 4149 1035 4229 od
1056 4148 1358 4230 conciliandum
1379 4149 1524 4231 matri·
1611 4183 1612 4200 ¹

353 4279 538 4360 monium
570 4280 624 4361 sit
657 4307 800 4362 verum
821 4283 976 4363 crimen
997 4292 1141 4391 raptus
1162 4283 1353 4390 punitum
1375 4284 1522 4365 333313
1592 4291 1611 4386 ,ἓ

354 4439 379 4492 3
408 4413 570 4521 legibus
601 4415 898 4524 imperialibus,
934 4425 973 4497 33
997 4423 1136 4499 tamen
1157 4443 1301 4500 omnes
1321 4417 1520 4500 Doctores
