3360 5126
578 351 678 398 amna
700 351 732 398 v.
758 368 797 380 -
825 351 964 400 ennius
986 350 1056 398 xv1.
1342 327 1409 394 259

232 479 444 560 intercedit
474 476 701 578 vinculum,
726 477 835 586 quod
857 477 1056 558 adulterio
1078 475 1223 558 violari
1251 475 1406 584 possit:

231 613 283 694 de
305 613 438 718 rigore
469 619 607 692 tamen
639 611 777 718 legum
814 610 998 692 civilium
1019 637 1093 718 pro
1113 611 1185 692 tali
1216 610 1406 709 habetur,

233 745 368 854 prouti
395 751 507 852 patet
536 771 588 826 ex
620 745 695 855 lep.
720 745 769 826 Si
797 771 909 826 uaor
949 750 974 848 ἓ
1006 745 1142 826 Plane
1175 749 1238 826 1.²
1264 745 1322 851 ff.
1354 743 1411 826 ad

232 879 311 987 lep.
340 880 427 960 Jul.
455 879 504 960 cle
533 879 665 960 adult.
688 878 758 960 ubi
783 878 990 986 Ulpianus
1021 877 1142 960 ait-
1162 877 1298 958 Plane
1325 879 1411 959 sice

219 1014 343 1120 justa
367 1040 479 1094 umor
498 1014 606 1122 fuit,
641 1017 725 1096 sice
757 1013 912 1119 injusta
942 1015 1243 1094 accusationem
1274 1010 1409 1119 (adul-

233 1146 323 1227 terii
346 1147 398 1226 ab
428 1173 478 1226 ea
508 1146 738 1254 commissi)
772 1147 983 1229 instituere
1014 1147 1079 1226 uir
1106 1138 1287 1257 poterit;=
1314 1171 1411 1224 nam

231 1289 270 1362 et
290 1281 441 1362 sectus
476 1281 680 1362 Caeciliae
706 1281 794 1362 ait:
818 1281 935 1360 Haec
966 1279 1036 1358 aa
1066 1278 1123 1360 acl
1152 1281 1292 1360 omnia
1321 1305 1411 1358 ma-

231 1415 430 1494 trimonia
454 1418 647 1523 pertinet.

320 1548 386 1627 Ad
418 1547 642 1628 secundam
676 1554 815 1628 autem
846 1546 1109 1653 respondent,
1133 1552 1291 1628 eertum
1318 1571 1410 1626 esse

233 1679 482 1762 adulterium
514 1679 713 1762 committi
745 1707 819 1787 per
848 1679 1113 1762 violationem
1143 1703 1320 1788 sponsae
1352 1679 1412 1760 al·

233 1815 363 1894 terius
394 1813 443 1894 cle
466 1819 694 1926 praesenti,
719 1813 817 1922 quia
846 1839 1000 1922 sponsa
1030 1812 1132 1894 haec
1162 1813 1286 1894 etiam
1317 1821 1411 1893 ante

233 1947 483 2030 matrimonii
527 1950 881 2031 consumationem
922 1957 985 2029 est
1024 1973 1138 2050 vera,
1163 1976 1212 2030 ac
1247 1947 1413 2056 propria

233 2108 355 2182 iiiior,
389 2083 658 2164 scitissimum
689 2110 785 2163 cum
816 2084 884 2181 sit,
918 2082 1102 2188 quod-
1136 2083 1301 2191 nuptias
1331 2110 1412 2162 non

233 2215 481 2306 concubitus,
515 2214 587 2294 sea
618 2241 832 2294 consensus
853 2213 1013 2321 faciat.
1034 2214 1110 2322 lep.
1130 2213 1313 2322 Nuptias
1330 2218 1408 2295 30:

224 2349 284 2455 ff.
321 2348 370 2428 cle
401 2375 486 2456 rep.
510 2348 641 2454 juris.

320 2481 386 2563 Ad
416 2481 579 2563 tertiam
615 2481 780 2563 tandem
820 2481 1105 2589 quaestionem
1145 2481 1408 2591 respondent,

231 2642 376 2698 verum
418 2642 467 2698 ac
507 2616 720 2724 proprium
762 2615 1013 2698 adulterium
1052 2615 1273 2709 committi,
1317 2614 1412 2697 licet

233 2749 339 2830 inter
368 2747 566 2856 conjuges
596 2748 818 2830 divortium
850 2750 986 2857 quoad
1016 2748 1181 2832 thorum
1213 2775 1408 2858 praeces-

231 2882 350 2968 serit:
384 2883 649 2964 notissimum
680 2882 789 2964 enim
821 2891 898 2982 est,
941 2883 1020 2966 hoc
1051 2885 1093 2965 in
1124 2911 1226 2967 casu
1259 2884 1408 2968 vineu-

231 3016 318 3098 lum
349 3015 653 3098 matrimoniale
684 3015 797 3097 haud
827 3015 1013 3114 dissolvi,
1039 3019 1114 3098 sed
1145 3018 1230 3100 imo
1255 3018 1412 3124 jugiter

231 3148 471 3256 perdurare.

321 3281 514 3364 Vidimus
554 3283 651 3390 quid
693 3289 733 3363 et
772 3282 997 3390 quotuplex
1040 3283 1094 3364 sit
1138 3283 1406 3386 adulterium,

229 3440 435 3524 quaenam
453 3415 685 3498 differentia
700 3413 805 3497 inter
814 3417 1052 3528 proprium,
1076 3423 1117 3497 et
1139 3419 1411 3530 improprium

232 3547 481 3630 adulterium
513 3547 751 3649 intercedat,
791 3548 1092 3658 inspiciendum
1124 3547 1247 3629 modo
1278 3573 1408 3655 supe-

229 3691 329 3765 rest.
359 3687 412 3766 1⁰.
439 3683 639 3784 Qualiter,
659 3693 699 3764 et
720 3685 799 3766 sub
820 3683 972 3793 quibus
990 3683 1134 3792 poenis
1155 3681 1410 3794 prohibitum

229 3827 284 3900 sit
315 3818 581 3900 adulterium.
606 3817 665 3900 2⁰.
692 3817 873 3912 Quinam
904 3844 1042 3926 agere,
1077 3827 1116 3900 et
1146 3823 1246 3925 quot
1276 3817 1411 3897 modis

229 3951 296 4058 agi
330 3953 461 4058 possit
491 3978 541 4034 cx
571 3951 789 4034 adulterio
818 3954 874 4034 3⁰.
899 3953 1116 4045 Quaenam
1137 3950 1325 4059 probatio
1347 3975 1412 4030 re·

228 4085 438 4193 quiratur,
480 4095 522 4168 et
560 4087 738 4168 sufficiat
780 4113 853 4194 pru
894 4085 1095 4167 adulterio
1136 4083 1406 4166 admittendo.

228 4223 287 4304 4⁰.
302 4219 489 4301 Tandem
520 4219 690 4328 quinam
720 4220 776 4302 sit
801 4220 931 4328 judex
953 4227 1190 4328 competens
1220 4217 1261 4298 in
1292 4217 1411 4300 adul-

228 4354 317 4435 terii
349 4355 634 4438 controvertiis
665 4354 922 4438 dirimendis
