3360 5126
223 425 227 435 .
295 364 363 430 310
595 381 866 429 smnneorrones
891 382 984 429 sums
1006 379 1162 427 annosior

296 511 337 590 iu
370 509 511 590 Const.
546 509 808 619 Apostolieae
827 507 946 589 Sedis
966 509 1046 586 sub
1068 529 1241 587 numero
1271 507 1315 597 2,
1340 507 1508 612 quoad
1629 490 1634 499 ⁵

295 643 581 724 interdicta-
606 641 662 721 ibi
687 687 733 699 -
758 643 942 722 Scientar
982 641 1243 734 celebrantes,
1279 639 1340 720 cel
1375 639 1507 720 cele·

296 777 417 858 brari
436 764 643 884 facientes
673 775 817 856 diuina
849 777 892 856 in
924 773 1024 854 iocis
1055 771 1386 864 cb'Ordinorin
1421 775 1510 852 oet

295 937 323 990 a
354 909 537 1019 delepato
557 907 715 1016 jndice,
752 909 815 989 oct
845 934 872 987 a
891 909 994 1016 jare
1026 908 1309 988 interdictis...
1350 909 1507 987 inter-

260 1045 450 1136 ,dictam
480 1047 532 1124 ab
561 1047 743 1153 inpressa
765 1043 982 1125 Ecclesiae
1013 1045 1099 1152 ipsc
1119 1042 1222 1149 jare
1244 1043 1499 1134 incurrant,

295 1180 421 1260 donec
455 1179 513 1260 ad
552 1179 774 1260 arbitrium
815 1181 915 1272 eins,
951 1179 1065 1286 cuias
1104 1180 1345 1258 sententiam
1385 1203 1504 1256 con·

296 1322 543 1426 tempserunt
574 1321 841 1424 competenter
869 1314 1162 1422 satisfecerint.

666 1709 904 1792 TITULUS
935 1709 1111 1790 XXVIII

432 1983 498 2062 De
533 1979 692 2062 Clerioo
722 2005 803 2060 non
833 1979 1025 2060 ordinato
1055 1978 1330 2060 ministrante.

382 2253 491 2333 Inter
520 2251 601 2332 alie
631 2249 883 2332 Clerioorum
906 2248 1068 2347 delicta,
1093 2247 1194 2328 illud
1215 2247 1339 2329 etiam
1362 2249 1474 2332 haud

295 2385 384 2464 leve
400 2393 652 2484 recensetur,
667 2385 701 2464 si
716 2384 898 2464 Clericus
920 2390 1110 2462 exerceat
1130 2381 1332 2497 ordinem,
1350 2409 1475 2490 quem

295 2544 378 2599 non
418 2517 557 2600 habet.
602 2519 710 2598 Hinc
751 2525 844 2625 post
884 2517 1196 2623 praecedentem
1226 2517 1388 2598 titulum
1420 2518 1473 2598 de

295 2652 453 2734 Clerico
494 2653 876 2751 excommunicato,
922 2650 1121 2756 deposita,
1158 2651 1224 2731 vel
1259 2651 1477 2734 interdicto

295 2785 575 2886 ministrante,
613 2785 760 2866 merito
801 2785 851 2868 B.
895 2783 1173 2892 Reymundus
1213 2795 1473 2894 praesentem

294 2919 476 3026 subjicit.

382 3054 566 3136 Clericus
598 3081 681 3136 non
712 3055 924 3138 ordinatus
956 3054 1022 3136 ille
1053 3061 1129 3156 est,
1165 3055 1234 3164 qui
1266 3055 1331 3134 vel
1362 3055 1476 3153 ordi-

295 3215 405 3290 nem,
439 3188 481 3268 in
513 3215 594 3297 quo
635 3189 856 3291 ministret,
892 3217 973 3271 non
1004 3190 1201 3300 suscepit,
1237 3190 1301 3271 vel
1332 3190 1369 3270 si
1400 3217 1477 3270 su·

294 3325 438 3434 saepit,
483 3324 599 3405 illum
641 3325 819 3405 Invalida
849 3325 1018 3406 omnino
1049 3324 1247 3432 suscepit,
1281 3350 1330 3404 eo
1361 3324 1471 3431 quod

295 3460 623 3541 substantialiter
653 3469 866 3568 peccatum
899 3459 976 3539 luit
1016 3458 1079 3539 vel
1102 3458 1143 3538 in
1166 3459 1312 3557 forma,
1339 3457 1401 3538 vel
1427 3455 1471 3535 in

294 3594 483 3692 materia,
517 3592 581 3672 vel
612 3591 653 3671 in
686 3591 923 3673 intentione.

382 3727 473 3805 Hoc
503 3726 682 3807 breviter
702 3727 925 3834 praejactO,
946 3727 1087 3834 quaeri
1110 3733 1242 3835 potest
1257 3749 1470 3832 quaenam

294 3861 349 3942 sit
379 3885 513 3969 poena
543 3859 688 3941 Clerici
719 3859 998 3942 ministrantis
1030 3861 1069 3940 in
1105 3859 1257 3941 Ordine
1288 3887 1369 3942 non
1400 3887 1477 3939 su-

293 4005 449 4104 scepte.
484 3994 620 4102 Resp:
652 3993 801 4102 triplex
834 3995 970 4102 ejure
992 4021 1125 4102 poena
1145 3995 1343 4076 statuitur
1356 4025 1367 4096 3
1392 3993 1475 4074 sci·

293 4129 388 4212 lieet
422 4134 480 4212 l.⁰
511 4128 652 4210 Poena
682 4128 1122 4210 excommunicationis
1158 4129 1346 4210 ferendae
1377 4153 1474 4207 sen-

294 4262 444 4343 tentiae
480 4263 584 4372 Gap.
634 4266 657 4341 1
701 4261 744 4342 n.
781 4269 809 4342 t.
846 4261 1071 4340 2.⁰Poena
1101 4260 1388 4370 suspensionis
1419 4259 1472 4338 ad

293 4393 521 4492 biennium,
557 4395 621 4475 vel
652 4394 875 4475 triennium
909 4395 961 4474 ab
983 4395 1178 4477 exercitio
1200 4393 1366 4475 Ordinis
1388 4417 1472 4474 non
