3386 5126
574 437 672 483 muns
694 437 725 482 v.
751 455 793 464 —
818 437 957 484 rtrunus
978 438 1038 485 vn.
1326 419 1389 486 199

365 794 369 802 ,
495 699 559 778 De
583 697 861 808 prohibitione
892 697 1106 779 librorum.

302 965 465 1048 Nedum
507 965 693 1046 Ecclesia
732 965 923 1072 reprobat
962 964 1203 1064 haereticos
1250 967 1392 1051 sedet

213 1126 357 1182 eorum
388 1100 530 1200 libros
564 1100 663 1207 quia
692 1126 788 1180 cum
824 1107 1014 1182 auctores
1054 1099 1237 1181 damnati
1272 1110 1387 1203 sunt,

214 1235 337 1316 etiam
359 1233 512 1341 scripta
533 1259 676 1314 corum
698 1233 855 1314 admitti
878 1259 959 1314 non
981 1243 1172 1340 possunt.
1214 1235 1318 1346 Cup.
1341 1241 1384 1318 4.

213 1367 449 1449 debueret.
483 1376 520 1448 et
553 1367 609 1449 ibi
642 1368 777 1448 Gloss.

300 1502 403 1582 Tres
434 1509 573 1582 autem
604 1509 702 1582 sunt
731 1501 931 1618 librorum
956 1499 1256 1608 prohibitorum
1284 1504 1390 1584 clas-

213 1662 294 1716 ses.
314 1634 457 1714 Prima
472 1641 535 1715 cst
551 1633 729 1733 illorum,
756 1634 825 1741 qui
848 1633 888 1714 in
911 1633 1041 1714 Butlo
1070 1635 1232 1714 Coenoe
1254 1637 1392 1743 probi-

214 1769 376 1870 bentur,
420 1768 526 1849 idest
566 1769 634 1875 qui
678 1775 845 1849 auctore
886 1766 1091 1850 baeretIco
1132 1769 1384 1876 prodierunt.

214 1902 406 1983 Secunda
436 1903 583 1984 classis
623 1909 700 2004 est,
742 1927 849 2010 quae
880 1909 1073 1984 auctores
1102 1901 1226 1984 habet
1256 1903 1388 1985 deter-

212 2036 392 2116 minatas
423 2063 623 2143 personas
653 2034 964 2134 catholicorum,
989 2035 1059 2143 qui
1090 2043 1229 2115 tamen
1250 2044 1392 2117 contra

212 2169 351 2270 fidem,
377 2168 441 2248 vel
461 2167 598 2248 mores
615 2169 883 2274 scripserunt.
904 2168 1043 2246 Tertia
1058 2170 1224 2248 tandem
1242 2169 1386 2249 classis

213 2308 290 2400 est,
324 2325 431 2406 quae
462 2306 651 2379 auctores
681 2297 805 2379 habet
825 2323 1070 2406 anonymm,
1090 2299 1161 2380 sed
1183 2301 1391 2383 doctrinas

213 2433 495 2542 reprobandas
515 2432 694 2514 exhibet.

301 2565 532 2647 Discrimen
573 2573 635 2646 est
675 2564 779 2646 inter
809 2565 936 2646 libros
977 2565 1133 2672 primae
1154 2567 1316 2667 classis,
1351 2576 1390 2648 ct

213 2697 306 2778 iIIos
327 2699 547 2798 secundae,
585 2706 624 2780 et
654 2697 813 2779 tertiae.
845 2697 951 2780 Nem
973 2696 1065 2778 libri
1089 2697 1387 2782 haereticorum

214 2831 371 2939 primae
401 2832 565 2930 classis,
590 2832 625 2912 si
648 2832 700 2912 ob
721 2831 941 2932 haeresim,
974 2831 1038 2912 vel
1060 2832 1151 2914 falsi
1183 2834 1390 2939 dogmatis

212 2966 491 3075 suspicionem
522 2965 705 3046 damnati
731 2973 845 3064 sunt,
869 2964 1128 3046 acatholicis
1149 2967 1389 3074 cujuscum-

213 3123 292 3205 que
333 3103 502 3205 graduS,
545 3109 586 3181 et
625 3099 871 3183 conditionis
907 3098 1005 3199 sint,
1039 3099 1081 3178 in
1112 3099 1196 3178 vim
1236 3100 1388 3182 Buttoe

212 3231 478 3340 Apostototus
512 3235 705 3342 Officium
726 3233 884 3315 Urbani
906 3233 997 3312 VIII
1021 3232 1176 3339 absque
1199 3234 1244 3315 S.
1270 3233 1389 3315 Sedis

214 3361 377 3446 licentia
409 3366 604 3476 imprimi,
641 3367 735 3476 topi,
770 3370 953 3466 retineri,
986 3365 1156 3473 defendi
1186 3392 1268 3445 non
1290 3393 1386 3472 pos-

215 3508 314 3580 sunt
344 3501 423 3580 sub
453 3525 586 3607 poena
616 3499 1054 3581 excommunicationis
1084 3499 1222 3606 Papae
1254 3525 1385 3580 rescr-

214 3639 347 3712 vatae.
391 3632 452 3713 Ita
491 3633 590 3742 ch.
629 3638 687 3713 10
727 3633 818 3715 Inct.
853 3643 891 3714 et
920 3633 1037 3716 Butt.
1076 3631 1238 3712 Coenoe
1269 3638 1309 3736 §.
1345 3635 1385 3715 1.

215 3767 328 3847 Libri
361 3793 457 3848 vero
488 3769 708 3868 secundae,
734 3777 774 3847 ct
794 3767 936 3848 tertiae
957 3767 1118 3868 classiS,
1142 3767 1176 3846 si
1201 3767 1384 3848 damnati

216 3901 301 3980 sint
330 3903 377 3981 ob
409 3901 605 3993 haeresis,
639 3901 702 3981 ch
724 3901 839 4009 sotsi
869 3900 1070 4008 dopmutis
1100 3903 1384 4010 suspicionem,

217 4033 498 4115 secumferunt
528 4034 996 4115 excommunicationem
1019 4057 1099 4112 non
1121 4041 1385 4134 reservatam,

218 4169 321 4248 elias
351 4177 513 4269 tantum
544 4167 698 4277 peccati
730 4167 892 4248 lethalis
919 4174 1095 4246 reatum.

304 4303 603 4384 Verumtamen
634 4307 776 4382 notatu
818 4301 943 4406 digna
973 4309 1035 4378 est
1065 4297 1311 4398 immutatio,
1348 4307 1387 4382 ct

219 4437 414 4518 correctio
445 4437 553 4518 facta
584 4461 608 4517 a
638 4433 937 4516 Constitutione
967 4431 1228 4544 Apostolicoe
1252 4431 1387 4516 Sedis.
