3178 5134
574 383 682 436 meua
703 383 750 432 ιν.
773 400 795 414 -
817 382 956 434 cnutus
979 382 1048 435 m.
1221 381 1224 389 ¹
1331 369 1395 433 293

212 547 252 602 ¹l
273 511 461 594 Christus
481 539 563 594 non
578 511 788 618 exiguam,
808 537 940 619 neque
960 517 1211 618 postremam
1231 509 1281 592 de
1302 537 1391 590 ma·

230 682 249 724 »
268 647 461 730 trimonio
477 672 620 728 curam
638 644 838 745 adhibuit.
858 643 1021 726 Etenim
1037 645 1202 754 nuptias
1219 645 1261 726 in
1277 645 1391 728 Cana

216 817 250 860 ,»
270 783 450 864 Galileae
470 785 559 890 lpse
575 780 807 888 praesentia
820 807 899 861 sua
915 779 1157 878 nobilitavit,
1178 779 1391 888 primoque

233 951 251 990 »
271 945 323 999 ex
344 915 541 1024 prodigiis
562 941 646 996 ase
667 912 787 994 editis
804 913 899 994 lecit
918 912 1221 1014 memorabiles3
1241 913 1392 1020 quibus

234 1085 253 1126 »
274 1049 434 1132 caussis
450 1049 514 1129 vel
530 1075 581 1130 ex
598 1074 646 1128 eo
668 1048 732 1128 die
752 1047 795 1127 in
814 1047 1029 1128 hominum
1050 1047 1242 1154 conjugia
1262 1074 1392 1129 novae

237 1184 490 1292 >eujusdam
512 1181 798 1264 sanctitudinis
828 1181 944 1263 initia
965 1181 1154 1262 videntur
1183 1207 1273 1262 esse
1299 1207 1394 1288 pro-

238 1319 395 1400 »feeta
430 1316 586 1398 Deinde
627 1315 934 1397 matrimonium
974 1315 1181 1396 revocavit
1220 1315 1272 1395 ad
1312 1314 1396 1422 pri·

239 1477 445 1532 ›maevae
475 1449 647 1558 originis
682 1449 951 1550 nobilitatem,
985 1475 1080 1530 oum
1112 1449 1395 1529 Hebraeorum

235 1613 258 1660 va»
279 1611 415 1666 mores
435 1583 719 1692 improbanda
743 1584 851 1690 quod
871 1591 912 1664 et
936 1581 1196 1674 multitudine
1218 1607 1396 1662 uxorum

240 1727 317 1800 »et
346 1717 505 1826 repudii
542 1717 734 1798 facultate
774 1719 1057 1831 abuterentur3
1089 1725 1177 1796 tum
1219 1714 1396 1797 maxime

237 1849 575 1958 »praecipienda
612 1877 663 1931 ne
693 1851 786 1958 quis
826 1849 1047 1931 dissolvere
1088 1849 1257 1929 auderet
1287 1847 1395 1954 quod

121 1995 125 2004 '
238 1991 471 2092 >perpetuo
502 1984 802 2092 conjunctionis
832 1984 997 2066 vinculo
1027 1984 1140 2064 Deus
1181 1983 1270 2090 ipse
1301 2009 1398 2062 oon·

239 2117 523 2198 »strinxisset
545 2118 803 2226 Quapropter
818 2115 1188 2198 cum'difficultates
1210 2113 1397 2197 diluisset

239 2283 257 2324 »
280 2252 331 2330 ab
347 2249 545 2332 institutis
567 2251 760 2332 mosaicis
776 2251 818 2332 in
838 2251 1019 2332 medium
1038 2251 1197 2351 allatas,
1215 2248 1397 2357 supremi

241 2415 259 2454 »
280 2379 525 2488 legislatoris
540 2392 734 2493 suscepta
750 2410 938 2492 persona,
958 2383 1058 2464 haec
1079 2384 1128 2464 de
1150 2381 1398 2490 conjugibus

242 2547 260 2589 »
281 2517 433 2598 sanxit:
458 2519 564 2600 Dico
586 2527 719 2600 utitem
741 2519 865 2620 cobis,
890 2520 988 2627 quia
1018 2520 1257 2628 quicumque
1278 2515 1399 2595 climi‘

242 2650 379 2728 >serit
419 2677 590 2730 umorem
628 2677 761 2752 suum,
795 2651 877 2730 nisi
911 2651 957 2730 ob
989 2651 1329 2760 fornicationem,
1365 2659 1402 2728 et

241 2781 410 2860 »ulium
442 2781 624 2884 cluserit,
648 2785 899 2883 moechatum
923 2791 959 2864 et
986 2787 1057 2892 qui
1086 2783 1296 2864 dimissam
1327 2783 1402 2864 olu-
1509 2819 1515 2828 ·

242 2913 405 3016 »aierit
429 2919 679 2999 moechatur.
698 2965 718 2979 -
734 2918 891 2998 Verum
923 2945 1027 3026 quae
1058 2918 1299 3000 auctoritate
1325 2917 1400 2998 Dei

136 3069 139 3078 ’
241 3078 259 3119 »
280 3047 327 3128 de
344 3049 549 3156 conjugiis
568 3052 732 3132 decreta
752 3059 792 3132 et
812 3051 1035 3131 constituta
1055 3059 1167 3152 sunt,
1192 3077 1241 3130 ea
1260 3051 1400 3130 nuncii

242 3211 260 3253 »
281 3180 514 3263 divinarum
535 3183 676 3290 legum
697 3183 883 3291 Apostoli
906 3182 1067 3291 plenius
1088 3192 1128 3265 et
1149 3182 1402 3264 enucleatius

242 3344 260 3385 »
282 3315 503 3396 memoriae
524 3315 751 3424 litterisque
773 3317 1054 3424 prodiderunt.
1079 3317 1270 3398 Jamvero
1290 3319 1403 3425 Apo-

244 3448 397 3528 »stclis
433 3450 642 3556 magistris
684 3458 852 3558 accepta
891 3451 1103 3532 referenda
1142 3460 1253 3552 sunt,
1298 3478 1402 3559 quae

245 3583 414 3660 »saneti
433 3584 583 3662 Patres
613 3585 755 3682 nostri,
786 3569 973 3664 Corieiliu
1001 3593 1037 3664 et
1059 3585 1300 3666 uniuersalis
1320 3588 1404 3667 Eo-

243 3744 262 3784 »
284 3714 428 3794 clasiae
449 3717 623 3797 traditio
643 3743 799 3827 semper
820 3717 1054 3820 docuerunt,
1075 3719 1268 3801 nimirum
1286 3719 1403 3801 Chri-

243 3854 393 3928 »stum
414 3849 637 3931 Dominum
669 3852 719 3932 ad
751 3853 1005 3936 Sacramenti
1038 3853 1279 3960 dignitatem
1310 3882 1403 3936 eve-

243 3975 394 4062 »xisse
425 3984 750 4088 matrimonium;
779 3985 984 4097 simulque
1016 3989 1200 4070 effecisse
1232 3998 1277 4072 ut
1307 4017 1403 4072 eon-

241 4145 260 4186 »
275 4113 412 4222 juges,
447 4116 610 4198 caelesti
647 4118 780 4224 gratia
821 4146 944 4227 quam
985 4121 1132 4202 merita
1160 4121 1250 4230 ejus
1281 4149 1403 4231 pepe-

244 4258 424 4330 »rerunt
453 4251 553 4358 septi
587 4277 635 4332 ac
665 4251 826 4351 muniti,
853 4251 1111 4336 sanctitatem
1133 4253 1175 4334 in
1197 4255 1286 4364 ipso
1308 4283 1405 4338 con·

243 4411 261 4454 ›
278 4381 394 4489 jugio
427 4384 761 4494 adipiscerentur:
796 4394 917 4495 atquo
948 4387 988 4468 in
1021 4415 1083 4489 eo,
1109 4390 1160 4471 ad
1191 4389 1402 4497 exemplar
