3356 5118
530 453 631 498 smus
653 453 684 498 v.
713 471 754 482 -
778 453 919 500 mamus
942 455 1058 501 xxxin.
1321 437 1387 504 32¹7

202 588 413 678 oretenus
438 607 512 660 seu
536 581 650 660 nisae
671 582 779 660 noeis
799 581 968 660 ordonio
992 581 1099 661 faeta
1119 581 1310 663 subsistit
1332 575 1402 665 ad¹

202 715 409 793 tramitem
441 719 580 793 textos
613 715 655 794 in
690 714 817 794 Clam.
853 717 898 808 2,
929 713 1096 793 dubium
1129 719 1154 816 ἓ
1186 714 1276 794 Nos
1308 725 1388 798 ete-

204 847 305 938 nim,
340 854 377 926 et
409 847 466 926 ibi
499 846 635 928 Gloss.
663 847 705 925 in
726 846 844 928 aerbo
866 845 916 925 de
937 847 1170 956 sepulturis.
1197 848 1382 933 Eoetran.

203 981 280 1059 etsi
310 981 521 1061 Dominiei
561 984 590 1061 3
631 979 680 1060 de
708 980 860 1089 poenit.
906 987 943 1059 et
983 981 1142 1060 remiss.
1189 981 1249 1061 De
1290 981 1385 1063 stilo

203 1123 342 1194 tamen
372 1113 521 1193 Curiae
544 1113 774 1211 Romanae,
800 1120 911 1193 etex
933 1114 1087 1220 regulis
1109 1114 1384 1196 Cancelleriee
1532 1135 1534 1138 ’

201 1245 391 1353 Apostol.
427 1246 584 1353 gratiae
616 1258 709 1328 ante
741 1245 1042 1353 expeditionem
1074 1247 1287 1328 literarum
1324 1249 1384 1330 di-

202 1387 354 1460 cuntur
387 1381 599 1489 informes,
635 1388 675 1461 et
705 1377 805 1459 nulli
848 1380 1132 1486 suffragantur
1172 1380 1387 1487 dispensa-

202 1513 335 1593 tiones
368 1513 409 1593 in
437 1513 610 1620 judicio,
644 1513 707 1592 vei
739 1519 872 1613 extra,
908 1525 1125 1621 antequam
1162 1512 1290 1621 super
1335 1514 1386 1595 iis

201 1647 342 1727 literae
374 1646 637 1753 Apostolicae
671 1645 822 1726 inerint
860 1647 1082 1746 coniectae,
1132 1647 1230 1754 quia
1275 1649 1385 1755 quod

202 1778 405 1859 Summus
440 1779 630 1859 Pontifex
661 1778 703 1858 in
734 1778 951 1886 signatura
988 1781 1038 1872 ad
1070 1779 1255 1860 libellum
1286 1807 1386 1888 sup-

200 1913 393 2021 plicantis
423 1913 668 2022 simpliciter
697 1939 769 2020 per
800 1915 973 1994 verbum
999 1914 1086 2020 fiat
1117 1913 1318 2014 coneedit,
1344 1913 1384 1995 id

201 2047 347 2127 deinde
379 2047 562 2153 primum
594 2047 635 2125 in
667 2047 796 2127 literis
829 2047 1081 2154 Apostoliois
1124 2075 1221 2127 eum
1262 2048 1384 2128 certis

200 2181 402 2261 clausulis
433 2181 682 2277 extenditur,
709 2181 773 2260 vel
795 2182 1010 2280 limitatur.
1034 2184 1095 2261 Ita
1115 2183 1220 2290 Ray.
1251 2184 1380 2263 Cane.

198 2317 262 2398 25
295 2316 345 2397 de
375 2314 473 2396 Non
492 2313 724 2421 judicando
743 2315 877 2420 juste
900 2316 1094 2422 sormam
1113 2317 1384 2427 supplicatio-

199 2452 278 2548 nis,
314 2449 385 2530 sed
426 2451 642 2532 literarum
678 2448 980 2558 empeditarum,
1017 2457 1057 2530 et
1088 2477 1173 2559 rep.
1218 2451 1279 2532 53
1327 2453 1379 2534 Ut

199 2585 306 2665 nulii
335 2584 590 2693 suffragetur
620 2582 869 2693 dispensatio
901 2583 982 2662 nisi
1008 2568 1142 2664 literis
1164 2585 1376 2692 confectis.

286 2719 438 2799 Utrum
470 2725 610 2797 autem
641 2717 786 2796 saltem
818 2717 860 2795 in
891 2716 979 2797 iero
1011 2717 1288 2799 eonscientiae
1321 2717 1379 2799 uti

198 2851 319 2932 lioeat
350 2849 672 2957 dispensatione,
707 2850 770 2928 vel
801 2851 934 2954 gratia
955 2859 1050 2932 ante
1072 2847 1285 2932 literarum
1307 2878 1381 2932 ex·

198 2985 446 3093 peditionem
465 2985 706 3064 dubitaturi
730 2983 933 3089 Negativa
948 2985 1111 3064 videtur
1127 2985 1262 3065 verior
1278 3012 1382 3065 non-

198 3119 339 3216 nullis,
363 3119 543 3225 eoquod
575 3144 600 3196 a
629 3123 811 3226 tempore
844 3116 905 3194 Pii
928 3116 967 3194 V
989 3117 1030 3195 in
1053 3116 1122 3196 illa
1142 3117 1288 3223 regula
1309 3119 1381 3198 ad-

197 3253 283 3334 dita
314 3251 465 3332 suerint
497 3252 634 3348 verbe,
673 3249 917 3356 injudicio,
952 3250 1014 3330 rei
1044 3259 1167 3332 estre
1188 3253 1378 3358 cuiqnam

195 3386 464 3494 suffrupetnr.
502 3385 645 3464 Altera
690 3393 828 3464 tamen
874 3383 1120 3464 affirmative
1165 3385 1375 3464 nonnuliis

198 3519 291 3599 aliis
314 3546 394 3599 non
415 3524 477 3599 est
498 3517 799 3625 improbabilis
825 3517 922 3624 quia
943 3514 1077 3623 gratia
1097 3516 1233 3624 quoad
1255 3541 1379 3596 suam

197 3653 444 3735 substatiam
477 3651 591 3759 (lieet
621 3679 702 3732 non
734 3652 868 3759 quoad
891 3677 1037 3731 omnes
1058 3649 1295 3758 qualitates)
1318 3649 1381 3731 di-

196 3786 303 3868 eitur
334 3787 516 3906 perfecta
546 3813 620 3894 per
649 3787 782 3867 solam
813 3785 1089 3892 signaturam.
1134 3787 1200 3866 Ita
1241 3785 1375 3867 Burb.

184 3919 279 4026 jur.
315 3921 474 4002 Esaias.
510 3922 623 4003 nnio.
659 3921 729 4002 lib.
765 3925 810 4020 3,
849 3921 951 4030 Cup.
989 3924 1064 4020 13,
1099 3947 1139 3999 n.
1178 3924 1284 4000 199.

284 4054 503 4135 Secundus
534 4055 685 4136 modus
722 4053 962 4162 acquirendi
1010 4052 1273 4160 privilegium
1319 4058 1381 4131 est

197 4191 526 4290 communicatio,
561 4189 716 4270 seilicet
762 4189 925 4296 quando
973 4186 1170 4295 Superior
1214 4183 1379 4293 privile-

197 4323 329 4430 gium,
353 4326 462 4432 quod
488 4324 559 4404 uni
590 4323 832 4431 simpliciter
857 4321 1076 4422 consessit,
1100 4320 1224 4402 etiam
1246 4321 1298 4401 ad
1320 4317 1376 4398 al·

195 4465 331 4539 terum
347 4435 350 4440 ⁵
365 4459 574 4561 extendit3
607 4458 664 4539 ita
685 4456 901 4567 privilegia
922 4457 1046 4538 unius
1068 4453 1374 4553 Universitatis,
