3380 5132
522 437 622 484 ιω
644 437 676 482 v.
701 454 742 465 -
768 437 951 485 rmmnsc
1279 420 1323 487 39

144 590 210 644 res
251 562 373 643 malis
413 587 675 670 praecavere,
708 561 993 671 delinquentes
1028 563 1248 670 corrigere,
1282 573 1322 646 et
1408 627 1410 636 ,

143 697 377 797 emendare,
397 696 534 778 media
556 695 842 778 convenientia
872 695 1077 796 ordinare,
1097 705 1137 778 et
1157 698 1191 778 si
1215 725 1322 806 opus
1473 691 1477 698 ’

143 831 282 932 luerit,
302 832 428 912 etiam
460 831 510 914 ad
533 829 843 938 inquisitionem
863 830 1084 938 specialem
1112 832 1318 940 progredi.

146 965 394 1073 Hujusrnodi
414 965 626 1073 inquisitio
648 965 741 1046 licet
766 964 972 1046 ordinarie
1002 965 1165 1046 nonnisi
1188 974 1323 1074 pater-

142 1125 194 1180 ne
215 1097 430 1206 (canonice
450 1105 604 1198 tamen,
624 1105 664 1179 et
692 1097 892 1206 legitime)
909 1097 996 1198 fiat,
1030 1105 1163 1205 potest
1185 1107 1322 1182 tamen

144 1232 269 1313 etiam
295 1230 547 1338 judicialiter
578 1231 738 1314 institui
770 1258 821 1313 ex
854 1257 967 1311 mero
989 1231 1125 1314 olficio
1148 1232 1320 1339 judicis,

144 1367 219 1446 etsi
251 1363 366 1446 nulla
386 1365 436 1446 de
457 1365 635 1468 delictis,
653 1366 718 1447 vel
739 1365 1074 1474 delinquentibus
1104 1370 1323 1476 praecedat

144 1484 332 1602 infamia,
352 1527 428 1582 nec
448 1501 626 1609 alicujus
657 1508 803 1608 urgeat
824 1500 1101 1583 denunciatio.
1130 1502 1256 1583 Putet
1280 1502 1323 1584 id

143 1661 198 1714 ecc
231 1635 334 1746 Cup.
364 1633 462 1715 lde
495 1635 615 1744 Offic.
655 1633 820 1734 Orda,
857 1640 894 1714 et
924 1660 977 1714 ex
998 1635 1074 1744 leq.
1102 1639 1161 1716 13
1183 1637 1243 1744 ff.
1270 1635 1319 1716 de

148 1768 267 1876 Offic.
313 1767 510 1850 Praesid.
549 1767 602 1849 Et
637 1766 741 1849 ratio
779 1775 855 1868 est,
898 1766 997 1875 quia
1032 1755 1221 1876 superior
1261 1767 1321 1850 sic

143 1901 305 2008 agendo
325 1929 403 1984 suo
429 1901 630 1984 satisfacit
660 1901 837 2010 pastoris
868 1901 1047 2002 muneri,
1083 1902 1192 2010 quod
1213 1903 1319 1983 sacri

142 2057 321 2116 canones
351 2035 408 2115 illi
446 2061 587 2116 severe
618 2034 849 2142 imponunt,
885 2041 924 2114 et
953 2033 1079 2114 simul
1120 2033 1321 2116 satisfacit

143 2168 276 2251 officio
312 2169 482 2278 jndiciS,
528 2168 650 2275 cujus
681 2175 743 2248 est
774 2167 1056 2274 delinquentes
1087 2168 1249 2275 punire,
1284 2178 1323 2249 et

145 2303 371 2386 Ecclesiam
395 2301 563 2384 amalis
584 2300 826 2381 hominibus
845 2325 1040 2408 purgare.
1072 2299 1323 2405 Peregrinus

137 2446 251 2548 port.
277 2439 417 2518 5sect.
437 2440 484 2536 2,
504 2463 545 2516 n.
565 2437 645 2518 23.
661 2433 781 2526 Quod
803 2439 943 2512 autem
965 2431 1017 2512 ad
1039 2431 1163 2524 istam
1188 2432 1324 2540 inqui-

143 2571 334 2654 sitionem
381 2569 702 2679 promovendam
744 2593 826 2648 non
872 2566 1106 2675 requiratur
1150 2567 1322 2650 infamia

141 2705 407 2816 praecedens,
441 2711 513 2784 aut
533 2701 810 2803 denunciatio,
837 2701 877 2781 id
892 2701 1135 2810 probatura
1160 2702 1317 2782 Concil.

147 2838 265 2920 Trid.
286 2837 453 2936 Sessr,
487 2863 577 2947 cup.
611 2840 657 2936 8,
688 2861 785 2916 ,sess
820 2839 899 2933 21,
933 2860 1024 2945 cop.
1060 2837 1107 2934 8,
1133 2861 1208 2914 nec
1239 2860 1319 2914 non

143 3000 169 3054 a
199 2973 439 3081 quotidiana
468 2969 655 3052 omnium
687 2967 956 3052 tribunalium
986 2967 1120 3074 praxi.
1157 2967 1209 3048 Et
1229 2993 1316 3048 me-

143 3106 239 3210 rito,
262 3101 360 3215 quia
390 3131 463 3214 per
492 3131 584 3186 eam
614 3101 717 3184 nulli
758 3101 805 3182 fit
844 3100 1009 3207 injuria.

231 3239 340 3334 Quid
372 3245 512 3320 autem
548 3235 767 3317 dicendum
799 3233 848 3314 de
877 3230 1049 3340 speciali
1088 3231 1321 3338 inquisitio·

143 3379 222 3456 nel
239 3373 439 3482 Specialis
459 3369 671 3480 inquisitio
688 3375 760 3470 est,
779 3393 885 3476 quoe
897 3367 957 3474 fit
975 3365 1024 3445 de
1042 3373 1153 3445 certa
1174 3364 1318 3473 aliqua

135 3533 317 3621 persona
335 3513 520 3618 suspectu
541 3505 592 3586 de
613 3504 799 3603 crimine,
823 3502 910 3582 sive
940 3499 1129 3600 habetur,
1154 3498 1318 3608 quando

139 3641 286 3750 judex,
319 3642 483 3750 cognito
523 3639 686 3740 delicto,
725 3637 774 3718 de
811 3641 923 3717 certa
963 3633 1102 3743 aliqua
1142 3657 1320 3742 persona
1369 3641 1371 3648 “

142 3775 326 3884 inquirit,
350 3783 493 3858 contra
523 3799 649 3881 quam
681 3768 863 3880 suspicio
889 3769 1029 3878 gravis
1073 3767 1316 3877 praecessit,

142 3919 214 3990 aut
235 3909 478 4010 diffamatio,
504 3914 576 3988 aut
598 3906 680 3986 alia
702 3903 853 3986 indicia
883 3901 1041 4010 gravia.
1062 3901 1153 3983 Hoc
1182 3901 1317 4009 posito

141 4043 369 4150 quaeritur,
402 4049 543 4123 utrum
566 4039 618 4121 ad
643 4034 879 4147 hujusmodi
914 4034 1222 4143 inquisitionem
1244 4033 1320 4113 rite

80 4187 81 4192 '
141 4175 373 4259 faciendam
405 4175 655 4284 requiratur,
685 4179 730 4253 ut
759 4169 976 4280 praecedat
1007 4165 1180 4247 infamia
1211 4164 1318 4246 Reii

228 4309 338 4391 Huic
368 4303 679 4413 interrogationi
711 4301 1025 4412 respondemus
1055 4299 1162 4408 juris
1198 4324 1321 4380 cano·

140 4443 220 4525 nici
244 4442 431 4550 regulam
458 4466 549 4522 esse
581 4463 662 4520 non
684 4462 806 4547 posse
836 4434 1090 4544 superiorem
1112 4431 1321 4541 judiciali-
