3356 5118
337 348 404 415 344
505 415 509 422 ,
634 365 901 414 mmucuonua
926 366 1199 414 serracenorum

339 498 539 604 irrogata,
564 503 636 575 aut
657 494 753 575 aliis
777 493 1053 602 irrogantibus
1073 519 1187 602 opem
1210 493 1330 602 forte
1362 493 1511 596 tulisti,
1626 477 1627 486 ἶ

336 639 408 712 aut
438 631 537 710 haee
570 632 611 710 in
625 631 785 740 peritia
804 637 876 708 tua
895 629 979 708 siue
1006 627 1252 737 negligentia
1272 638 1510 728 euenerunt,

324 767 425 872 jure
444 792 566 876 super
582 765 645 848 bis
666 765 909 871 satisfacere
930 769 1100 872 oportet,
1120 789 1190 842 nee
1213 763 1456 871 ignorantia
1477 771 1514 844 te

335 907 518 1000 excusat,
550 901 589 980 ei
627 901 733 980 seire
771 897 945 979 debuisti
972 923 1028 984 ,ece
1053 896 1176 1005 facto
1208 905 1275 979 tuo
1313 898 1514 1002 injuriam

303 1083 308 1092 ·
334 1035 614 1116 verisimiliter
637 1059 757 1143 posse
777 1035 1020 1143 contingere.
1046 1031 1303 1114 Concordant
1326 1033 1431 1143 Cup.
1461 1040 1511 1132 6,

334 1177 371 1250 et
401 1174 445 1270 7,
480 1167 568 1249 eod.
605 1173 669 1250 tit.

392 1303 474 1385 Sed
495 1302 592 1411 quid
615 1303 852 1402 dicendum,
876 1302 911 1382 si
942 1302 1035 1410 quis
1056 1327 1222 1382 omnem
1252 1301 1511 1410 diligentiam

335 1437 579 1536 adhibuerit,
608 1464 657 1518 ne
689 1439 887 1520 damnum
908 1435 1133 1536 obveniret,
1159 1437 1223 1517 vel
1243 1437 1390 1517 saltem
1412 1436 1512 1516 abs-

333 1601 412 1682 que
433 1599 512 1654 sua
542 1572 770 1680 inju1·ia,et
800 1571 1050 1680 negligentia
1080 1571 1279 1652 damnum
1309 1570 1502 1652 obvenit?

332 1707 422 1788 Hoe
453 1705 494 1786 in
525 1733 626 1788 easu
657 1707 709 1788 ad
740 1707 878 1788 damni
915 1707 1215 1813 reparationem
1247 1705 1416 1788 minime
1453 1717 1514 1786 te-

333 1839 419 1922 neri
451 1839 608 1921 eruitur
638 1868 688 1921 ex
720 1841 856 1922 verbis
887 1841 987 1947 ipsis
1018 1846 1086 1923 eit.
1126 1843 1288 1952 Cap.9
1330 1841 1373 1923 b.
1404 1849 1433 1922 t.
1460 1885 1514 1896 —

332 1975 388 2054 ibi
409 2019 462 2030 —
482 1976 604 2058 Saeua
645 1983 702 2056 est
742 1983 876 2056 tamen
917 1979 959 2057 in
991 1976 1062 2057 illo
1102 1975 1332 2077 dicendum,
1365 1980 1437 2084 qui
1467 1985 1513 2057 ut

332 2108 567 2222 (damnum)
605 2139 684 2193 non
724 2110 940 2212 accideret,
974 2111 1024 2193 de
1053 2111 1369 2222 contingentibus
1400 2109 1508 2194 nibil

331 2249 483 2330 omisit.

681 2645 918 2728 TITULUS
950 2645 1166 2728 XXXVII.

798 2916 861 2995 De
884 2916 1043 3028 poenis.

415 3175 518 3257 Cum
551 3177 602 3258 Β.
638 3176 914 3287 Raymundus
944 3178 986 3257 in
1017 3179 1356 3286 praecedentibus
1373 3181 1510 3262 titulis

328 3313 378 3394 de
409 3311 535 3392 variis
566 3311 738 3413 delictis,
772 3322 812 3394 et
842 3311 1084 3394 criminibus
1116 3313 1192 3394 fori
1226 3313 1504 3397 Ecclesiastiei

326 3471 559 3528 sermonem
591 3443 828 3544 instituerit,
861 3443 972 3527 haud
1003 3445 1207 3528 immerito
1239 3474 1348 3528 nune
1387 3473 1505 3555 prae·

326 3587 483 3660 sentem
506 3579 556 3658 de
577 3577 720 3685 poenis
750 3577 931 3686 subjicit,
956 3581 1134 3689 eoquod
1156 3588 1322 3690 propter
1343 3581 1504 3684 delicta,

325 3719 365 3791 et
395 3709 571 3790 erimina
601 3737 756 3818 poenae
788 3711 1070 3819 imponuntur,
1105 3739 1156 3794 ne
1187 3714 1372 3796 maximo
1406 3711 1508 3793 Rei-

324 3843 513 3953 publicae
545 3844 695 3926 damno
726 3845 928 3955 impunita
959 3854 1219 3929 remaneant.

409 3979 462 4061 Et
491 3977 638 4060 merito
669 3979 849 4087 quidem.
884 3979 999 4074 Quos
1030 3981 1140 4062 enim
1177 3981 1218 4061 in
1260 3981 1395 4064 offieio
1429 3987 1507 4062 mi·

324 4113 435 4194 nime
465 4113 645 4196 eontinet
674 4112 839 4196 virtutis
879 4139 1010 4214 amor,
1054 4122 1126 4196 aut
1166 4115 1287 4197 timor
1327 4114 1503 4197 Divinae

325 4243 543 4348 vindictae,
576 4273 648 4327 eos
677 4271 814 4329 amere
847 4273 872 4328 a
901 4247 1011 4328 malo
1037 4247 1170 4355 juvat,
1211 4247 1294 4330 imo
1335 4275 1505 4331 neeesse

324 4383 388 4457 est
416 4377 559 4484 poenis
589 4379 825 4486 propositiS.
