3360 5126
334 383 403 449 283
641 401 909 448 rcasnmrmnus
930 401 1023 448 rums
1047 399 1205 446 canonici

338 527 615 638 percepissent
644 555 696 609 ex
729 537 874 610 mutuo
892 528 1014 637 juxta
1035 527 1141 610 hanc
1163 535 1304 609 texam
1325 527 1524 635 legalem,
1631 535 1639 640 ξ

338 671 379 744 et
408 659 573 770 quidem
604 661 693 742 sine
716 661 802 742 ullo
824 662 961 760 tituto,
986 659 1225 768 respondit:
1255 686 1335 740 non
1356 688 1440 742 esse
1461 665 1528 745 in·
1635 647 1641 704 t

335 794 594 904 quictandos,
612 795 836 899 dnmmodo
845 797 997 908 parati
1018 797 1099 876 sint
1115 795 1392 904 obtemperare
1406 823 1526 879 man·
1641 795 1644 846 ³

338 929 447 1012 data
465 932 565 1022 etos,
584 934 625 1011 si
640 929 865 1038 aliqnando
876 931 1053 1040 prolata
1068 933 1147 1010 crit
1162 928 1306 1037 aliquo
1322 930 1401 1010 ltac
1418 933 1463 1012 in
1480 961 1526 1014 rc

339 1063 549 1169 definitio.
584 1064 861 1146 Foecunditas
883 1073 1024 1146 autem
1049 1062 1247 1172 pecuniae
1268 1072 1330 1144 est
1352 1065 1453 1146 alter
1474 1067 1526 1148 ti-

341 1195 469 1276 tulus.
506 1195 625 1278 Certe
647 1223 729 1278 non
753 1206 816 1278 est
836 1198 1010 1280 dicenda
1032 1195 1229 1304 frugifera
1250 1197 1439 1304 pecunia,
1463 1198 1525 1280 uti

340 1329 532 1437 frugiferi
564 1339 660 1413 sunt
691 1331 821 1433 fundi,
857 1333 928 1414 sed
959 1331 1135 1413 dicenda
1161 1339 1223 1410 est
1244 1330 1442 1438 frugifera
1463 1359 1526 1413 re-

343 1463 494 1546 latione
528 1464 672 1546 habita
702 1466 753 1546 ad
780 1475 932 1548 statum
956 1464 1167 1546 socialem.
1192 1464 1308 1544 Adeo
1330 1465 1439 1545 enim
1463 1465 1527 1544 in-

344 1597 551 1678 valescere
586 1607 720 1706 potest
750 1599 1060 1700 commercium,
1094 1606 1141 1680 ut
1170 1597 1265 1680 licet
1289 1599 1381 1707 quis
1404 1625 1526 1707 pecu-

342 1731 411 1810 nia
441 1757 522 1810 non
553 1739 709 1830 utatur,
734 1741 871 1814 tamen
908 1733 1070 1814 fructus
1091 1732 1302 1840 suscipere
1324 1732 1454 1841 possit
1474 1733 1526 1812 ab

340 1863 559 1944 existentia
589 1865 804 1972 pecuniae.
841 1866 950 1948 Vide
981 1867 1099 1975 Gury
1130 1866 1250 1946 theol.
1285 1866 1435 1946 moral.

399 1997 522 2080 Nunc
552 1999 604 2080 ad
626 2025 782 2107 poenas
805 2009 947 2082 contra
968 2001 1183 2082 usurarios
1213 2007 1390 2082 statutas
1415 2007 1531 2082 tran-

342 2161 510 2217 scamus
542 2143 716 2244 oportet.
741 2138 799 2218 At
821 2136 1064 2245 priusquam
1096 2137 1144 2216 de
1166 2135 1267 2244 ipsis
1288 2134 1525 2244 loquamur,

346 2278 475 2378 atque
516 2297 822 2372 enumeremus
866 2271 948 2352 duo
997 2279 1097 2351 sunt
1142 2270 1523 2351 animadvertenda.

350 2407 407 2483 l.⁰
444 2403 605 2483 Poenas
636 2411 813 2485 statutas
845 2424 936 2484 esse
969 2412 1112 2483 contra
1142 2401 1249 2503 illos,
1283 2401 1353 2512 qui
1375 2429 1529 2484 usur-as

344 2527 575 2643 percipiunt
607 2538 763 2644 absque
796 2536 930 2638 titul0,
957 2537 1018 2618 vel
1040 2538 1075 2617 si
1106 2535 1214 2618 tituli
1247 2546 1406 2645 praesto
1439 2537 1529 2617 siut

345 2695 495 2749 usuras
527 2667 770 2749 immodicas
801 2668 988 2777 exigunt.
1019 2671 1081 2750 2.⁰
1111 2670 1281 2751 Poenas
1313 2680 1529 2778 percutere

344 2827 414 2880 eos
447 2801 675 2902 usurarios
710 2803 777 2909 qui
823 2803 1048 2896 manifesti,
1084 2813 1123 2885 et
1153 2805 1302 2887 notorii
1334 2813 1432 2886 sunt
1473 2805 1530 2884 ita

345 2941 390 3013 ut
420 2959 562 3016 eorum
589 2935 746 3018 crimen
768 2937 884 3020 nulla
905 2938 1245 3045 tergiversatione
1277 2937 1403 3020 celari
1435 2964 1530 3046 pos·

343 3067 411 3168 sit,
449 3067 512 3149 vel
542 3069 761 3176 percellere
793 3097 864 3152 eos
891 3071 1128 3172 usurarios,
1163 3072 1234 3179 qui
1268 3099 1340 3180 per
1363 3083 1530 3154 senten-

348 3203 448 3284 tiam
475 3205 628 3312 judicis
659 3208 832 3292 convicti
866 3215 964 3289 sunt
994 3210 1044 3290 de
1075 3209 1216 3288 usuris
1248 3210 1420 3290 exactis.

405 3339 530 3421 Hisce
560 3341 799 3449 praemissis
832 3369 987 3451 poenae
1018 3352 1161 3424 contra
1181 3343 1399 3426 usurarios
1429 3353 1533 3426 sunt

350 3485 583 3582 sequentes,
623 3478 681 3557 1.·
715 3475 904 3578 Infamia,
939 3503 987 3558 ac
1013 3478 1182 3586 proinde
1225 3479 1527 3587 irregularitaS,

352 3615 473 3712 atque
505 3607 741 3688 inhabilitas
773 3611 823 3690 ad
855 3610 1005 3711 officia,
1031 3623 1071 3692 et
1092 3611 1292 3694 beneficia
1323 3612 1533 3694 Ecclesia-

347 3737 464 3819 stica.
513 3739 656 3821 Canon
698 3746 743 3826 2.
780 3747 821 3846 ἓ.
856 3743 995 3825 Porro
1037 3771 1148 3826 caus.
1185 3749 1230 3828 3.
1275 3753 1429 3854 quaest.
1477 3749 1526 3826 7.

344 3897 436 3982 cop.
482 3875 547 3955 11.
593 3875 642 3956 de
686 3877 933 3959 Eoeccssibcs
979 3880 1289 3962 Proelotorcm.
1335 3881 1400 3961 2.⁰
1442 3879 1528 3962 Pro

345 4005 505 4090 Clerico
546 4019 607 4090 est
649 3993 863 4119 depositio,
899 4011 962 4094 vel
995 4014 1142 4094 saltem
1173 4016 1410 4122 suspensio,
1454 4039 1531 4123 pro

346 4139 449 4222 laico
483 4169 577 4224 vero
608 4147 1001 4230 excommunicatio
1045 4151 1148 4261 Cap.
1171 4154 1214 4231 7.
1241 4149 1282 4231 lc.
1303 4159 1332 4232 t.
1358 4155 1425 4234 3.⁰
1445 4151 1532 4233 Ex-

349 4271 572 4356 cluduntur
602 4277 654 4357 ab
686 4279 966 4362 oblationibus
988 4283 1029 4362 in
1052 4283 1236 4366 Ecclesia
1266 4285 1353 4367 lieri
1376 4287 1528 4385 solitis,

349 4430 426 4485 nec
452 4407 725 4493 admittuntur
746 4415 797 4495 ad
819 4415 961 4496 altaris
983 4413 1341 4502 Communionem.
1372 4423 1477 4530 Cap.
1497 4423 1531 4502 3
