3264 5146
301 421 321 483 8
588 429 879 490 rnnnnncnonus
902 429 995 480 iuius
1018 428 1185 479 canonic!

307 563 343 642 si
369 561 580 643 dubitetur
600 561 650 641 de
671 559 709 640 vi
731 560 950 640 verborum
971 565 1043 638 aut
1063 544 1276 664 signorum
1298 584 1351 637 an
1372 583 1469 638 oon·

309 695 646 776 cludantwnecne.
670 694 715 773 ln
735 692 812 775 hac
843 692 988 772 ultima
1017 697 1154 771 tamen
1185 691 1399 799 hypothesi
1431 691 1467 771 si

308 826 525 908 accesserit
555 825 703 933 copula
732 825 874 925 libera,
908 835 1006 947 tunc
1034 833 1356 932 praesumuntur
1385 824 1467 905 vim

307 960 568 1067 obligationis
588 959 892 1067 praesetulisse,
917 967 956 1039 et
978 961 1029 1040 ad
1050 985 1141 1038 eam
1162 958 1465 1065 suscipiendam

309 1095 436 1176 luisse
476 1093 635 1202 prolata
674 1092 737 1171 vel
777 1090 912 1198 posita
951 1118 1002 1170 cx
1042 1118 1200 1200 crpum.
1238 1117 1327 1200 cap.
1366 1094 1389 1170 5
1421 1091 1469 1170 dc

309 1228 459 1310 condit.
494 1252 634 1337 oppos.
666 1226 764 1306 Sola
794 1234 932 1306 autem
962 1226 1111 1332 copula
1140 1252 1220 1306 non
1252 1234 1314 1306 est
1345 1253 1471 1332 argu-

280 1423 282 1426 ·
310 1370 493 1444 mentum
519 1360 735 1441 indubium
756 1359 1010 1467 sponsalium
1032 1367 1347 1461 contractorum,
1370 1387 1470 1468 que-

307 1497 575 1578 madmodum
596 1521 669 1575 neo
690 1493 771 1574 alia
801 1493 1113 1576 indeterminata
1133 1495 1268 1600 signa;
1292 1494 1384 1576 licet
1404 1479 1470 1577 re-

307 1631 520 1710 tinendum
551 1654 624 1736 pro
654 1635 763 1708 certo
794 1627 862 1726 sit,
896 1627 1004 1734 quod
1035 1628 1243 1734 sponsalia
1263 1656 1315 1707 ex
1335 1629 1467 1736 signis

310 1761 490 1842 indubiis
510 1759 665 1839 firmari
686 1767 725 1840 et
746 1760 918 1866 exprimi
940 1741 1103 1840 valeant
1119 1787 1170 1839 ex
1187 1787 1277 1870 cap.
1297 1761 1412 1842 ffib.
1435 1771 1462 1840 t.

308 1899 524 1979 Caeterum
554 1921 751 2002 personae
782 1893 888 1974 inter
908 1919 1012 2001 quas
1042 1893 1253 2000 sponsalia
1272 1895 1465 1994 eduntur,

309 2031 456 2111 debent
485 2049 575 2109 'esse
610 2028 660 2108 de
690 2027 783 2134 jure
822 2028 994 2128 habiles
1028 2054 1173 2134 nempe
1213 2028 1330 2128 tales
1363 2028 1470 2110 inter

308 2191 411 2273 quas
442 2159 751 2243 matrimonium
782 2162 1000 2268 aliquando
1022 2161 1154 2240 valide
1176 2169 1216 2242 et
1237 2161 1343 2242 licite
1375 2162 1467 2240 iniri

307 2297 455 2397 valeat,
480 2321 574 2376 cum
605 2296 822 2402 promissio
852 2297 910 2376 rei
933 2295 1095 2376 illicitae
1116 2295 1179 2375 vel
1200 2295 1466 2403 impossibilis

309 2457 392 2510 non
412 2437 547 2509 teneat
567 2455 619 2508 ex
640 2457 722 2536 rep.
751 2432 803 2508 58
812 2429 905 2536 jur.
934 2431 975 2508 in
1000 2429 1073 2526 td,-
1097 2429 1203 2509 sicut
1235 2429 1343 2536 quod
1376 2429 1467 2508 illae

308 2589 507 2670 personae
536 2563 711 2644 debeant
740 2589 830 2642 esse
860 2563 1167 2662 determinatam
1193 2563 1344 2642 etenim
1366 2589 1468 2642 non-

90 2677 94 2682 ’
182 2749 184 2753 -
309 2697 387 2776 nisi
405 2721 499 2776 cum
516 2695 784 2775 determinata
799 2721 974 2801 persona
994 2695 1101 2775 valet
1117 2695 1366 2776 matrimonii
1387 2704 1518 2776 tra·'

309 2836 457 2910 ctatus.
478 2828 736 2934 Legitimitas
752 2829 853 2908 haec
867 2854 1137 2935 personarum
1153 2828 1336 2909 strictius
1352 2829 1471 2910 debet

309 2961 477 3069 intelligi
495 2961 537 3041 in
553 2960 830 3068 sponsalibus
851 2989 975 3070 quam
997 2964 1039 3042 in
1060 2961 1350 3062 matrimoniis3
1369 2963 1468 3044 dum

309 3095 432 3195 enim,
458 3101 580 3204 prout
610 3094 651 3173 in
681 3094 1029 3200 subsequentibus
1055 3094 1301 3195 videbimus,
1327 3095 1471 3175 matri-

309 3227 446 3310 monio
477 3229 640 3309 obstare
670 3237 844 3336 possunt
868 3228 1158 3335 impedimenta
1178 3229 1241 3309 vel
1262 3256 1373 3310 mere
1393 3228 1471 3308 im·

308 3362 527 3469 pedientia,
552 3387 656 3469 quae
678 3361 778 3442 illud
799 3362 974 3442 reddunt
1004 3361 1191 3442 illicitum
1211 3363 1470 3443 solummodo

311 3495 374 3574 vel
419 3495 665 3596 dirimenda,
709 3523 813 3602 quae
853 3495 1027 3576 reddunt
1062 3496 1309 3597 invalidum3
1347 3522 1472 3602 quae-

309 3655 485 3736 cumque
516 3629 680 3710 obstant
709 3629 987 3737 sponsalibus
1013 3628 1082 3708 illa
1107 3629 1281 3710 reddunt
1311 3655 1471 3738 semper

312 3762 489 3845 invalida
519 3771 682 3872 propter
712 3765 973 3846 enunciatam
1003 3763 1217 3845 rationem.

428 3901 488 3979 3.⁰
509 3897 726 4006 Sponsalia
745 3906 843 3978 sunt
863 3899 926 3978 vel
948 3899 1218 3979 ecclesiastica
1239 3925 1378 3978 coram
1399 3923 1473 4004 pa·

313 4031 437 4111 rocho
458 4037 498 4111 ct
518 4029 691 4138 testibus
715 4030 776 4109 vel
798 4031 939 4110 cicilio
959 4057 1104 4137 nempe
1126 4031 1282 4138 absque
1303 4029 1470 4138 parochi

312 4165 557 4272 praesentia,
591 4172 631 4246 et
661 4165 741 4245 ista
771 4165 921 4273 pariter
950 4163 1013 4244 vel
1033 4166 1202 4275 publicu
1222 4163 1287 4245 vel
1308 4163 1472 4245 clande-

311 4299 436 4400 stino,
461 4304 583 4405 prout
605 4297 646 4377 in
674 4297 759 4378 loro
791 4305 958 4378 externo
989 4297 1151 4405 probari
1182 4305 1356 4405 possunt
1386 4296 1473 4375 sive

312 4457 385 4537 per
416 4440 555 4530 testes
590 4430 875 4527 instrumenta,
911 4430 973 4510 rel
1003 4429 1139 4539 potius
1174 4431 1320 4537 quovis
1350 4429 1474 4510 desti·
