3386 5126
296 377 362 444 202
601 391 867 442 Pulmoneum
892 389 984 438 curus
1006 390 1163 438 curtorum

297 521 506 630 scopalem
526 519 723 601 habentes
753 519 793 598 in
826 517 1027 598 territorio
1057 543 1151 615 suc,
1191 521 1252 597 4.0
1273 519 1470 602 Praetati

299 657 464 738 tandem
483 655 689 764 reyalores
710 653 885 760 exempti
910 678 960 734 ex
982 651 1247 733 concessione
1268 652 1314 734 S.
1333 652 1466 738 PiiV.

302 791 362 870 lla
393 788 763 894 Schmalzgrueber
793 787 833 869 h.
869 795 900 870 t.
933 815 974 869 n.
1010 787 1114 878 187,
1148 794 1185 866 ct
1218 813 1379 896 sequen.

699 1312 936 1394 TITULUS
967 1312 1072 1394 VllI.

447 1584 512 1663 De
545 1579 832 1674 schismaticis,
866 1587 903 1661 ct
933 1579 1138 1662 ordinatis
1167 1580 1218 1660 ah
1254 1580 1326 1661 ets.
1436 1596 1440 1604 ’

392 1847 642 1955 Compilator
673 1847 938 1930 decretalium
960 1855 1178 1956 postquam
1210 1847 1477 1955 insuperiori

306 1983 424 2064 titulo
442 1983 639 2089 loquutus
660 1989 723 2062 est
744 1982 793 2062 de
814 1981 1045 2082 haereticis,
1070 1982 1214 2061 merito
1236 2007 1345 2062 nunc
1365 1988 1479 2062 tran-

306 2115 433 2198 situm
458 2116 553 2198 facit
583 2117 635 2198 ad
657 2124 914 2224 praesentem
937 2117 1117 2214 titulum,
1145 2115 1251 2196 idest
1270 2114 1322 2194 ad
1348 2113 1482 2197 schis-

308 2250 496 2351 maticos
531 2250 628 2358 quia
658 2251 750 2332 licet
780 2249 1031 2332 schismatici
1063 2275 1145 2329 non
1166 2247 1248 2328 sint
1268 2245 1476 2349 haeretici,

309 2389 488 2464 attamen
519 2385 596 2492 ipsi
628 2385 870 2492 plerumque
901 2383 942 2462 in
983 2381 1188 2464 haeresim
1209 2381 1408 2480 incidunt,
1435 2391 1482 2464 ut

308 2515 462 2596 lactum
493 2544 618 2598 suum
651 2517 934 2617 cohonestare,
968 2523 1007 2596 et
1044 2515 1259 2597 defendere
1301 2515 1477 2617 valeant,

308 2674 384 2730 ceu
416 2675 513 2729 mox
546 2650 586 2730 in
619 2648 759 2755 aprico
790 2649 1070 2730 collocabitur.

395 2783 573 2863 Duabus
603 2781 790 2889 partibus
820 2789 983 2864 constat
1012 2807 1208 2889 praesens
1239 2781 1418 2863 rubrica.
1439 2781 1483 2861 In

309 2914 441 3023 prima
481 2921 596 3021 parte
636 2915 861 3023 quaeritur,
900 2941 1105 3023 quaenam
1147 2941 1303 3024 poenae
1343 2923 1485 2996 contra

307 3048 593 3130 schismaticos
623 3050 675 3129 ab
706 3050 891 3130 Ecclesia
921 3051 1167 3131 constitutae
1203 3049 1306 3150 sint,
1341 3049 1382 3130 in
1419 3075 1485 3130 se·

308 3183 445 3263 cunda
476 3209 571 3263 vcro
602 3183 829 3292 quaeritur,
858 3184 955 3292 quid
978 3183 1228 3264 censendum
1251 3183 1299 3263 da
1322 3183 1485 3264 actibus

310 3313 482 3398 istorum
504 3315 878 3432 schismaticorum,
913 3323 952 3397 et
972 3317 1213 3424 praesertim
1246 3317 1295 3397 de
1320 3315 1487 3396 ordina·

310 3449 419 3530 tione
456 3453 508 3531 ab
540 3451 643 3560 ipsis
673 3450 882 3558 impertita
911 3449 1072 3531 Harum
1108 3457 1249 3531 tamen
1279 3448 1488 3557 quaestio-

314 3609 415 3662 num
438 3583 728 3664 resolutionem
750 3583 904 3664 claram
935 3582 1086 3664 habere
1107 3584 1218 3664 haud
1241 3582 1484 3690 poterimuS,

313 3714 390 3793 nisi
428 3715 543 3822 prius
580 3725 767 3797 exactam
808 3716 1043 3799 schismatis
1084 3717 1290 3799 notionem
1333 3717 1489 3797 habue-

312 3845 458 3929 rimus,

399 3979 589 4064 Schisma
611 3983 814 4090 generice,
840 3991 880 4064 et
904 3984 1016 4091 large
1046 3993 1261 4092 sumptum
1293 4009 1487 4092 graecum

312 4140 462 4196 nomen
484 4123 560 4217 cst,
585 4119 694 4224 quod
716 4117 959 4216 scissuram,
993 4125 1033 4199 et
1063 4117 1309 4199 divisionem
1331 4115 1492 4225 signifi-

319 4253 398 4327 cat.
419 4250 477 4329 lta
499 4251 602 4361 Cap.
624 4253 703 4350 34,
723 4278 833 4334 caus.
853 4254 931 4346 24,
952 4281 990 4360 q.
1015 4255 1077 4333 1}
1091 4251 1286 4331 -ibi—
1301 4252 1493 4333 Schisma

316 4378 515 4488 siquidem
548 4383 694 4492 ipsam,
730 4383 839 4492 qnod
871 4411 1062 4493 qraecum
1083 4413 1226 4466 nomen
1248 4392 1319 4478 cst,
1342 4388 1494 4467 scissa-
