3136 5138
452 381 560 432 menn
583 381 628 428 ιν.
653 399 674 413 -
697 379 836 430 rrruuus
858 378 903 426 ur.
1201 367 1262 430 131

111 511 190 610 lica,
223 508 568 618 quemadmodum
599 535 681 588 non
702 506 829 588 semel
850 505 1010 605 institit,
1037 507 1143 587 utin
1167 509 1260 590 Sta-

113 643 222 742 tibus,
247 641 289 720 in
310 640 463 748 quibus
483 640 697 721 inductum
718 647 819 740 erat,
844 645 1117 719 revocaretur.
1142 640 1261 720 Adeo

114 801 194 856 vero
224 775 301 856 luit
331 773 567 855 absolutum
590 773 799 855 Ecclesiae
819 773 960 853 odium
981 780 1122 856 contra
1142 772 1261 854 civile

112 909 364 1008 connubium,
384 914 430 987 ut
445 934 496 988 ne
512 908 687 988 voluerit
702 906 867 1016 quidem
885 906 1051 1012 impune
1073 905 1262 1014 frequen·

112 1042 177 1124 tari
206 1068 229 1122 a
257 1041 450 1122 fidelibus
480 1041 642 1122 illarum
674 1041 905 1148 regionum,
941 1038 981 1118 in
1003 1039 1153 1147 quibus
1174 1048 1262 1120 erat

112 1175 380 1256 Tridentinum
397 1175 616 1257 Decretum
637 1174 959 1283 promulgatum,
979 1172 1020 1252 in
1042 1171 1093 1252 iis
1116 1171 1261 1280 adjun-

114 1308 193 1409 ctis,
224 1309 264 1388 in
286 1309 437 1417 quibus
453 1309 693 1390 Tridentina
713 1309 779 1388 lex
802 1306 960 1416 impleri
982 1332 1063 1385 non
1085 1313 1256 1412 poterat.

111 1442 148 1520 ld
177 1441 369 1548 siquidem
410 1449 569 1522 constat
609 1467 661 1520 cx
701 1431 894 1522 Decretis
920 1437 1261 1546 Congregationis

113 1573 375 1655 Cardinalium
407 1600 479 1681 pro
501 1574 686 1682 Negotiis
709 1573 916 1656 Ecclesiae
938 1573 1173 1654 Gallicanae
1190 1575 1261 1656 de-

116 1715 261 1812 putatae
292 1735 317 1788 a
348 1709 422 1789 Pio
454 1709 510 1790 VI
538 1717 721 1817 tempore
752 1707 985 1788 rebellionis
1006 1707 1101 1788 anni
1132 1709 1256 1789 1791.

115 1839 256 1920 Etenim
288 1868 384 1922 cum
414 1842 684 1922 Lucionensis
715 1841 944 1948 Episcopus
970 1839 1255 1946 quaesivisset:

117 1971 253 2054 «Num
284 1983 439 2056 retento
471 1984 683 2083 tamquam
714 1974 922 2083 publicato
952 1981 991 2054 et
1021 1974 1062 2052 in
1094 2000 1170 2054 suo
1193 2001 1258 2055 ro-

115 2109 198 2188 bore
226 2107 450 2190 Tridentini
483 2112 643 2192 decreto
674 2109 714 2189 in
736 2108 913 2216 singulis
933 2107 1160 2188 Galliarum
1181 2106 1259 2186 Ec-

113 2241 248 2342 olesiis,
282 2241 418 2323 valida
457 2241 613 2323 censeri
654 2241 813 2349 possint
852 2240 1116 2320 matrimonia
1157 2239 1261 2320 inita

112 2400 235 2454 coram
265 2375 427 2456 officiali
458 2375 796 2483 municipalitatis
827 2384 867 2455 et
887 2383 1064 2482 quatuor
1084 2374 1259 2454 testibus

111 2506 146 2584 in
164 2507 242 2588 vim
263 2508 577 2616 praememorati
600 2509 748 2590 decreti
776 2507 993 2590 nationalis
1016 2515 1254 2604 conventus

112 2641 257 2746 quotics
272 2643 437 2750 parochi
456 2643 689 2751 praesentia
705 2641 846 2724 haberi
863 2668 944 2722 non
961 2649 1114 2748 possct3
1129 2665 1260 2747 quan·

110 2773 313 2882 doquidem
343 2776 496 2884 pluries
527 2777 571 2857 S.
597 2776 764 2858 Concilii
788 2775 1058 2883 Congregatio
1080 2773 1258 2854 decrevit

112 2909 285 2990 satisfieri
317 2911 442 2990 menti
465 2911 633 2992 Concilii
655 2910 881 2992 Tridentini
905 2909 1146 2990 celebrando
1172 2935 1261 2988 ma-

112 3040 336 3124 trimonium
368 3069 505 3124 eoram
527 3045 718 3144 testibus,
743 3045 813 3124 ubi
837 3042 1002 3151 parochi
1025 3038 1260 3149 praesentia
1362 3150 1365 3154 Ι

111 3173 235 3256 haberi
253 3182 486 3284 nequeat»
513 3178 747 3285 Superque
768 3155 894 3257 dubio
916 3174 1099 3282 praefata
1119 3172 1262 3252 Cardi-

112 3308 251 3390 nalium
283 3309 555 3418 Congregatio
585 3311 794 3420 respondit
834 3315 955 3416 prout
994 3308 1035 3385 in
1075 3304 1263 3414 Epistola

110 3439 325 3525 Cardinalis
342 3443 492 3524 Zelada
507 3444 557 3524 ad
575 3443 824 3551 Episcopum
837 3439 1137 3520 Lucionensem
1152 3435 1262 3516 edita

109 3574 165 3654 dic
194 3579 246 3658 28
277 3577 389 3684 Moji
422 3579 531 3658 1793
563 3583 587 3679 ἓ
620 3581 667 3658 l:
700 3572 1011 3655 «Lucionensis
1046 3569 1258 3650 Dioecesis

113 3709 277 3791 »fideles
307 3711 512 3792 abstinere
543 3711 710 3792 omnino
741 3710 887 3789 debere
919 3735 944 3787 a
983 3705 1260 3788 contrahendo

112 3844 401 3926 »matrimonio
442 3868 580 3924 coram
621 3841 958 3950 municipalitate,
1001 3847 1074 3920 aut
1118 3861 1256 3919 coram

113 3977 302 4062 »officiali
334 4005 358 4058 a
388 3957 709 4088 municipalitate
730 3975 895 4056 selecto:
920 4000 1015 4055 cum
1038 3972 1146 4052 cnim
1168 3979 1257 4052 tum

113 4142 127 4180 »
144 4109 183 4209 ii,
209 4113 277 4220 qui
299 4111 666 4220 municipalitatem
683 4121 948 4218 componunt,
968 4117 1057 4188 tum
1074 4102 1260 4186 officialis

113 4271 167 4323 »a
197 4245 517 4353 municipalitate
550 4245 717 4346 electus,
751 4243 834 4324 sint
855 4241 1007 4350 publici
1031 4237 1260 4320 functione-

7 4451 8 4506 ἶ
113 4377 205 4482 ›rii,
240 4388 285 4461 ut
315 4379 444 4488 ajunt,
480 4379 756 4461 iuramentum
788 4404 813 4456 a
843 4381 1045 4458 conventu
1063 4369 1258 4454 nationali
