3356 5118
484 393 584 437 muna
606 393 636 437 v.
662 409 705 422 -
729 393 867 439 rrrucus
891 393 1007 438 xxxix.
1267 373 1334 440 379

156 528 265 601 state
296 546 493 601 concessa
524 519 645 600 Petro
677 519 863 599 solvendi
896 520 1070 624 ligatos3
1104 519 1176 600 sed
1213 519 1340 628 hujus

160 655 373 761 potestatis
405 662 522 735 actus
553 661 615 734 est
646 653 852 734 absolutio
884 654 992 734 sicut
1023 656 1236 760 potestatis
1264 681 1339 738 ac-

159 796 229 867 tus
260 795 322 867 est
353 787 510 894 ligatio,
544 813 642 906 ergo
674 814 852 868 censura
883 787 1142 868 absolutione
1174 789 1341 872 dumta-

161 933 233 1002 xat
264 921 348 1003 tolli
381 928 526 1028 potest.
560 923 620 1002 lta
647 919 1017 1028 Schmalzgrueber
1039 921 1083 1002 h.
1108 930 1137 1002 t.
1162 951 1205 1002 n.
1232 923 1336 1002 107.

159 1056 320 1136 Verum
353 1056 405 1136 ad
435 1055 635 1162 speciales
669 1081 867 1137 censuras
899 1057 1215 1138 descendamus

689 1395 810 1518 sa*

479 1641 544 1720 De
574 1642 1009 1722 excommunicatione.

245 1863 628 1944 Excommunicatio
659 1871 721 1944 est
756 1913 802 1922 -
833 1889 1005 1945 censura
1025 1864 1336 1957 Ecclesiastico,

145 2025 384 2112 perquam
426 1997 543 2077 homo
584 1996 833 2079 christianus
870 2026 898 2078 u
939 2003 1231 2092 communione,
1269 2026 1339 2079 seu

151 2158 328 2242 corporo
351 2130 548 2238 fidelium
582 2129 833 2232 occluditur,
878 2140 915 2212 et
954 2133 1082 2222 bonis,
1126 2159 1230 2238 quae
1275 2133 1341 2214 itu·

153 2271 265 2348 inter
293 2291 335 2344 so
367 2269 679 2357 communicant,
708 2265 921 2374 privatur.
956 2309 1015 2330 -
1036 2265 1149 2345 Haec
1170 2265 1338 2374 saepius

153 2397 200 2476 in
226 2395 320 2503 jure
351 2399 431 2478 sub
468 2398 548 2478 alio
590 2398 755 2479 nomine
797 2399 921 2499 venit,
966 2406 1006 2478 et
1042 2397 1192 2479 dicitur
1226 2425 1337 2482 una-

152 2530 312 2613 themu.

245 2665 301 2742 At
331 2661 425 2743 licet
455 2664 533 2744 hoc
564 2665 837 2746 essentialiter
868 2691 949 2746 non
981 2665 1145 2747 differat
1176 2667 1227 2746 ab
1265 2691 1340 2746 ex-

147 2793 544 2893 communicatione,
578 2797 784 2902 discrepat
829 2805 967 2878 tamen
1015 2799 1335 2899 accidentaliter,

147 2957 253 3014 cum
283 2929 420 3010 stricte
452 2937 666 3036 sumptum
696 2933 950 3038 superaddat
982 2934 1165 3040 aliquam
1187 2935 1340 3016 solem·

152 3067 342 3164 nitatem,
376 3071 417 3143 et
446 3063 668 3170 specialem
700 3065 1023 3163 execrationem,
1050 3077 1094 3145 ut
1117 3067 1254 3146 videre
1276 3077 1340 3148 est

152 3201 195 3279 in
232 3199 336 3308 Cup.
362 3197 465 3289 106,
490 3223 602 3278 caus.
624 3199 697 3292 11,
723 3225 764 3305 q.
786 3201 830 3290 3,
856 3197 923 3278 cui
946 3197 1125 3278 concinit
1146 3225 1237 3308 cop.
1259 3201 1333 3293 10,

147 3333 204 3414 de
223 3331 364 3439 judic.

244 3465 631 3548 Excommunicatio
663 3465 744 3546 alia
774 3474 836 3546 est
866 3465 1017 3571 major,
1052 3465 1181 3545 altera
1202 3465 1338 3546 minor

142 3601 272 3708 juxta
311 3626 401 3708 cap.
447 3601 507 3680 59
541 3599 582 3681 n.
624 3607 653 3679 t.
700 3597 1156 3680 Exoommunioationis
1197 3607 1337 3679 tamen

149 3733 319 3846 nomine
349 3733 590 3840 simpliciter
620 3732 779 3839 prolato
812 3733 922 3813 venit
952 3758 1131 3839 semper,
1156 3740 1196 3814 et
1217 3732 1336 3814 intel-

151 3867 295 3973 ligitur
305 3867 441 3972 major
452 3867 520 3950 cit.
536 3893 628 3976 cup.
645 3868 722 3958 59,
738 3865 779 3946 h.
797 3873 826 3945 t.
844 3863 1232 3948 Exoommunicatio
1248 3893 1339 3946 ma·

136 4003 304 4107 jorest,
326 4027 409 4108 qua
421 4000 543 4080 homo
555 4001 809 4082 christianus
819 3997 1337 4080 totaliteraoommunione

151 4133 336 4215 fidelium
367 4133 615 4233 excluditur,
649 4135 755 4214 idest
775 4133 909 4241 privat
930 4133 1064 4214 activa
1093 4157 1334 4213 sacraman-

152 4259 289 4348 torum
321 4266 691 4367 administratione,
718 4267 885 4374 passiva
910 4266 1159 4374 receptione,
1184 4265 1339 4346 suffra·

153 4401 234 4504 giis
254 4401 478 4503 Ecclesiae,
499 4411 538 4483 ct
558 4401 742 4484 fidelium
764 4401 1071 4502 communione,
1097 4399 1184 4482 sive
1200 4400 1338 4509 privat
