1031 1440
418 169 565 183 PRAELEcuomzs
576 170 623 182 wius
635 170 719 183 efflemsi

322 209 363 223 non
379 202 424 222 sine
439 208 514 229 magno
530 204 613 229 peccato
626 204 775 229 perseveratur,
788 202 818 222 vel
833 208 855 222 ea

334 236 379 256 sine
394 242 470 263 magno
480 235 578 256 scandalo
591 236 724 261 dirimuntur;
736 244 745 255 ›
762 238 823 263 prout
832 242 855 256 ex

318 276 341 290 ra
355 269 433 290 ratione
449 270 503 296 quod
519 269 569 290 haec
584 269 731 297 impedimenta
741 269 820 290 soleant
829 269 856 289 la-

317 313 318 322 :
333 303 351 324 si
367 305 416 324 sunt
426 310 452 323 ex
464 303 604 324 fornicatione.
617 303 696 324 Verum
711 303 762 324 haec
775 303 857 330 impedi-

317 340 346 358 ita
360 344 400 357 non
416 337 478 357 latent
492 337 510 357 si
525 339 575 357 sunt
590 343 616 357 ex
631 337 705 364 copula
715 337 812 362 maritali,
823 339 855 357 aut

317 377 341 390 ea
356 376 410 397 quae
421 372 467 390 acta
477 372 508 390 est
519 370 558 390 sub
574 370 642 397 speeie
658 370 791 390 matrimonii.
803 370 856 393 Qua-

317 406 358 431 ptei·
372 410 418 424 meo
432 403 509 430 judicio
526 403 692 431 reprehendenda
702 406 733 424 est
744 403 779 423 illa
789 403 854 428 dictio,

332 437 399 466 quoad
420 437 541 457 affinitatem
561 437 705 458 incurrendam
725 432 856 464 distinguitur

319 477 328 491 1·
346 470 442 498 copulam
462 470 546 496 licitam,
563 473 583 491 et
598 470 696 496 illicitam,
714 473 737 491 ut
751 477 778 491 ex
793 471 856 498 prima

317 504 364 525 litas
380 504 460 525 dicatur
475 511 574 531 exurgere
586 511 652 531 usque
663 504 688 525 ad
699 507 798 531 quartum
812 511 855 531 gra-

317 545 332 563 i,
342 545 368 558 ex
376 537 417 558 alia
425 544 473 558 vero
483 545 549 572 usque
560 538 585 558 ad
594 538 716 563 secundum3
726 545 774 559 cum
783 538 855 558 rectius

318 572 433 592 onsormius
448 572 511 592 menti
522 571 607 592 Concilii
618 572 731 592 Tridentini
747 572 852 596 diceretur,

317 606 327 626 d
335 612 362 626 ex
369 605 443 632 copula
454 605 563 625 fornicaria
570 607 680 626 enascatur
690 605 780 626 affinitas
791 611 853 632 usque

317 639 436 663 seeundum,
448 645 474 659 ex
485 638 526 659 alia
535 639 610 666 oopula
620 641 689 659 autem
705 641 817 659 enascatur
827 638 855 658 as-

317 679 341 692 as
352 679 417 699 usque
428 671 454 692 ad
464 673 560 698 quartum
574 672 669 699 gradum,
682 671 852 699 quemadmodum

317 705 410 726 munitet·
425 705 542 732 intelligunt
552 706 655 726 Auctores
667 705 812 733 profundiores
822 713 855 726 ex-

317 746 331 759 ,ο
339 738 432 759 Sanehez
440 739 488 759 dist.
499 739 526 759 67
535 746 556 760 n.
566 739 587 764 7,
599 741 619 759 et
629 739 676 759 aliis
686 739 792 760 nonnullis
802 739 853 766 apud

319 775 384 793 emart
399 779 432 800 op.
449 775 467 792 et
483 772 521 792 loc.
539 773 573 792 eit.
591 772 651 799 cujus
671 772 709 793 hae
728 773 748 792 in
763 779 786 793 ro
806 773 853 793 satis

317 807 342 825 *ta
350 807 381 825 est
391 805 493 832 opinionis
504 805 644 832 singularitas.
651 805 732 829 Quibus
740 806 852 826 rationibus

317 838 349 859 :dit
359 840 379 859 et
387 838 434 863 alia,
445 845 519 865 nempe
527 845 567 859 non
576 845 621 859 esse
629 838 777 859 admittendam
787 839 853 866 legum

317 872 418 893 eotionem
440 875 510 899 utpote
529 872 630 897 odiosam,
647 872 687 892 nisi
703 873 723 892 in
744 872 828 893 casibus
842 879 853 892 a

330 912 427 933 expresse
442 906 525 926 notatis.

328 940 359 960 4st
374 940 403 960 At
417 940 466 966 quid
482 940 566 960 demum
584 939 694 960 dicendum
715 940 753 961 erit
770 941 790 961 si
806 941 852 961 haec

317 972 345 993 ila
359 979 408 993 eum
418 973 573 1000 consanguinea
585 973 654 994 locum
665 973 740 994 habeat
752 974 797 1001 jam
806 981 852 995 con-

318 1008 337 1026 te
352 1006 497 1027 matrimonio?
518 1007 693 1034 Respondendum
714 1010 745 1028 est
764 1010 814 1028 tunc
828 1014 851 1028 ex

330 1040 338 1059 l
356 1039 377 1059 Ιι.
395 1042 410 1060 t.
427 1040 529 1067 duplicem
545 1041 621 1061 incurri
637 1047 731 1068 poenam,
749 1048 830 1068 nempe:
843 1052 852 1056 -

317 1072 368 1092 Cum
384 1079 425 1093 non
440 1073 505 1100 possit
524 1074 680 1095 matrimonium
700 1075 764 1095 semel
780 1075 850 1096 initum

317 1105 328 1130 i,
345 1106 418 1126 saltem
433 1106 509 1133 privari
525 1106 571 1134 jure
587 1108 668 1134 petendi
689 1108 781 1128 debitum
796 1114 849 1132 eum,

320 1139 354 1159 tali
371 1139 456 1160 crimine
471 1146 494 1160 se
512 1146 571 1161 reum
591 1141 685 1166 reddidit,
701 1141 797 1169 quamvis
812 1148 849 1162 non

317 1174 362 1193 atur
372 1173 398 1192 ab
409 1173 534 1200 obligatione
545 1174 595 1194 illud
606 1174 710 1195 reddendi.
720 1175 746 1196 Et
757 1175 818 1195 relate
826 1175 849 1195 ad
