3178 5134
340 383 408 447 220
632 393 925 447 emundorronns
948 397 1040 448 suns
1064 396 1235 449 cmomcr

350 527 588 609 hominibus
618 525 683 606 sui
709 525 816 632 juris
846 532 934 607 tum
965 527 1060 608 filiis
1097 527 1288 628 familias,
1331 553 1495 640 quaeque

352 661 476 743 unica
506 659 608 741 ratio
638 658 868 767 adoptionis
898 687 974 742 nec
998 662 1115 769 plene
1136 687 1232 743 cum
1253 660 1495 768 adrogatione

351 794 476 876 veteri
507 820 582 874 nec
611 792 728 900 plene
759 819 854 872 cum
885 793 1055 900 antiqua
1084 793 1301 902 adoptione
1339 793 1496 901 simplici

348 925 555 1010 convenit.
590 925 709 1007 Unde
739 925 925 1033 quaestio
965 926 1145 1034 practica
1183 925 1304 1008 hodie
1343 934 1414 1007 est:
1453 953 1497 1007 an

351 1060 688 1169 impedimentum
719 1058 850 1138 civilis
881 1059 1136 1167 cognationis
1166 1061 1218 1140 ab
1249 1059 1428 1141 Ecclesia
1445 1085 1499 1138 re-

349 1194 561 1302 cognitum
592 1191 811 1272 inducatur
840 1220 891 1273 ex
932 1193 1163 1300 adoptione,
1206 1219 1312 1301 quae
1352 1193 1392 1273 in
1429 1219 1497 1274 usu

351 1355 477 1438 penes
507 1325 753 1408 christianas
783 1334 925 1433 gentes
955 1326 1074 1408 hodie
1094 1333 1229 1408 estex
1249 1328 1430 1434 ipsarum
1451 1328 1500 1408 le·

350 1461 594 1569 gislatione‘l
625 1459 677 1540 Et
706 1485 789 1539 non
820 1460 968 1542 desunt
996 1460 1100 1541 inter
1119 1461 1340 1560 Auctores,
1367 1467 1432 1568 qui
1449 1469 1499 1541 te-

352 1601 477 1675 neant
507 1591 752 1672 sententiam
782 1591 1029 1698 negativam,
1065 1619 1212 1700 nempe
1242 1619 1295 1673 ex
1319 1592 1397 1676 hac
1415 1591 1501 1672 ado·

352 1727 489 1835 ptione
519 1749 601 1806 non
632 1723 728 1804 oriri
769 1725 1055 1830 cognationem
1095 1725 1282 1830 legalem,
1327 1752 1429 1833 quae
1456 1725 1499 1803 ab

352 1859 538 1942 Ecclesia
567 1859 785 1964 desumpta
805 1866 867 1938 est
883 1858 1005 1964 juxta
1025 1867 1267 1966 conceptum
1288 1857 1502 1966 adoptionis

351 1993 462 2102 apud
492 1992 704 2072 Romanos
735 2017 816 2070 usu
846 1998 1046 2098 receptae,
1070 2017 1175 2098 quae
1206 1999 1380 2099 utraque
1400 1993 1504 2097 longe

350 2126 488 2208 differt
518 2150 543 2202 a
573 2123 769 2204 moderna
800 2121 1031 2230 adoptione.
1067 2123 1133 2204 Ad
1153 2149 1277 2229 quam
1298 2131 1506 2204 tamenne

352 2259 592 2340 solvendam
612 2255 890 2362 quaestionem
913 2255 1014 2336 mihi
1037 2255 1199 2336 videtur
1219 2255 1278 2336 sic
1303 2283 1395 2338 esse
1425 2280 1507 2363 pro·

352 2392 595 2490 cedendum,
628 2415 775 2496 nempe
805 2389 1220 2496 praesupponendum
1261 2415 1368 2491 esse,
1410 2389 1505 2497 quod

347 2526 445 2632 jura
459 2523 596 2603 civilia
610 2520 785 2628 alicujus
806 2520 983 2602 nationis
1005 2521 1221 2602 admittant
1237 2511 1502 2630 adoptionem.

353 2659 549 2738 Cessante
580 2654 783 2762 siquidem
812 2653 890 2735 hoc
920 2653 1141 2735 simulacro
1169 2655 1232 2735 vel
1253 2656 1506 2738 concessione

347 2790 456 2899 juris
486 2788 631 2888 civilis,
666 2813 740 2868 nec
779 2786 964 2868 nascitur
1003 2787 1135 2868 civilis
1175 2788 1384 2894 cognatim
1424 2811 1509 2867 cum

354 2923 579 3006 auctoritas
609 2919 846 3002 assumendi
878 2905 1056 3027 aliquem
1086 2921 1128 3000 in
1158 2921 1291 3002 filium
1311 2921 1376 3002 vel
1398 2945 1511 3026 nepo·

354 3067 436 3140 tem
467 3055 537 3164 qui
567 3065 713 3136 natura
746 3053 840 3134 talis
869 3081 951 3136 non
982 3063 1058 3156 est,
1092 3055 1249 3136 oriatur
1279 3081 1332 3134 ex
1350 3055 1443 3162 jure
1462 3051 1512 3133 ci·

353 3193 439 3275 vili.
473 3193 564 3273 Hoc
594 3197 733 3270 autem
763 3196 897 3270 stante
918 3189 1155 3290 simulacre,
1179 3197 1277 3270 tunc
1298 3212 1512 3296 quaecum·

351 3353 433 3434 que
463 3325 627 3406 tandem
659 3323 792 3404 forma
815 3321 884 3422 sit,
907 3348 1070 3430 semper
1089 3350 1140 3404 ex
1162 3322 1381 3429 adoptione
1402 3319 1513 3400 indu·

351 3459 459 3539 citur
490 3457 631 3538 relatio
661 3456 755 3564 plus
784 3455 923 3535 minus
953 3456 1145 3536 notabilis
1175 3455 1281 3536 inter
1320 3455 1512 3563 adoptan-

354 3601 435 3672 tem
466 3599 506 3670 et
535 3591 790 3696 adoptatum,
824 3596 946 3696 atque
967 3589 1042 3670 iste
1063 3589 1205 3698 incipit
1225 3587 1434 3670 numerari
1454 3583 1511 3665 vel

347 3723 441 3829 jure
472 3721 536 3800 vel
567 3719 673 3802 sacto
704 3721 808 3801 inter
837 3721 944 3802 filios
969 3721 1219 3831 adoptantiS,
1245 3722 1353 3802 unde
1374 3744 1514 3828 super-

354 3854 465 3934 venit
494 3879 543 3932 ea
572 3851 690 3950 ratio,
727 3877 852 3958 quam
881 3880 1010 3961 supra
1039 3855 1311 3965 expendimus
1352 3855 1404 3935 de
1443 3880 1515 3961 pu-

353 3987 461 4070 bliea
490 3985 717 4067 honestate.
751 3984 804 4094 Et
833 3985 910 4068 hoc
940 3989 1138 4071 verificari
1176 3989 1295 4070 debet
1334 3989 1378 4068 in
1409 3984 1514 4068 omni

353 4117 622 4226 legislatione,
656 4145 761 4228 quae
790 4120 1049 4228 adoptionem
1081 4129 1276 4231 acceptet,
1310 4121 1392 4202 nisi
1423 4118 1517 4198 veli-

353 4281 449 4338 mus
479 4280 661 4336 asserere
692 4253 845 4334 frustra
874 4283 966 4336 eam
990 4257 1033 4337 in
1054 4257 1264 4340 codicibus
1286 4254 1446 4337 admitti
1468 4253 1513 4333 ad
1567 4229 1568 4258 Ν

353 4387 624 4471 imitationem
656 4393 827 4467 naturae
857 4415 932 4469 seu
969 4389 1193 4472 nativitatis
1233 4387 1436 4470 naturalis
1476 4387 1516 4465 in
