3136 5138
503 435 611 490 urere
633 438 681 487 iv.
705 455 726 472 ·
749 437 888 490 ruerus
910 437 956 488 111.
1278 427 1318 489 91

142 565 247 654 lium
278 565 397 647 illum
428 565 523 650 feeit
552 566 715 648 irritum
746 575 787 648 et
816 565 1016 650 annullat.
1051 567 1095 647 In
1116 567 1200 649 vim
1221 595 1315 677 pro-

141 700 238 782 inde
268 700 418 782 decreti
448 699 561 780 illius
591 701 901 782 matrimonium
922 700 1138 809 antiquum
1160 701 1313 783 dietum

134 841 464 944 praesumptum,
497 833 547 914 de
577 861 658 942 quo
689 834 827 942 agitur
857 863 946 946 cap.
985 838 1038 916 30
1069 835 1309 946 desponsat.

141 969 357 1055 sublatum
389 976 465 1069 est,
499 978 539 1050 et
559 969 869 1052 matrimonium
891 968 1191 1051 clandestinum
1206 971 1317 1078 pari-

142 1113 204 1184 ter
235 1101 358 1183 desiit
386 1127 477 1182 esse
507 1110 644 1183 ratum
664 1109 705 1184 et
725 1103 923 1202 validum,
947 1101 1046 1210 quia
1065 1101 1219 1182 Sancta
1238 1101 1313 1183 Dei

142 1234 331 1318 Eoolesia
360 1235 462 1316 iilud
493 1235 655 1318 initum
686 1235 780 1317 seoit
799 1236 877 1317 hoo
897 1235 1073 1317 decreto.
1099 1235 1154 1316 Ut
1175 1243 1313 1316 autem

142 1367 223 1449 hoo
262 1369 602 1478 impedimentum
642 1369 838 1450 dirimens
878 1367 1216 1451 clandestinitatis
1261 1395 1314 1449 ex

144 1501 278 1580 forma
298 1500 518 1610 respiceret
537 1517 700 1610 quoque
721 1501 1020 1609 legitimitatem
1042 1527 1312 1609 personarum

136 1635 263 1742 juxta
292 1658 414 1742 quem
444 1643 677 1742 respectum
706 1643 868 1716 tantum
898 1642 1072 1744 possunt
1096 1634 1315 1742 proaedere

142 1767 453 1876 impedimenta,
485 1767 576 1849 ideo
606 1767 759 1849 Sanota
789 1769 982 1877 Synodus
1013 1767 1083 1848 illa
1107 1767 1311 1848 locutione

142 1928 222 1982 usa
250 1909 331 2002 est,
364 1901 473 2010 quod
503 1901 706 1983 inhabiles
726 1903 894 1982 omnino
914 1902 1099 1983 redderet
1115 1927 1312 2010 personas

141 2036 194 2116 ad
226 2035 347 2116 aliter
376 2034 699 2116 contrahendum
730 2034 1054 2135 matrimonium,
1087 2061 1211 2143 quam
1232 2035 1311 2114 sub

143 2167 280 2248 forma
309 2167 575 2275 praescripta.
610 2168 702 2262 Quo
733 2197 784 2250 ex
816 2170 976 2251 decreto
998 2167 1167 2249 Conoilii
1198 2167 1311 2247 nullo
1368 2269 1370 2272 Ι

138 2300 266 2382 modo
296 2300 468 2382 infertur
497 2301 722 2408 paroohum
752 2328 843 2382 esse
884 2301 1129 2384 sacramenti
1170 2301 1311 2381 matri-

137 2433 271 2514 monii
309 2433 561 2535 ministrum3
605 2435 702 2542 quin
742 2435 826 2515 imo
865 2435 1068 2516 sententia
1107 2429 1312 2515 contraria

138 2567 264 2648 hodie
296 2567 408 2648 velut
436 2571 548 2648 certa
576 2567 703 2648 teneri
733 2576 881 2676 potest,
915 2565 1154 2676 praesertim
1186 2594 1237 2647 ex
1264 2593 1311 2647 eo

139 2699 254 2806 quod
271 2709 448 2806 nequeat
461 2698 638 2781 dubitari
656 2700 963 2780 matrimonium
981 2727 1060 2780 non
1073 2725 1193 2806 posse
1210 2699 1316 2781 inter

139 2831 374 2940 baptizatos
405 2832 447 2911 in
478 2832 584 2913 faoto
613 2832 840 2914 subsistere
871 2832 1027 2914 ratione
1057 2841 1308 2932 eontraotuS,

139 2963 223 3044 nisi
255 2989 419 3072 quoque
439 2963 640 3046 subsistat
660 2965 702 3044 in
723 2966 880 3047 ratione
900 2965 1160 3046 sacramenti.
1184 3010 1205 3025 -
1224 2965 1314 3043 nti,

138 3123 227 3205 qua
257 3124 368 3178 nunc
389 3097 559 3178 dioenda
578 3104 676 3180 sunt
696 3098 745 3179 de
765 3099 949 3179 Persona
968 3097 1158 3197 Paroohi,
1182 3099 1312 3204 deque

139 3231 236 3338 ejus
264 3231 506 3313 adsistentia
535 3232 643 3313 siout
672 3233 721 3313 de
751 3232 936 3339 delegato
967 3233 1019 3311 ab
1050 3232 1139 3339 ipso
1171 3231 1233 3310 vel
1259 3231 1310 3312 ab

139 3363 377 3448 Ordinario.
412 3365 624 3448 Paroohus
657 3367 777 3448 debet
806 3393 897 3447 esse
928 3365 1119 3475 proprius
1149 3372 1311 3446 eontra-

137 3497 329 3581 hentium
359 3508 431 3580 aut
460 3498 697 3580 alterutrius
728 3499 916 3599 istorum,
957 3497 1138 3606 exeeptis
1174 3497 1307 3605 regie,

137 3657 320 3739 quorum
358 3631 565 3740 paroohus
610 3632 801 3740 proprius
845 3633 980 3740 quoad
1027 3630 1309 3712 adsistentium

138 3763 388 3846 matrimonii
421 3771 484 3846 est
513 3764 595 3865 ille,
629 3765 670 3844 in
700 3765 821 3872 eujus
852 3765 1048 3874 parochia
1077 3772 1172 3846 aotu
1198 3789 1311 3844 oom-

143 3904 360 3979 morantur
389 3907 429 3980 et
458 3897 592 4007 quoad
623 3923 695 3978 eos
725 3898 975 3979 servandum
1007 3897 1197 4005 estquod
1223 3903 1309 3976 sta-

140 4029 273 4111 tuitur
291 4031 344 4111 ab
365 4031 508 4112 eodem
529 4029 710 4112 Conoilio
726 4031 965 4113 Tridentino
980 4057 1075 4110 sess.
1097 4031 1153 4109 24
1169 4055 1259 4138 cop.
1282 4028 1307 4106 7

140 4163 191 4242 ‹le
221 4165 392 4276 reform.
426 4167 608 4246 matrim.
649 4165 810 4248 Sufficit
849 4173 987 4247 autem
1029 4175 1074 4246 ut
1113 4190 1224 4244 unus
1254 4188 1307 4242 ex

139 4297 478 4380 contrahentibus
507 4297 560 4380 sit
590 4322 722 4406 vagus
752 4300 803 4379 ad
834 4297 912 4379 hoo
941 4309 987 4381 ut
1001 4297 1207 4406 parochus
1227 4294 1305 4374 loei

142 4430 183 4510 in
214 4457 294 4538 quo
324 4439 420 4514 aotu
451 4437 773 4534 commorantur,
798 4432 929 4541 possit
949 4427 1210 4514 matrimonio
1235 4426 1308 4507 ad·
