3080 5136
346 420 410 484 272
629 431 920 485 raanancnouus
941 431 1034 482 urnis
1057 430 1226 484 canorum

353 562 461 671 quod
491 559 797 641 matrimonium
827 567 920 667 post
947 558 1136 668 regulare
1151 558 1356 668 judicium
1374 559 1489 640 decla·

353 704 469 778 ratur
497 695 739 795 invalidum,
772 699 873 802 puta
902 693 999 801 quia
1027 701 1282 775 contractum
1325 701 1386 775 est
1412 721 1490 774 cun

352 829 643 936 impedimento
673 835 824 928 metuS,
858 827 1106 934 alteriusque
1135 826 1377 928 consimilis,
1418 827 1494 906 nul·

352 963 439 1056 lum
469 971 532 1043 est
560 962 821 1071 dispendium
850 960 977 1069 prolis
1007 987 1055 1041 ex
1084 960 1158 1041 tali
1187 960 1392 1041 connubio
1415 987 1492 1067 pro

353 1095 530 1204 genitae,
563 1123 667 1204 quae
696 1094 965 1203 legitimitatis
991 1095 1087 1202 jura
1116 1103 1348 1196 conservat,
1390 1103 1491 1202 prout

354 1255 407 1310 ex
422 1229 636 1338 Rescripta
652 1221 827 1310 Causae:
856 1260 875 1304 ‹
889 1228 1057 1309 Nullius
1073 1229 1331 1309 Monacensis
1347 1260 1365 1306 ›
1384 1227 1458 1308 diei
1472 1230 1491 1306 3

353 1363 553 1444 Januarii
587 1365 712 1462 1880,
748 1361 820 1442 ubi
861 1360 1098 1442 Cardinales
1136 1361 1440 1468 rescripserunt:
1476 1407 1492 1419 -

353 1495 419 1575 Ad
454 1497 492 1574 1.
526 1493 817 1574 resolutionem
837 1494 975 1575 datam
996 1493 1063 1573 alie
1086 1495 1136 1572 16
1159 1494 1271 1600 Maji
1290 1494 1396 1573 1879
1416 1518 1492 1572 esse

353 1627 689 1727 confirmandam,
723 1652 867 1734 nempe
899 1633 1085 1707 constare
1116 1625 1166 1706 de
1197 1624 1384 1706 nullitate
1420 1650 1493 1704 ma-

353 1759 532 1841 trimonii
563 1759 604 1840 in
625 1785 740 1859 casu,
764 1759 882 1839 firmo
913 1766 1052 1839 tamen
1072 1758 1115 1837 in
1128 1758 1212 1839 filio
1232 1765 1345 1839 statu
1366 1765 1404 1838 et
1417 1757 1494 1864 jure

353 1892 558 2000 legitimae
587 1891 810 1974 filiationis.
843 1937 864 1953 -
892 1891 958 1972 Ad
988 1895 1029 1973 2.
1065 1878 1128 1974 ad'
1155 1899 1350 1972 mentem.
1391 1891 1493 1972 Mens

354 2031 416 2105 est
445 2032 492 2106 ut
520 2051 593 2133 per
623 2025 912 2106 resolutionem
943 2024 994 2105 ad
1028 2027 1066 2103 1.
1101 2023 1274 2105 dubium
1303 2023 1401 2104 nihil
1436 2023 1490 2102 de·

352 2164 529 2238 tractum
558 2157 612 2238 sit
634 2157 719 2264 juri
749 2165 789 2238 et
818 2156 1054 2263 obligationi
1093 2164 1178 2237 tam
1216 2157 1346 2264 patris
1385 2181 1487 2265 quan

353 2291 495 2371 matris
525 2290 567 2370 in
597 2289 648 2370 iis
672 2317 777 2398 quae
796 2289 1018 2397 respiciunt
1040 2288 1324 2371 educationem
1343 2290 1413 2371 filii
1432 2289 1489 2367 ha-

353 2422 440 2503 bita
468 2424 624 2505 ratione
654 2425 705 2507 ad
736 2422 1022 2531 dispositiones
1048 2423 1154 2530 juris
1183 2423 1336 2532 publici
1366 2432 1404 2504 et
1422 2422 1487 2531 pri-

354 2556 451 2638 vati.
485 2558 632 2639 Teneri
664 2566 852 2667 parentes
884 2559 935 2638 ad
956 2556 1280 2638 conveniendum
1300 2559 1406 2638 intra
1424 2565 1489 2637 tres

354 2715 516 2770 menses
546 2717 571 2770 a
600 2690 665 2771 die
696 2689 921 2797 praesentis
951 2688 1211 2770 resolutionis
1240 2690 1412 2788 deloco,
1434 2686 1489 2766 uhi

353 2821 462 2904 filius
492 2824 754 2905 collocandus
785 2833 825 2906 ct
853 2825 1089 2905 educandus
1110 2831 1185 2924 est,
1210 2831 1250 2904 et
1270 2825 1377 2906 intra
1396 2850 1488 2904 men·

353 2980 441 3035 sem
464 2981 490 3035 a
509 2957 573 3037 die
594 2957 717 3038 initae
737 2956 1018 3038 conventionis
1033 2958 1084 3037 ad
1101 2982 1192 3037 eam
1208 2958 1484 3065 exequendam.

466 3091 523 3169 2⁰.
558 3089 638 3181 Qui
668 3099 781 3171 extra
810 3089 975 3196 nuptias
1005 3088 1069 3169 vel
1098 3116 1193 3170 vere
1221 3090 1284 3171 vel
1325 3089 1484 3198 putative

346 3221 481 3328 justas
511 3229 608 3303 sunt
628 3223 728 3323 nati,
751 3222 953 3303 habentur
972 3250 1045 3330 pro
1067 3222 1303 3329 illegitimis.
1328 3224 1482 3304 Istorum

252 3340 257 3348 ⁵
350 3355 386 3434 si
415 3361 529 3461 pater
558 3381 639 3435 non
669 3363 731 3435 est
760 3361 909 3454 certus
942 3355 1039 3462 quia
1067 3380 1119 3433 ex
1148 3354 1317 3435 muliere
1342 3354 1483 3461 quiden

350 3487 486 3569 soluta
514 3489 585 3570 sed
616 3515 660 3569 se
690 3487 844 3596 passim
874 3488 1140 3596 prostituente
1180 3514 1254 3568 seu
1294 3485 1483 3568 meretrice

350 3622 550 3728 procreati
579 3629 676 3702 sunt
705 3628 903 3703 vocantur
931 3623 1064 3732 spurii
1098 3648 1173 3701 seu
1211 3621 1340 3703 nothi.
1384 3618 1482 3714 Quod

350 3752 386 3833 si
418 3778 443 3832 a
472 3754 558 3832 viro
588 3759 627 3833 et
657 3753 834 3834 foemina
866 3761 964 3835 sunt
1003 3753 1217 3862 procreati,
1260 3754 1366 3834 inter
1400 3776 1484 3859 quos

351 3886 656 3967 matrimonium
687 3894 867 3996 tempore
898 3887 1173 3996 conceptionis
1193 3887 1257 3969 vel
1283 3881 1485 3968 nativitatis

350 4023 421 4097 aut
451 4018 595 4100 saltem
625 4019 863 4102 intermedio
893 4028 1074 4129 tempore
1095 4022 1314 4105 consistere
1330 4024 1481 4129 poterat,

350 4161 449 4234 tunc
479 4153 669 4236 dicuntur
697 4154 769 4235 lilii
789 4157 1012 4236 naturales
1038 4155 1082 4236 Si
1104 4155 1269 4235 demum
1289 4158 1483 4262 parentum

349 4285 609 4366 matrimonio
653 4313 725 4394 per
769 4314 888 4368 omne
932 4287 1033 4368 illud
1076 4293 1237 4396 tempus
1281 4284 1483 4366 obstitisset

350 4419 634 4528 quodcumque
673 4421 1009 4530 impedimentum
1048 4421 1242 4502 dirimens
1281 4419 1344 4501 vel
1379 4422 1483 4498 natu·
