3388 5136
583 423 684 469 manc
706 423 738 469 v.
764 441 805 452 -
830 425 970 472 mruuus
992 427 1042 471 111.
1336 402 1400 468 111

225 553 314 633 sive
345 549 444 659 quia
473 550 570 631 dare
601 550 823 658 temporale
855 559 900 632 ut
929 552 1051 632 finem
1084 551 1142 630 rei
1173 547 1401 660 spiritualis

227 692 291 764 est
321 683 490 791 pacisci,
515 693 555 765 et
586 684 795 764 intendere
825 684 1051 791 temporale
1083 693 1279 790 tanquam
1311 709 1403 789 pre-

226 819 330 899 tium
349 843 477 925 aeque
495 816 558 900 vel
577 817 708 926 pluris
725 818 1020 918 estimandum,
1035 845 1160 926 quam
1172 817 1399 925 spirituale.

226 953 477 1061 Exemplum
508 953 650 1034 haberi
683 961 815 1060 potest
844 954 886 1036 in
919 954 1130 1050 canonico,
1163 951 1232 1059 qui
1264 951 1405 1032 Eccle-

226 1087 333 1166 siam
374 1095 538 1194 peteret,
571 1097 610 1168 et
651 1087 843 1195 psalleret
885 1095 1051 1195 propter
1091 1085 1404 1168 distributiones

226 1219 346 1328 quasi
377 1221 501 1302 finem
531 1221 667 1329 operis
688 1220 754 1302 sui
777 1221 1059 1328 principaliter
1082 1221 1300 1301 intentum.
1325 1219 1405 1300 Hic
1479 1315 1482 1322 Ι

227 1355 336 1434 enim
367 1381 416 1434 ex
450 1354 527 1436 hac
549 1355 781 1436 inordinata
802 1355 1028 1436 intentione
1049 1354 1268 1435 simoniam
1290 1379 1403 1434 corn-

229 1488 421 1570 mitteret.
458 1488 551 1570 Non
582 1515 675 1571 mea
705 1498 768 1570 est
797 1489 1013 1584 sententia,
1046 1488 1120 1569 sed
1147 1489 1191 1568 S.
1217 1487 1402 1568 Thomae

228 1621 298 1700 lib.
334 1626 374 1716 8,
407 1630 562 1729 quaest.
599 1629 639 1720 6,
672 1625 795 1706 artic.
834 1629 873 1720 1,
906 1668 964 1684 -
996 1622 1071 1702 ibi:
1105 1666 1164 1686 —
1184 1622 1234 1702 Si
1264 1621 1405 1702 baias-

228 1755 341 1835 modi
371 1755 674 1838 distributiones
708 1761 852 1870 recipit
883 1759 1005 1866 quasi
1028 1759 1165 1865 finem
1186 1759 1320 1867 operis
1339 1757 1406 1838 sai

227 1889 518 2000 principaliter
550 1895 756 1988 intentam,
787 1895 1007 1974 simoniam
1038 1893 1251 1972 committit
1286 1893 1405 1970 etita

226 2027 463 2107 mortaliter
485 2035 646 2137 peccat.

314 2157 492 2263 Colliges
533 2159 651 2238 tertio
693 2160 802 2264 quod
843 2160 940 2240 dare
981 2158 1204 2265 temporale
1245 2183 1327 2238 non
1360 2166 1405 2239 ut

226 2291 416 2399 pretium,
448 2292 520 2372 sed
554 2299 598 2372 ut
628 2290 840 2398 spirituale
872 2291 1108 2372 conteratur
1137 2317 1189 2370 ex
1211 2316 1405 2397 compen-

227 2425 385 2506 satione
402 2423 594 2530 gratuita,
613 2433 675 2504 est
691 2423 978 2522 simoniacum,
994 2425 1275 2532 compensatio
1292 2425 1401 2506 enim

227 2559 418 2664 gratuita,
451 2586 525 2638 seu
548 2557 745 2664 obligatio
767 2557 1006 2638 antidoralis
1028 2557 1245 2638 deducitur
1267 2558 1307 2636 in
1329 2581 1402 2664 pa-

227 2701 353 2794 etum,
385 2703 424 2772 et
455 2691 610 2772 inducit
640 2718 792 2772 novam
823 2691 1130 2798 obligationem,
1162 2691 1198 2772 si
1231 2718 1313 2772 non
1335 2692 1405 2798 ju-

228 2821 364 2905 stitiae
399 2823 544 2904 sallem
577 2825 797 2922 fidelitatis,
830 2851 935 2934 quae
957 2853 1051 2907 curn
1075 2825 1128 2906 sit
1147 2826 1279 2933 pretio
1300 2824 1407 2906 exti-

228 2957 405 3058 mobilis,
430 2957 556 3039 dubio
588 2960 730 3066 procul
762 2969 930 3067 pactum
963 2963 1095 3042 reddit
1112 2962 1401 3061 simoniacum,

226 3093 303 3173 etsi
344 3093 509 3174 nomine
527 3101 566 3173 et
582 3093 706 3200 pallio
728 3091 992 3199 gratitudinis
1015 3093 1140 3173 volari
1163 3103 1401 3202 quaeratur.
1539 3119 1543 3127 ·

231 3225 340 3306 Sane
371 3226 405 3306 si
438 3227 656 3307 diceretur:
679 3271 737 3288 -
760 3229 826 3307 Do
850 3227 925 3306 tibi
941 3235 1095 3306 centum
1128 3234 1172 3308 at
1202 3227 1307 3308 milti
1337 3227 1406 3306 des

228 3360 486 3458 beneficium,
519 3369 559 3441 et
589 3361 640 3440 do
672 3359 745 3440 tibi
777 3367 942 3440 centurn
978 3371 1023 3440 ut
1054 3358 1152 3438 mihi
1171 3368 1315 3464 gratus
1347 3360 1405 3438 sis

228 3521 301 3600 per
340 3493 599 3573 collationem
642 3493 840 3610 beneficii,
883 3519 926 3572 re
968 3494 1059 3600 ipsa
1099 3491 1210 3571 hisce
1242 3491 1407 3607 duobus

228 3623 365 3706 modis
410 3627 599 3707 eumdem
653 3635 910 3708 contractum
952 3627 1055 3708 effici
1096 3627 1233 3735 palam
1265 3633 1338 3720 est,
1370 3628 1406 3748 si

229 3759 412 3867 excipies
443 3786 607 3856 nomen,
642 3769 681 3843 et
711 3760 850 3842 lusum
887 3763 927 3842 in
960 3762 1122 3862 verbis3
1162 3761 1274 3869 atqui
1298 3761 1408 3868 prior

228 3903 347 3974 aetus
380 3891 592 3976 evidenter
622 3906 684 3977 est
718 3895 1106 4002 simoniacuS,'crgo
1127 3907 1168 3979 et
1189 3897 1402 4004 posterior.

230 4026 286 4106 Ut
326 4027 463 4136 itaque
494 4028 673 4110 simonie
704 4031 869 4138 penitus
900 4031 1097 4132 exularet,
1130 4037 1334 4137 oporteret
1364 4037 1409 4110 ut

228 4161 429 4268 pactionis
446 4163 539 4244 idea
555 4165 724 4246 omnino
741 4173 1017 4246 evanesceret.
1040 4165 1102 4245 Ad
1121 4190 1209 4244 rem
1241 4191 1330 4275 cap.
1350 4201 1409 4236 ε

230 4296 318 4386 an
351 4297 393 4377 in
416 4301 491 4410 pio
515 4326 625 4381 caas.
665 4306 703 4398 1,
736 4331 776 4410 q.
809 4305 927 4394 2,=
947 4299 1086 4382 Omnis
1117 4299 1222 4381 absit·
1245 4301 1405 4412 pactio,
