3178 5134
322 351 388 418 274
547 437 555 451 .
609 361 900 416 renuunorrouus
923 365 1015 416 rurus
1039 361 1207 416 oauourcr

329 497 379 576 iis
408 493 633 577 demortuis
663 493 714 574 ad
754 494 922 608 unicum
952 493 1142 574 effectum
1180 491 1486 598 legitimationis

329 628 469 738 prolis,
503 635 543 709 et
572 625 694 707 etiam
730 626 771 706 in
809 625 887 708 hoc
926 653 1026 708 casu
1067 626 1256 706 effectum
1296 633 1489 733 operatur
1552 603 1555 613 ’

330 787 492 870 quoque
523 760 564 839 in
595 758 798 862 civilibus
823 761 919 868 quia
939 759 1059 840 istius
1079 757 1306 839 sanationis
1325 783 1489 866 semper

331 894 437 974 idem
470 871 532 973 esl
551 901 785 1002 conceptus,
810 893 899 974 Hac
920 893 1075 973 ratione
1096 879 1351 1000 explicantur
1370 891 1492 998 plura

333 1023 561 1133 Rescripta,
596 1051 701 1136 quae
731 1051 756 1106 a
786 1025 829 1105 S.
855 1023 1172 1105 poenitentiaria
1192 1025 1287 1105 data
1307 1031 1405 1104 sunt
1425 1049 1492 1102 sa·

333 1157 510 1238 nationis
541 1157 582 1236 in
621 1157 756 1238 radice
796 1156 1150 1238 matrimoniorum
1191 1163 1283 1264 post
1317 1162 1491 1235 mortem

334 1291 571 1372 eorumdem
601 1291 823 1398 conjugum
852 1291 1068 1400 impetrata
1088 1318 1113 1371 a
1132 1290 1227 1370 filiis
1248 1290 1298 1370 ad
1321 1289 1490 1370 unicum

335 1427 522 1506 effectum
561 1423 879 1531 legitimationis
928 1423 1020 1505 Non
1065 1423 1349 1506 confundenda
1392 1449 1490 1502 vero

335 1565 432 1640 sunt
461 1557 560 1639 haec
589 1555 805 1666 Rescripta
832 1558 1057 1639 sanationis
1087 1557 1128 1636 in
1150 1558 1282 1638 radice
1303 1583 1398 1638 cum
1420 1555 1491 1636 illa

335 1691 534 1792 clausula,
567 1716 671 1798 quae
701 1691 919 1799 apponitur
948 1691 1319 1799 dispensationibus
1349 1689 1492 1770 matri-

335 1826 598 1926 monialibus,
622 1825 775 1907 scilicet
791 1853 885 1908 cum
901 1827 1061 1907 decreto
1077 1823 1382 1931 legitimationis
1398 1849 1493 1930 pro-

335 1956 386 2038 lis
417 1967 509 2038 ante
541 1957 1144 2066 dispensationem,susceptam
1178 1957 1274 2065 quia
1303 1955 1403 2036 illud
1425 1955 1496 2035 dc-

338 2099 494 2202 cretum
525 2099 698 2172 nonest
733 2092 843 2172 aliud
884 2091 961 2171 nisi
1001 2091 1263 2198 Rescriptum
1303 2087 1494 2197 Supremi

337 2223 540 2331 Principis
571 2225 832 2306 ecclesiastici
863 2251 1007 2332 nempe
1039 2225 1175 2332 Papae
1205 2223 1254 2304 de
1293 2221 1497 2330 legitima-

338 2355 446 2436 tioue
476 2357 609 2437 darida
638 2358 746 2457 filiis,
779 2356 848 2464 qui
879 2356 964 2437 nati
995 2364 1093 2436 sunt
1113 2383 1162 2436 ex
1182 2351 1366 2462 personis
1388 2354 1496 2433 inter

337 2514 441 2598 quas
470 2517 612 2571 verum
642 2490 948 2572 matrimonium
978 2515 1069 2570 esse
1104 2515 1185 2570 non
1224 2495 1380 2597 poterat
1420 2489 1494 2568 ob-

338 2631 471 2704 stante
502 2623 589 2730 lege
621 2623 908 2724 ecclesiastica,
951 2632 991 2704 et
1029 2623 1098 2730 qui
1139 2630 1277 2730 utpote
1316 2621 1402 2703 nati
1443 2648 1493 2703 ex

338 2757 530 2836 damnato
561 2757 669 2836 coitu
700 2757 921 2865 nequibant
951 2781 1024 2863 per
1059 2756 1313 2862 subsequens
1353 2754 1495 2836 matri-

339 2889 523 2969 monium
554 2889 767 2995 legitimari
775 2921 786 2991 ;
810 2889 960 2998 quibus
981 2887 1148 2996 proinde
1169 2888 1405 2996 providetur
1425 2912 1496 2994 per

339 3023 547 3103 adnexum
577 3023 797 3126 decretum,
831 3024 938 3132 quod
969 3023 1253 3130 exequendum
1280 3020 1498 3103 committi-

339 3163 407 3237 tur
450 3157 580 3238 eidem
626 3157 832 3238 executori
878 3156 1193 3265 dispensationis
1237 3155 1492 3264 pontificiae:

339 3289 445 3370 unde
476 3290 553 3370 iste
583 3297 743 3397 praeter
772 3289 1054 3370 executionem
1084 3287 1414 3396 dispensationis
1457 3293 1497 3364 et

338 3420 415 3501 hoc
444 3423 649 3504 decretum
681 3419 826 3530 exequi
856 3427 1029 3521 tenetur,
1054 3421 1161 3529 quod
1182 3421 1216 3500 si
1244 3417 1498 3528 praetermit-

338 3563 412 3651 tat,
447 3555 501 3635 illi
533 3556 607 3636 filii
637 3563 847 3639 remanent
877 3553 1090 3660 illegitimi.
1125 3539 1252 3634 Porro
1283 3551 1496 3658 legitimati

340 3713 411 3793 per
448 3686 525 3767 hoo
566 3689 773 3769 decretum
813 3687 875 3768 vel
914 3686 1175 3794 Rescriptum
1220 3683 1497 3792 legitimorum

335 3819 432 3926 jura
470 3829 776 3928 consequuntur
814 3821 855 3913 in
896 3819 1194 3920 ecclesiasticis,
1239 3846 1320 3900 nou
1360 3827 1500 3898 autem

341 3954 382 4033 in
414 3953 617 4054 civilibus
651 3954 749 4062 quia
778 3955 855 4060 ipsi
886 3953 1037 4034 directe
1065 3953 1360 4061 legitimantur.

456 4089 516 4167 4.⁰
546 4085 667 4166 lstius
698 4086 803 4168 tituli
831 4087 1067 4194 quotidiana
1087 4093 1174 4166 erat
1193 4083 1418 4192 antiquitus
1437 4081 1503 4160 al-

343 4219 508 4326 legatio,
532 4219 629 4326 quia
648 4217 916 4326 legitimitatis
932 4199 1060 4326 judex
1076 4225 1163 4298 erat
1178 4215 1377 4317 Ecclesia,
1395 4239 1502 4320 quae

343 4354 463 4434 unice
502 4351 667 4434 videbat
704 4353 754 4434 de
794 4351 1000 4435 validitate
1039 4351 1302 4451 matrimonii,
1348 4359 1386 4431 et
1422 4345 1500 4425 filii
