3380 5132
353 397 417 475 306
639 413 928 464 rannancrronns
951 413 1044 466 Jurus
1068 415 1236 465 canonici

364 564 550 619 »norum
590 539 807 646 conjugiis
851 539 1064 620 hominum
1098 541 1207 640 vitio,
1249 540 1423 620 multum
1454 539 1520 618 vis

364 672 472 751 »illa
491 672 700 752 debilitata
730 681 792 754 est
822 698 1067 778 magnorum
1098 675 1299 754 bonorum
1331 700 1521 780 procrea·

364 805 497 886 »trin
524 805 631 899 Quid
653 814 715 887 est
746 807 854 886 enim
887 807 981 886 boni
1013 808 1121 914 quod
1148 807 1352 914 nuptiales
1368 808 1517 888 'afferre

364 973 382 1012 »
403 939 560 1046 possint
580 941 810 1040 societates
836 941 943 1020 unde
974 942 1192 1022 abscedere
1214 940 1437 1022 christiana
1457 967 1523 1021 re·

363 1107 381 1147 »
401 1072 500 1178 ligio
517 1072 700 1178 jubetur,
720 1099 823 1180 quae
846 1099 993 1180 parens
1014 1084 1076 1154 est
1096 1075 1280 1156 omnium
1297 1074 1515 1174 bonorum,

364 1206 686 1312 »maximasque
717 1206 788 1285 alit
813 1206 999 1306 virtutes,
1023 1207 1207 1287 excitans
1237 1216 1276 1287 et
1306 1206 1519 1312 impellens

364 1341 454 1420 »ad
485 1341 610 1420 decus
640 1366 761 1419 omne
792 1340 978 1445 generosi
1010 1341 1136 1419 animi
1178 1349 1298 1448 atque
1338 1339 1518 1420 excelsi?

364 1473 473 1552 »illa
489 1473 613 1580 igitur
633 1480 791 1553 semota
812 1499 859 1552 ac
881 1472 1043 1579 rejecta,
1064 1474 1378 1580 redigi-nuptias
1398 1499 1519 1579 opor-

363 1616 458 1688 »tet
488 1608 530 1686 in
561 1607 799 1686 servitutem
832 1606 1001 1686 vitiosae
1032 1606 1247 1686 hominum
1278 1615 1448 1686 naturae
1478 1611 1520 1684 et

364 1739 675 1846 »pessimarum
697 1739 956 1820 dominarum
985 1739 1270 1846 cupiditatum,
1294 1739 1522 1819 honestatis

362 1871 599 1952 »naturalis
629 1900 774 1980 parum
798 1873 933 1953 valido
954 1874 1141 1953 defensas
1168 1873 1406 1980 patrocinio,
1431 1871 1521 1951 Hoc

362 2005 510 2085 »fonte
537 2005 751 2113 multiplex
783 2006 964 2086 derivata
994 2007 1208 2113 pernicies,
1233 2032 1313 2086 non
1335 2005 1457 2084 modo
1479 2005 1521 2082 in

362 2177 379 2212 »
401 2139 581 2246 privatas
612 2139 803 2239 lamiliaS,
827 2141 898 2219 sed
920 2141 1043 2220 ctiam
1065 2141 1105 2218 in
1127 2139 1312 2219 civitates
1339 2137 1518 2217 influxit.

360 2272 561 2350 »Etenim
596 2273 766 2352 salutari
807 2273 976 2380 depulso
1007 2273 1081 2352 Dei
1113 2281 1238 2368 metu,
1259 2269 1519 2376 sublataque

363 2441 380 2480 »
401 2432 594 2485 curarum
616 2406 831 2506 levatione,
851 2433 955 2513 quac
973 2433 1178 2515 nusquam
1200 2405 1295 2486 alibi
1313 2412 1375 2484 est
1391 2429 1516 2511 quam

363 2573 380 2610 »
401 2537 443 2616 in
463 2537 659 2644 religione
689 2538 912 2619 christiana
941 2541 1086 2646 major,
1111 2566 1305 2648 persaepe
1326 2539 1386 2637 fit,
1410 2539 1518 2644 quod

362 2705 380 2744 »
402 2681 463 2752 est
480 2673 588 2753 lactu
606 2674 798 2780 proclive,
820 2683 865 2754 ut
880 2675 950 2754 vix
972 2675 1136 2757 ferenda
1156 2671 1405 2754 matrimonii
1427 2695 1520 2750 mu-

362 2839 380 2875 »
401 2831 501 2884 nera
525 2814 565 2885 et
585 2806 719 2886 officia
740 2807 969 2908 videantnr;
994 2815 1033 2888 et
1053 2805 1215 2886 liberari
1248 2805 1370 2885 nimis
1402 2805 1519 2885 multi

362 2936 609 3018 »vinculum
642 2937 780 3039 velint,
814 2941 922 3047 quod
958 2939 1050 3046 jure
1075 2939 1271 3027 ,humano
1307 2945 1347 3017 et
1376 2951 1520 3045 sponte

362 3096 554 3150 >nexum
585 3079 744 3178 putant,
768 3073 803 3154 si
826 3073 1115 3154 dissimilitudo
1147 3072 1421 3179 ingeniorum,
1445 3083 1521 3151 aut

362 3205 617 3306 >discordia
663 3216 734 3288 aut
773 3209 874 3287 fides
916 3210 967 3287 ab
1008 3209 1202 3288 alterutro
1239 3207 1405 3306 violata,
1448 3217 1522 3287 aut

361 3339 615 3447 »utriusque
654 3367 905 3440 consensuS,
950 3341 1103 3420 aliaeve
1144 3367 1317 3421 caussae
1357 3339 1519 3420 liberari

362 3474 601 3554 »suadeant
631 3482 831 3580 oportere.
858 3474 909 3554 Et
938 3475 973 3553 si
1006 3474 1107 3554 lorte
1137 3475 1238 3554 satis
1268 3474 1355 3554 fieri
1378 3499 1523 3580 proca-

362 3607 510 3686 »citati
533 3609 791 3688 voluntatum
822 3609 911 3714 lege
943 3609 1220 3716 prohibeatur,
1246 3617 1333 3688 tum
1356 3607 1520 3715 iniquas

362 3772 379 3810 »
400 3739 579 3820 clamant
600 3767 689 3819 esse
711 3741 837 3847 leges
857 3741 1118 3842 inhumanas
1143 3769 1236 3822 cum
1254 3741 1347 3847 jure
1368 3741 1522 3821 civium

361 3868 622 3951 »liberorum
651 3881 896 3978 pugnantes3
921 3883 1169 3981 quapropter
1190 3874 1357 3953 omnino
1379 3874 1522 3954 viden-

360 4037 379 4074 »
400 4004 498 4084 dum
531 4014 591 4106 ut,
615 4005 696 4086 illis
727 4007 948 4114 antiquatis
980 4008 1280 4116 abrogatisque,
1308 4007 1429 4088 licere
1460 4007 1523 4088 di-

361 4139 532 4218 >vortia
562 4139 802 4220 humaniore
835 4141 923 4247 lege
954 4143 1209 4222 decernatur.
1233 4187 1254 4204 ·
1275 4141 1519 4222 Nostrorum

361 4280 538 4353 »autem
570 4281 799 4381 temporum
832 4275 1137 4381 legumlatores,
1162 4303 1257 4356 cum
1280 4277 1516 4356 eorumdem

360 4403 501 4511 »juris
528 4406 821 4514 principiorum
852 4417 1015 4490 tenaces
1046 4435 1090 4488 se
1121 4435 1168 4489 ac
1198 4409 1405 4490 studiosos
1426 4435 1521 4516 pro-

1566 1867 1576 1893 l

1663 3501 1664 3518 l

1663 3519 1664 3542 l

1663 3561 1664 3584 l

1663 3585 1664 3606 l

1663 4557 1664 4576 t

1663 4603 1664 4634 l

1663 4823 1664 4846 l
