3136 5138
282 337 345 398 1111
569 350 866 403 paramonarius
888 350 982 400 roms
1006 349 1171 402 cenomcl

283 477 412 558 simul
439 479 577 586 jungit
607 480 745 587 plures
778 506 944 560 uxores:
964 479 1177 589 polyriria
1198 485 1335 558 autem
1356 503 1449 556 oum

287 639 370 692 una
400 611 549 692 mulier
578 613 742 694 duobus
772 613 836 693 vel
866 611 1054 720 pluribus
1079 611 1179 690 viris
1209 609 1333 690 simul
1363 633 1453 688 ma-

283 743 569 825 trimonialiter
588 745 818 853 copulatur.
839 743 1125 852 Polygamiam
1145 750 1186 824 et
1206 741 1450 851 polyviriam

281 878 573 959 simultaneam
604 907 694 960 esse
722 880 814 986 jure
836 877 974 960 divino
996 876 1244 985 prohibitam
1264 901 1453 957 eommu-

280 1012 346 1090 nis
380 1020 443 1092 est
472 1011 697 1093 Doctorum
739 1011 942 1092 sententia
981 1038 1030 1091 ex
1068 1009 1203 1091 oitatis
1245 1009 1448 1108 textibus

280 1145 433 1252 quibus
454 1145 620 1226 additur
640 1144 872 1251 dogmatica
892 1143 1071 1225 definitio
1089 1141 1259 1222 Conoilii
1276 1141 1453 1222 Triden-

280 1279 354 1359 tini
383 1306 478 1360 sess,
514 1281 571 1358 24
602 1306 692 1359 eon.
728 1281 754 1357 2
786 1279 835 1358 de
872 1285 1127 1359 sacramento
1161 1277 1449 1357 Matrimonii:

285 1443 304 1486 «
326 1411 361 1491 si
383 1413 477 1520 quis
499 1413 647 1494 dixerit
672 1414 793 1495 licere
815 1413 1049 1495 christianis
1070 1413 1209 1520 plures
1230 1412 1355 1492 simul
1376 1411 1455 1489 ha-

286 1581 304 1620 »
326 1547 422 1628 bere
445 1573 612 1648 uxores,
639 1555 679 1629 et
699 1547 776 1628 hoo
797 1547 912 1628 nulla
931 1547 1021 1653 lege
1042 1545 1181 1626 divina
1200 1572 1292 1626 esse
1312 1544 1455 1654 prohi-

285 1679 473 1762 »bitumz
504 1680 725 1761 anathema
754 1683 865 1762 sit.»
899 1680 1187 1762 Controversia
1215 1687 1376 1760 tantum
1408 1679 1452 1758 in

282 1814 359 1895 hoo
384 1823 461 1896 est:
488 1841 539 1894 an
567 1814 660 1921 jure
682 1841 843 1923 quoque
865 1815 1058 1914 naturali,
1084 1813 1146 1895 vd
1167 1820 1329 1894 tantum
1355 1812 1454 1919 juro

282 1947 458 2057 positivo
488 1947 628 2028 divino
658 1948 760 2028 haee
781 1948 1010 2030 interdictio
1042 1947 1258 2048 habeatur;
1282 1953 1323 2028 et
1344 1947 1453 2027 inter

281 2082 420 2189 plures
450 2082 673 2163 sententias
704 2081 805 2164 haee
836 2083 955 2164 nobis
980 2081 1247 2191 praeferenda
1266 2081 1445 2161 videtur:

280 2215 482 2308 Quamvis
508 2215 601 2322 jure
632 2224 803 2297 naturae
825 2219 875 2298 ad
897 2243 1040 2298 omnes
1070 2213 1319 2296 matrimonii
1341 2214 1449 2294 fines

277 2349 521 2429 obtinendos
552 2349 758 2457 aptiorsit
778 2359 818 2432 et
839 2349 1147 2431 convenientior
1167 2349 1445 2456 monopomio,

280 2483 419 2562 minus
450 2492 545 2590 apta
575 2491 615 2564 et
644 2483 893 2566 conveniens
907 2485 1163 2594 polypomim
1187 2481 1289 2564 haee
1308 2489 1448 2562 tamen

277 2641 372 2694 vere
402 2624 442 2695 et
472 2615 635 2722 proprie
656 2617 875 2724 reprobata
895 2625 958 2697 est
975 2617 1076 2723 jure
1106 2616 1243 2697 diuino
1267 2615 1448 2724 positioo

273 2749 537 2856 primigenia,
572 2747 614 2827 in
645 2774 726 2856 quo
756 2749 832 2830 etsi
864 2775 936 2857 pro
967 2749 1119 2857 populo
1139 2747 1214 2828 Dei
1246 2747 1288 2828 in
1318 2752 1447 2828 veteri

276 2881 365 2986 lege
398 2880 549 2961 directe
579 2882 863 2990 dispensatum
893 2884 961 2985 sit,
986 2892 1025 2964 et
1047 2883 1241 2964 indirecte
1271 2882 1448 2962 fortasse

274 3039 350 3120 pro
381 3013 473 3094 aliis
505 3040 668 3123 quoque
698 3015 877 3124 populis;
902 3016 1167 3098 nihilominns
1187 3043 1239 3096 ex
1260 3015 1446 3097 doetrinzi

275 3147 427 3230 Christi
451 3148 726 3232 instauratum
748 3161 824 3254 est,
844 3161 884 3232 et
904 3160 996 3259 post
1016 3151 1288 3234 suffioientem
1307 3149 1449 3229 Evan-

274 3279 429 3387 gelioae
459 3281 563 3390 legis
593 3284 966 3392 promulgationem
998 3285 1081 3366 vim
1111 3309 1234 3365 suam
1264 3283 1444 3378 exeruit„

277 3421 323 3493 ut
337 3413 575 3522 polygamia
595 3417 810 3498 interdicta
829 3416 884 3498 sit
903 3416 1138 3499 christianis
1154 3416 1326 3524 aliisque
1343 3441 1446 3522 gen-

275 3545 388 3634 tibus
419 3547 627 3630 omnibus:
653 3549 854 3658 polyviria
873 3578 969 3632 vero
996 3579 1077 3632 non
1108 3551 1229 3632 modo
1256 3550 1347 3656 jure
1369 3575 1448 3656 po-

274 3676 397 3758 sitivo
429 3681 567 3762 divino
597 3684 669 3763 sed
701 3691 740 3764 et
761 3685 954 3786 naturali,
977 3685 1122 3767 saltem
1150 3683 1355 3794 praesenti
1376 3707 1447 3762 or-

273 3811 369 3892 dine
399 3822 598 3921 speotato,
635 3816 841 3923 prohibita
879 3846 970 3900 esse
1010 3817 1182 3902 dicenda
1212 3828 1287 3902 est.
1323 3818 1444 3912 Quae

274 3945 499 4053 propositio
531 3974 603 4056 per
633 3958 770 4057 partes
800 3951 858 4032 ita
882 3947 1126 4036 ostenditur.
1151 3952 1260 4035 Nam
1281 3963 1442 4034 eertum

272 4085 335 4159 est
363 4080 642 4189 polygamiam
664 4110 746 4165 non
767 4111 889 4192 posse
919 4089 1108 4194 oomponi
1139 4067 1235 4169 oum
1260 4086 1446 4196 perfecta

272 4211 344 4292 illa
375 4215 620 4322 aequalitate
651 4217 911 4320 conditionis
935 4245 1040 4328 quae
1071 4222 1192 4303 debet
1221 4249 1313 4304 esse
1334 4222 1444 4304 inter

273 4345 409 4428 virum
441 4357 482 4430 et
523 4377 710 4452 uxorem,
753 4351 907 4433 seilicet
940 4363 984 4435 ut
1015 4383 1116 4438 unas
1147 4357 1366 4454 6666166616,Ι
1402 4379 1445 4440 ot
