3380 5132
761 1888 996 1977 TITULUS
1027 1889 1126 1970 XX.

464 2157 530 2237 Dc
559 2155 843 2236 donationibus
875 2157 980 2236 inter
1010 2158 1144 2237 einum
1173 2164 1210 2236 et
1240 2168 1426 2257 docorem,

494 2297 531 2368 ct
562 2289 611 2370 ote
640 2289 731 2370 doto
753 2297 848 2400 post
878 2289 1099 2370 diuortium
1130 2290 1391 2371 restituenda.

482 2689 646 2768 Titulus
668 2688 733 2769 hic
754 2689 889 2797 quoad
910 2697 1126 2798 utramque
1153 2699 1307 2798 partem
1330 2717 1412 2770 non
1432 2715 1531 2770 con-

296 2921 300 2928 *
360 2821 465 2902 tinet
499 2823 577 2902 nisi
599 2821 888 2929 dispositiones
919 2849 1029 2905 mere
1050 2824 1191 2906 civiles
1217 2825 1456 2932 desumptas
1477 2849 1529 2901 ex

362 2954 455 3061 jure
486 2952 786 3056 Romanorum,
830 2957 1096 3064 quas'etiam
1128 2958 1168 3037 in
1205 2983 1282 3036 suo
1313 2953 1527 3036 Tribunali
1634 3047 1636 3050 ¹

362 3087 551 3169 Ecclesia
580 3089 806 3170 servandas
837 3117 927 3171 esse
957 3091 1184 3197 proposuit,
1217 3090 1252 3170 si
1284 3089 1448 3198 quando
1478 3113 1529 3167 ex

366 3221 621 3300 connexione
652 3247 874 3303 causarum
905 3222 1069 3302 eaedem
1096 3223 1356 3330 quaestiones
1378 3219 1420 3301 in
1441 3220 1529 3300 foco

361 3353 642 3435 ecclesiastico
693 3356 1024 3438 determinandae
1076 3355 1378 3436 intervenirent.
1426 3355 1531 3434 Istae

361 3513 485 3592 pomo
522 3467 757 3570 sanctiones
787 3489 829 3570 in
860 3489 1031 3571 diversis
1062 3488 1281 3570 Codicibus
1312 3486 1526 3587 Civilibus,

363 3619 437 3726 qui
465 3620 549 3726 juri
581 3622 791 3703 communi
819 3622 1101 3703 Romanorum
1132 3629 1420 3704 successerunt
1450 3620 1532 3701 fene
1657 3701 1658 3736 ᾖ

368 3751 537 3831 eaedem
568 3763 883 3858 permanserunt
904 3755 1143 3862 praesentim
1165 3755 1274 3835 cinca
1294 3753 1533 3835 donationes
1657 3741 1658 3759 Ν

358 3885 476 3965 inter
497 3885 631 3965 vinum
663 3895 702 3968 et
722 3912 895 3967 uxorem
916 3895 956 3968 et
974 3887 1086 3969 cinca
1115 3888 1251 3968 dotem
1282 3893 1374 3993 post
1400 3875 1535 3966 dinon-

368 4017 475 4098 tium
489 4003 878 4100 restituendam.·At
893 4019 928 4098 si
945 4047 1167 4128 progressu
1182 4019 1378 4126 temporis
1396 4015 1533 4122 aliqua
1656 4015 1657 4063 t

368 4151 410 4230 in
442 4151 493 4232 iis
524 4151 743 4236 inducatur
763 4154 951 4256 venetie,
975 4155 1161 4236 Ecclesia
1191 4179 1273 4233 non
1305 4151 1464 4232 insistet
1494 4147 1535 4226 in

371 4285 573 4368 sen'vando
600 4288 692 4394 juce
714 4289 1015 4390 Romanorum,
1040 4314 1191 4396 easque
1212 4282 1536 4366 modificationes

361 4417 595 4499 dummodo
611 4419 795 4528 justitiae
816 4419 1060 4502 conveniant
1080 4419 1188 4500 laeta
1207 4415 1418 4525 suscipiet.
1443 4413 1538 4494 Non
