3388 5136
583 419 684 466 mane
707 421 737 466 v.
764 441 805 450 -
829 423 968 470 rmunus
990 425 1011 468 1.
1343 405 1386 472 77

209 545 388 647 daretur,
423 546 689 628 manifestum
713 557 896 657 apparet,
923 550 1031 657 quod
1043 551 1172 658 judex
1193 550 1251 631 ud
1271 578 1387 658 quem

210 702 301 760 eam
333 678 493 760 irritare
527 689 679 788 posset.

294 813 514 894 Praeterea
543 839 597 893 ex
628 815 770 896 eodem
803 815 1030 897 Tridentini
1056 810 1177 898 ‘textu
1218 817 1382 924 legitur:

213 975 230 1019 ‹
257 943 383 1026 Nulla
413 947 464 1026 ad
496 945 655 1053 priores
686 947 868 1048 ordineS,
893 950 1063 1054 graduS,
1098 957 1137 1030 et
1167 949 1388 1056 dignitates

212 1079 342 1160 »sive
376 1072 553 1162 honores
594 1081 799 1163 restitutio
840 1083 1093 1188 suffragetur
1113 1114 1150 1162 ›.
1184 1084 1384 1184 lamvero,

210 1212 242 1291 si
275 1238 325 1292 ex
357 1212 538 1294 recitatis
572 1213 801 1294 Tridentini
825 1215 962 1294 verbis
983 1221 1107 1322 patet,
1129 1216 1237 1323 quod
1259 1216 1301 1295 in
1322 1241 1388 1296 se-

89 1449 91 1455 ,
219 1346 352 1426 cunda
382 1345 592 1447 instantia,
617 1374 693 1428 nec
724 1348 1081 1456 Metropolitanus
1107 1375 1182 1429 nec
1203 1348 1383 1450 Primae,

210 1505 283 1558 nec
303 1478 543 1560 Petriarcha
564 1481 694 1587 possit
715 1507 886 1562 causam
909 1480 1197 1588 suspensionis
1214 1482 1266 1561 ab
1288 1483 1387 1590 Epi·-

209 1637 332 1720 scopo
362 1639 412 1694 ex
442 1611 662 1695 informata
702 1614 952 1694 conscientie
982 1614 1089 1694 latae
1119 1639 1380 1720 cognoscere,
1435 1613 1437 1616 ’

209 1771 336 1852 prono
367 1746 492 1828 veluti
527 1747 642 1827 alveo
672 1746 779 1845 fluit,
809 1773 834 1826 a
865 1746 1048 1854 praelato
1090 1745 1285 1856 Episcopi
1317 1749 1387 1829 de·

209 1886 333 1980 crete,
351 1907 426 1963 seu
457 1881 659 1962 sententia
679 1881 995 1990 appellationem
1017 1880 1105 1963 deri
1128 1882 1239 1963 haud
1261 1909 1383 1990 posse

208 2037 281 2093 nec
298 2011 339 2092 in
355 2015 602 2124 suspensive,
621 2014 754 2094 necin
773 2013 1014 2095 decolatico.
1036 2016 1101 2096 Ad
1119 2041 1204 2096 rem
1216 2016 1261 2096 S.
1278 2015 1386 2096 Con-

208 2146 391 2252 gregatio
422 2147 464 2225 in
504 2147 732 2229 Buconica.
770 2150 830 2227 14
861 2146 1081 2228 Nocemdr.
1121 2149 1243 2228 1654
1274 2157 1314 2229 et
1343 2149 1385 2228 in

213 2279 445 2390 Capritunu
480 2283 537 2360 18
559 2281 771 2360 Decemdr.
801 2283 936 2360 1730.
963 2277 1082 2372 Quod
1114 2283 1216 2360 adeo
1238 2307 1385 2361 verum

210 2419 286 2512 est,
320 2419 366 2493 ut
395 2412 430 2492 si
473 2411 714 2519 interposita
755 2397 1027 2519 appellatione
1058 2398 1290 2521 suspensus
1320 2441 1387 2494 or-

207 2543 336 2644 dineS,
373 2553 412 2626 et
442 2545 671 2625 ministeria
701 2571 887 2636 exercere
919 2546 1257 2654 praesumpserit,
1287 2546 1388 2628 irre-

209 2677 469 2783 gularitatem
501 2679 727 2792 incurreret
759 2679 809 2760 ad
852 2679 1055 2759 monitum
1097 2679 1251 2760 Bened.
1287 2679 1387 2760 XIV

211 2808 262 2890 dc
289 2809 443 2918 Synod.
477 2813 660 2893 Dioeccs.
698 2812 767 2892 lib.
806 2817 879 2912 12,
918 2814 1021 2923 Cup.
1048 2817 1094 2914 8,
1128 2841 1168 2894 n.
1205 2815 1249 2894 5.
1276 2811 1386 2906 Quin

213 2944 263 3024 ad
296 2943 572 3050 effugiendam
595 2945 953 3052 irregularitatem,
988 2946 1023 3025 ei
1055 2927 1301 3026 subsumere
1318 2945 1388 3053 ju·

213 3084 341 3176 varet,
367 3077 476 3183 quod
507 3077 726 3189 suspensio
757 3069 994 3185 hujusmodi
1026 3077 1238 3158 retinenda
1259 3085 1383 3178 esset,

211 3207 269 3288 uti
302 3206 385 3289 lata
405 3209 446 3288 in
479 3235 669 3316 poenam.
695 3211 806 3291 Huic
827 3209 936 3289 enirn
968 3207 1196 3290 difficultati
1218 3235 1388 3318 respon·

209 3341 275 3421 det
298 3341 342 3420 St
378 3339 651 3450 Congregatio
684 3342 725 3422 in
757 3341 886 3424 eausa
905 3343 1127 3423 Lusiones.
1160 3343 1388 3451 suspensio·

208 3476 286 3576 nis,
309 3485 347 3556 et
369 3477 658 3587 appellationis
680 3478 888 3587 &Aprilis
908 3479 1032 3558 1848
1051 3479 1075 3578 ἓ
1097 3475 1248 3566 Quibus
1262 3501 1388 3586 prae-

212 3608 360 3708 missis,
394 3607 443 3689 de
474 3633 556 3716 qua
587 3608 774 3692 inferius,

296 3739 595 3822 Verumtamen
627 3744 661 3823 si
694 3771 776 3824 non
809 3744 931 3824 datur
962 3741 1182 3852 appellatio
1214 3743 1266 3824 ad
1296 3767 1388 3823 eae-

160 3908 162 3916 ι
209 3881 319 3954 teres
342 3874 602 3983 Superiores,
630 3876 807 3984 justitie,
832 3885 871 3958 et
892 3877 1073 3958 maxima
1104 3875 1306 3984 aequitaS,
1335 3902 1386 3956 ne

212 4005 299 4087 Reo
330 4007 514 4089 defensio
535 4010 656 4110 desit,
681 4011 832 4092 elamat
858 4021 898 4092 et
928 4009 1070 4116 exigit,
1094 4017 1141 4090 ut
1171 4010 1287 4090 locus
1316 4009 1389 4089 liat

210 4141 396 4223 recursui
428 4143 480 4222 ad
511 4143 733 4224 Summum
765 4143 1020 4225 Pontificem.
1062 4142 1248 4250 Quisque
1278 4141 1387 4222 enim

211 4271 375 4381 ingenio
416 4301 494 4358 suo
532 4276 652 4357 facile
681 4277 868 4386 percipit,
903 4277 1124 4358 Summum
1146 4276 1387 4358 Pontificem

209 4431 290 4488 non
313 4408 498 4516 potuisse
520 4409 600 4490 sub
622 4408 694 4493 illa
714 4410 988 4519 prohibitione
1010 4411 1197 4520 intelligi,
1216 4417 1256 4493 et
1275 4437 1388 4494 com-
