3178 5134
326 417 390 482 204
613 417 907 483 rmnnncrrouns
929 433 1024 484 sums
1048 430 1217 483 cauomcr

332 584 439 640 sam:
480 583 614 637 «cum
644 556 746 636 nihil
777 557 888 640 aliud
909 559 969 640 sic
989 559 1183 640 inducere
1203 565 1336 664 potest
1364 564 1502 664 pater-

332 719 430 774 nam
460 690 733 793 affectionem,
768 700 808 773 et
822 691 979 800 justam
1000 691 1240 800 nuptiarum
1260 689 1502 799 prohibitio-

334 853 443 925 nem,
480 849 604 932 quam
636 825 873 933 hujusmodi
900 853 1047 930 naxuS,
1072 853 1145 934 per
1165 851 1287 933 quem
1308 826 1395 906 Deo
1416 851 1504 906 me·

334 960 471 1042 diante
502 960 666 1039 animae
696 985 839 1040 eorum
871 961 1086 1068 copulatae
1116 967 1273 1041 sunt.»
1313 959 1503 1040 Praestat

335 1099 473 1174 autem
506 1091 677 1174 Berardi
707 1093 833 1174 verba
862 1094 1025 1192 referre,
1071 1093 1223 1201 quibus
1264 1093 1503 1174 universam

336 1225 442 1306 hanc
472 1223 731 1330 cognationis
752 1217 978 1334 spiritualis
1000 1225 1278 1336 impedimenti
1299 1225 1503 1333 originem

342 1363 431 1441 luse
461 1359 639 1466 explicat
669 1359 712 1439 in
743 1368 924 1441 tractatu
953 1359 1003 1440 de
1037 1361 1317 1468 conjugiorum
1335 1361 1505 1466 juribus

338 1494 621 1574 dissertatione
650 1495 719 1574 IV
744 1520 835 1603 cup.
864 1494 946 1574 IV:
974 1494 1200 1574 ‹Pressior
1222 1493 1298 1575 fuit
1319 1493 1506 1574 Trullani

344 1624 543 1706 »concilii
576 1625 753 1705 formula
782 1627 824 1708 in
855 1653 944 1707 ean.
983 1628 1036 1706 53
1068 1627 1221 1733 inquo
1263 1626 1506 1706 confirmata

343 1765 550 1868 »apparet
576 1759 830 1866 justinianae
860 1760 1113 1860 constitutio,
1143 1759 1227 1840 imo
1250 1766 1288 1839 et
1310 1759 1508 1841 traditum

345 1927 362 1967 »
384 1891 461 1973 luit
477 1893 660 2000 insuper,
678 1895 937 2003 spiritualem
952 1894 1215 2002 adfinitatem
1231 1893 1509 1998 conjunctione

344 2061 361 2101 »
384 2053 600 2136 corporum
630 2053 712 2106 esse
741 2027 953 2135 mojorem.
979 2027 1083 2120 Quis
1105 2054 1186 2108 non
1207 2027 1332 2127 videt,
1357 2053 1410 2106 ex
1433 2025 1510 2106 hu-

345 2193 364 2236 »
380 2159 563 2268 jusmodi
585 2160 815 2242 rationibus
836 2162 1006 2270 adjectis
1029 2188 1122 2242 eam
1142 2161 1506 2258 necessitudinem,

346 2326 365 2368 ›
386 2318 492 2400 quae
509 2292 666 2398 origine
687 2321 765 2375 sua
785 2295 854 2373 vix
872 2295 976 2376 inter
995 2295 1287 2402 suscipientem
1308 2301 1347 2374 et
1366 2321 1512 2375 susce-

349 2433 503 2534 »ptum
529 2426 827 2528 continebatur,
857 2428 1071 2536 paullatim
1104 2428 1274 2536 produci
1304 2426 1510 2536 potuisse,

347 2567 433 2640 »ut
472 2561 821 2667 quemadmodum
866 2561 906 2640 in
953 2561 1170 2668 adoptione
1216 2569 1255 2643 et
1300 2559 1513 2640 adfinitate

347 2726 364 2766 »
387 2692 487 2772 certi
518 2692 671 2798 gradus
703 2693 912 2774 constituti
935 2703 1065 2794 erant,
1091 2695 1207 2774 itaet
1233 2694 1357 2774 iidem
1378 2691 1423 2773 in
1446 2717 1514 2773 co-

351 2823 581 2931 »gnatione
611 2825 815 2932 spirituali
838 2826 1129 2933 reciperentur,
1153 2855 1244 2908 cun.
1274 2831 1291 2906 l
1318 2851 1433 2907 caus.
1461 2828 1516 2905 30

351 2985 458 3065 ›qu.
497 2961 548 3038 ll
578 2958 668 3040 Hoc
699 2967 942 3066 argumento
972 2985 1076 3041 usus
1097 2959 1174 3041 fuit
1204 2959 1443 3041 Nicolausl
1474 2960 1516 3038 in

352 3117 482 3170 icon.
523 3093 540 3168 l
576 3115 688 3172 cous.
725 3093 779 3172 30
810 3119 877 3200 qu.
914 3095 953 3192 3,
988 3093 1054 3173 cui
1082 3093 1257 3200 adjicere
1287 3117 1515 3200 possumus
1575 3151 1576 3202 ,

301 3203 304 3209 ’
353 3249 481 3305 »cera
517 3224 559 3322 2,
596 3226 620 3304 3
651 3229 689 3304 et
727 3227 752 3304 5
792 3224 943 3332 quibus
982 3235 1194 3333 receptum
1233 3233 1308 3324 est,
1353 3231 1399 3305 ut
1443 3247 1516 3331 per

353 3390 370 3430 »
391 3356 528 3438 varios
544 3357 699 3464 gradus
714 3356 815 3438 haec
836 3357 1063 3465 spiritualis
1083 3358 1272 3466 cognatio
1294 3358 1517 3468 progrede-

353 3523 370 3562 »
391 3496 517 3590 retur,
551 3517 648 3597 prae
679 3491 824 3571 ceteris
845 3499 999 3591 autem,
1023 3501 1070 3572 ut
1088 3491 1200 3572 fflius
1220 3489 1423 3572 naturalis
1444 3517 1518 3570 su-

352 3623 590 3728 ›sceptoris
620 3631 855 3732 susceptam
886 3651 969 3705 non
999 3633 1139 3733 posset
1170 3627 1334 3725 ducere,
1368 3635 1520 3732 quam-

352 3781 516 3862 »quam
548 3783 630 3837 non
660 3783 803 3839 omnes
834 3759 877 3839 in
907 3759 1014 3841 han‘o
1043 3787 1130 3841 rem
1161 3761 1250 3841 sine
1281 3759 1520 3842 discrimine

353 3890 680 3994 »consentirent
715 3893 921 3975 aientibus
962 3893 1186 3994 nonnullis,
1230 3895 1523 4002 cognationem
1574 3963 1575 4006 ,

353 4025 498 4108 »hanc
538 4027 702 4135 spiritu,
741 4054 823 4109 non
864 4029 1066 4136 sangnine
1098 4029 1299 4131 contrahi,
1341 4057 1432 4111 cun.
1478 4029 1525 4128 7,

354 4194 371 4234 »
393 4185 504 4241 caus.
532 4162 601 4261 30,
621 4187 688 4269 qu.
717 4163 755 4242 3.
777 4161 968 4243 Ceterum
990 4163 1212 4243 recentiore
1234 4169 1383 4263 aetate,
1402 4186 1526 4271 prae·
1574 4149 1575 4161 Ν

356 4293 535 4374 »sertim
571 4303 664 4402 post
701 4295 814 4402 leges
853 4295 1145 4402 longobardas
1190 4322 1367 4404 quarum
1410 4295 1526 4399 lrag-

358 4459 375 4502 ›
396 4431 581 4509 mentum
602 4427 721 4509 estin
738 4425 808 4509 lib.
830 4429 856 4508 2
873 4429 1004 4538 legum
1025 4429 1373 4538 longobardorum
1389 4429 1452 4508 tit.
1477 4429 1525 4526 8,
