3136 5138
344 351 406 416 162
632 365 924 416 rennnucrrouus
947 365 1041 415 rums
1065 365 1234 416 cinonrcr

353 494 518 592 »tutos‘,
553 518 658 572 onus
699 491 936 572 ordinandis
976 492 1277 599 imposuerunt,
1310 499 1353 572 ut
1380 491 1493 572 conti·

309 633 310 638 ‘
355 625 574 706 »nentiam
603 650 648 704 se
679 633 914 704 servaturos
935 625 1021 704 Deo
1053 625 1347 732 promitterent,
1370 651 1413 704 ac
1431 648 1492 701 vo-

354 792 372 827 »
395 765 533 838 verant
573 783 717 837 conon.
757 761 794 856 l,
830 761 854 836 6
887 767 924 836 et
956 758 980 836 7
1017 757 1112 838 dist.
1147 761 1218 856 28,
1261 758 1375 866 quasi
1406 764 1489 836 tunc

353 927 370 962 »
395 892 525 998 magis
548 889 744 972 admoniti
766 889 900 972 clerici
922 891 1176 991 viderentun
1196 919 1246 973 ne
1267 917 1380 999 spem
1403 915 1493 995 nup·

353 1059 370 1098 >›
393 1025 544 1105 tiarum
574 1023 945 1105 contrahendarum
966 1025 1212 1133 quandoque
1233 1025 1486 1132 conciperent.

352 1194 370 1231 >
392 1159 498 1238 Hinc
538 1158 719 1266 prolecta
757 1159 942 1265 quaestio
974 1168 1050 1258 est,
1084 1185 1138 1238 an
1174 1185 1226 1238 ex
1256 1159 1297 1238 vi
1327 1157 1419 1255 voti,
1448 1183 1491 1234 an

351 1327 369 1364 ν)
392 1293 528 1399 potius
568 1319 620 1372 ex
661 1292 699 1370 vi
740 1299 954 1400 susceptae
999 1292 1267 1374 ordinationis
1312 1291 1438 1373 clerici
1472 1315 1493 1367 a

350 1460 369 1500 a
392 1426 547 1534 nuptiis
568 1434 797 1507 arceantur.
822 1425 887 1506 Ex
913 1426 979 1526 iis,
1003 1452 1108 1532 quae
1128 1425 1342 1534 hucusque
1362 1425 1492 1506 tradita

351 1565 486 1639 »sunt
518 1557 634 1639 facile
665 1558 871 1639 dirimitur
900 1559 1100 1666 quaestio:
1132 1559 1297 1666 profluit
1327 1555 1490 1638 enimin

350 1693 548 1801 »primis
573 1701 716 1773 votum
746 1693 845 1774 illud
877 1719 948 1801 per
967 1719 1011 1772 se
1034 1691 1195 1772 illicitas
1225 1693 1388 1798 quidem
1417 1688 1493 1768 red·

349 1863 366 1898 »
388 1829 482 1907 dere
513 1827 679 1934 nuptias
709 1853 791 1907 non
822 1853 917 1906 vero
957 1827 1121 1934 penitus
1151 1826 1329 1927 irritare;
1362 1822 1490 1905 deinde

347 1995 365 2034 >
388 1960 606 2067 colligitur,
632 1961 798 2067 nuptias
829 1959 941 2068 ipsas
971 1985 1054 2040 non
1085 1959 1234 2040 irritari
1265 1986 1318 2038 ex
1340 1958 1379 2037 vi
1399 1955 1493 2037 ordi·

347 2131 366 2170 >›
388 2095 579 2194 nationis,
612 2094 686 2173 sed
715 2093 853 2202 potius
884 2093 996 2174 cxvi
1027 2091 1129 2198 legis
1161 2093 1212 2174 ab
1233 2093 1417 2174 Ecclesia
1439 2117 1493 2170 re-

346 2237 541 2335 ieeptae,
576 2253 624 2307 ac
654 2227 932 2306 confirmatae.
958 2227 1077 2318 Quod
1099 2226 1133 2306 si
1155 2237 1412 2335 perspectum
1431 2224 1494 2304 ha·

346 2399 363 2435 »
388 2362 542 2443 buissel
564 2360 801 2461 GratianuS,
826 2387 908 2440 non
939 2361 1039 2440 adeo
1072 2360 1344 2442 laboravisset
1374 2361 1413 2439 in
1441 2357 1492 2438 di-

346 2494 600 2575 »stinctione
640 2493 921 2574 elucubranda
957 2503 1161 2594 votorum,
1205 2520 1385 2601 quorum
1422 2469 1492 2570 alia

345 2663 363 2704 >i
384 2629 486 2709 dixit
505 2627 724 2735 simplicia,
745 2627 826 2707 alia
847 2653 928 2707 non
949 2626 1165 2735 simplicia,
1184 2627 1271 2707 sive
1287 2625 1491 2720 solemnia,

343 2801 360 2836 >
381 2762 654 2861 distinctione,
680 2761 863 2869 inquam,
887 2761 962 2842 toti
985 2761 1178 2841 vetustati
1199 2785 1371 2867 prorsus
1392 2760 1495 2866 igno-

344 2931 361 2970 »
382 2906 437 2978 ta.
463 2895 640 2976 Veniam
671 2896 817 2975 demus
847 2893 1066 2995 collectori,
1100 2893 1170 3002 qui
1200 2920 1393 3000 reparare
1422 2891 1495 2973 col-

342 3031 540 3138 ›lapsam
570 3029 802 3110 studiorum
839 3027 1097 3135 disciplinam
1127 3029 1304 3109 obscuro
1337 3025 1493 3108 saeculo

341 3163 550 3245 »invectis
590 3161 716 3244 variis
755 3161 938 3243 scholae*
960 3161 1236 3244 accomodatis
1276 3160 1493 3243 distinctio

339 3297 501 3378 >nibus
531 3296 673 3394 voluit,
705 3321 836 3403 neque
867 3295 984 3375 aliter
1014 3294 1133 3375 scivit
1161 3302 1348 3375 veterum
1380 3319 1494 3375 cano-

338 3457 478 3512 »num
517 3423 742 3512 sententias
782 3427 1014 3528 conciliare,
1057 3454 1233 3536 quorum
1274 3427 1368 3508 aliis
1408 3437 1491 3536 post

340 3571 517 3644 »votnm
559 3563 719 3661 irritae,
769 3563 862 3645 aliis
902 3563 1061 3645 validae
1106 3564 1272 3672 nuptiae
1317 3562 1493 3644 declara·

339 3697 528 3776 »bantur
558 3700 700 3777 oua?
732 3706 769 3776 et
800 3701 842 3796 9,
867 3696 961 3777 dist.
988 3699 1059 3797 27,
1093 3723 1218 3804 quarn
1249 3696 1408 3805 priores
1437 3695 1493 3774 in-

336 3865 355 3902 »
378 3828 593 3937 telligendo
633 3831 683 3911 de
723 3830 912 3932 solemni,
947 3833 1191 3939 posteriores
1231 3832 1281 3913 dc
1320 3829 1492 3939 simplici

337 3971 484 4042 >voto
516 3963 635 4056 Quod
665 3963 700 4044 si
731 3962 808 4046 hac
839 3965 998 4046 invecta
1028 3964 1285 4047 distinctione
1316 3963 1493 4046 tenebris

337 4095 683 4178 »obscurioribus
715 4123 801 4178 rem
831 4097 991 4198 offudit,
1017 4099 1209 4206 quoniam
1241 4097 1405 4178 solliciti
1437 4097 1494 4175 in-

312 4237 569 4346 ⁶»terpretes
590 4231 728 4310 statim
757 4229 1001 4336 investigare
1032 4230 1266 4338 coeperunt,
1290 4253 1493 4337 quaenam

320 4397 353 4474 y»
375 4371 469 4444 vota
506 4363 721 4465 solernnia,
755 4390 958 4475 quaenam
999 4364 1202 4473 simplicia
1242 4363 1489 4462 dicerentur,
