3178 5134
339 399 401 463 194
623 411 918 465 rnnnnucrionus
940 411 1033 464 sums
1058 413 1227 464 canonici

343 541 602 624 notissimam
632 542 818 648 regulam
854 542 961 651 juris
995 544 1142 650 ‹quod
1173 544 1298 626 semel
1332 544 1483 653 placuit,
1554 567 1555 630 t

344 676 524 786 amplius
554 676 768 783 displicere
798 703 880 758 non
911 687 1100 786 potest.»

457 812 518 890 2.⁰
535 807 615 888 Hic
636 815 773 889 autem
796 810 1021 917 quaeritur:
1040 811 1175 918 Lepra
1194 810 1485 918 superveniente

343 951 415 1025 aut
441 941 572 1051 primo
594 940 758 1048 cognita
777 942 987 1050 sponsalia
1012 943 1097 1050 jam
1120 942 1221 1024 inita
1242 941 1385 1023 resolvi
1405 969 1487 1051 pos-

341 1079 424 1158 sint
448 1077 512 1157 vel
543 1077 652 1156 nonl
686 1075 917 1184 Responsio
948 1077 999 1158 ad
1030 1075 1260 1184 quaesitum
1295 1076 1416 1157 facilis
1434 1087 1487 1156 est

342 1190 399 1291 cv*
425 1235 472 1290 eo
504 1206 704 1317 principio
738 1207 891 1315 pluries
933 1209 1125 1309 indicate,
1159 1201 1267 1316 quod
1297 1209 1487 1316 sponsalia
1554 1265 1555 1274 ,

341 1351 515 1453 possunt
536 1341 699 1442 resolvi,
724 1341 759 1420 si
781 1341 851 1422 uni
874 1368 924 1421 ex
947 1342 1132 1449 partibus
1148 1341 1271 1423 etiam
1293 1341 1393 1424 citra
1411 1341 1488 1448 ejus
1554 1359 1555 1392 ¹

341 1477 535 1560 delictum
565 1475 809 1555 interveniat
839 1475 1032 1556 notabilis
1062 1475 1250 1576 mutati0‚
1284 1502 1336 1556 ex
1362 1461 1488 1556 condi·

341 1611 450 1694 tione
480 1607 678 1718 implicita
707 1607 951 1716 cuicumque
981 1609 1257 1718 promissioni,
1281 1618 1323 1692 et
1351 1609 1487 1692 dictum

341 1754 403 1826 est
433 1744 551 1824 tituto
581 1744 608 1822 I
632 1742 751 1850 hujus
783 1743 893 1844 libri,
927 1751 1048 1851 atque
1089 1743 1273 1824 innuitur
1303 1771 1390 1855 cap.
1422 1743 1484 1824 ult.
1554 1847 1555 1852 Ν

343 1879 382 1960 lc.
419 1886 448 1958 t.
480 1876 605 1984 quue
635 1875 744 1956 valet
773 1857 934 1956 etiamsi
974 1874 1183 1983 sponsalia
1223 1875 1325 1956 haec
1355 1874 1487 1956 luerint

336 2013 477 2120 jurata
506 2036 558 2089 ex
589 2035 679 2118 cap.
705 2009 760 2088 25
786 2007 835 2088 de
853 2008 1036 2119 υίανςῖιιν.
1062 2007 1176 2088 Haec
1205 2035 1302 2090 vero
1333 2033 1490 2117 sponsa·
1554 2051 1555 2056 Ν

341 2144 442 2225 lium
474 2141 669 2223 resolutio
701 2167 783 2221 non
813 2141 925 2222 venit
955 2145 1040 2252 ipso
1069 2143 1184 2248 jure,
1219 2143 1289 2224 sed
1323 2145 1373 2224 ad
1402 2140 1492 2250 peti-

341 2279 494 2360 tionem
524 2274 670 2384 partis,
694 2301 798 2384 quae
829 2274 952 2356 telem
984 2275 1252 2356 mutationem
1278 2301 1403 2382 passa
1420 2299 1491 2355 non

340 2420 418 2512 est3
452 2435 548 2490 nam
579 2409 614 2488 si
646 2409 741 2489 velit
772 2408 874 2489 haec
903 2408 945 2487 in
976 2408 1086 2489 initis
1116 2407 1383 2517 sponsalibus
1412 2433 1492 2515 per·

340 2569 544 2643 severare,
578 2542 707 2623 altera
735 2568 831 2649 pars
871 2567 953 2622 non
991 2547 1124 2648 potest
1163 2542 1353 2623 recedere
1384 2549 1492 2654 prout

340 2679 389 2758 de
421 2677 512 2757 aliis
542 2675 886 2784 promissionibus
916 2675 1165 2783 explicatum
1192 2685 1268 2756 est.
1294 2676 1493 2758 Difficilior

339 2836 462 2919 porro
483 2807 713 2917 disquisitio
735 2816 811 2889 est:
837 2835 888 2888 an
910 2807 1023 2915 lepra
1043 2808 1339 2915 superveniens
1361 2808 1494 2890 dissol-

341 2967 434 3022 vere
474 2941 608 3023 valeat
648 2941 958 3022 matrimonium
998 2941 1047 3021 de
1088 2942 1320 3048 praesentit
1353 2945 1494 3049 Inque

339 3083 505 3186 propter
535 3075 718 3156 diversos
742 3074 850 3181 juris
879 3081 1033 3174 textus,
1068 3075 1137 3182 qui
1165 3075 1215 3155 ad
1237 3075 1413 3156 invicem
1433 3101 1495 3181 op-

339 3209 462 3320 positi
493 3233 584 3290 esse
605 3208 809 3308 videntur,
834 3207 934 3287 haec
955 3207 1006 3288 ad
1028 3234 1098 3288 eos
1119 3209 1426 3291 concordandos
1445 3217 1495 3288 te·

339 3343 473 3424 nenda
513 3343 581 3420 via
619 3349 681 3422 est
721 3340 1010 3446 distinguendo
1051 3339 1156 3420 inter
1195 3340 1494 3422 matrimonium

340 3485 475 3557 ratum
506 3475 570 3554 vel
608 3480 955 3554 consummatum.
996 3471 1187 3580 Namque
1221 3473 1255 3552 si
1293 3475 1497 3557 matrimo-

339 3607 453 3687 nium
484 3615 547 3686 est
567 3612 915 3704 consummatum,
940 3611 1098 3686 certum
1128 3612 1190 3685 est
1222 3631 1304 3686 non
1335 3603 1496 3687 dissolvi

339 3765 389 3819 ex
422 3741 559 3848 eap.l
596 3740 681 3816 ct2
713 3737 754 3818 h.
790 3747 819 3819 t.
851 3739 937 3819 Iino
967 3738 1043 3819 etsi
1075 3737 1301 3846 antiquitus
1331 3739 1497 3847 Stepho-

338 3903 418 3956 nus
438 3875 487 3953 Ill
509 3900 616 3955 anno
639 3874 723 3954 754
746 3873 937 3955 indixerit
958 3899 983 3953 a
1003 3874 1164 3981 leproso
1184 3873 1493 3981 separationem,

339 4005 674 4116 prohibueritquo
704 4007 817 4088 reddi
849 4005 1031 4088 debitum
1067 4005 1284 4114 conjugale
1314 4013 1362 4087 ut
1391 4009 1496 4086 notat
1554 4043 1555 4064 ι

338 4141 493 4222 Giraldi
520 4168 585 4253 op.
611 4148 648 4221 ot
673 4148 787 4251 part.
813 4141 882 4221 cit.
905 4148 1000 4221 sect.
1027 4142 1110 4220 698
1132 4138 1306 4221 sortasse
1336 4145 1498 4246 propter

338 4285 494 4357 metum
516 4275 711 4382 contagii,
736 4275 881 4356 deinde
901 4275 1137 4356 Alexander
1156 4273 1206 4353 ΠΙ
1227 4273 1267 4352 in
1289 4275 1357 4353 cit.
1380 4299 1492 4382 capp.

338 4410 483 4490 institit
532 4417 577 4488 ut
607 4409 760 4516 conjux
789 4433 918 4490 sanus
939 4433 964 4494 a
984 4407 1145 4516 leproso
1176 4433 1258 4488 non
1284 4405 1496 4488 diverteret
