3178 5134
276 389 340 454 292
563 398 855 450 rannnuorronus
876 399 971 448 rurus
993 395 1160 448 cruorum

288 530 477 638 »quibus
497 533 605 608 esset
625 526 873 635 permissum
904 525 1005 606 inire
1026 524 1206 632 nuptiae,
1231 525 1441 632 atquibus

290 669 560 762 manasset,
596 659 772 742 multum
812 658 973 766 legibus
1013 666 1154 740 contra
1194 658 1441 766 aequitatem

290 795 680 894 »contendentibus
713 794 893 874 multum
922 819 994 901 pro
1026 791 1190 900 injuria.
1225 791 1443 875 Praeterea

288 929 576 1040 >polygamia,
610 926 864 1037 polyandria,
898 927 1117 1009 divortium
1153 951 1326 1009 caussae
1358 927 1445 1009 fue-

288 1099 306 1140 »
327 1071 438 1165 runt,
462 1063 730 1171 quamobrem
751 1061 933 1171 nuptiale
954 1061 1163 1144 vinculum
1194 1088 1443 1170 magnopere

287 1233 306 1274 »
326 1199 593 1279 relaxaretur.
615 1198 789 1278 Summa
809 1223 970 1306 quoque
987 1196 1028 1277 in
1045 1195 1203 1278 mutuis
1218 1197 1443 1304 conjugum

288 1367 305 1407 »
322 1332 487 1441 juribus
508 1340 547 1413 et
567 1331 712 1414 officiis
732 1330 984 1440 perturbatio
1006 1329 1154 1431 extitit,
1173 1356 1269 1412 cum
1290 1331 1352 1410 vir
1373 1330 1444 1410 do-

271 1447 305 1542 ¹a
326 1466 502 1548 minium
522 1465 665 1547 uxoris
695 1465 935 1573 acquireret,
959 1491 1130 1576 eamque
1150 1489 1251 1546 suas
1271 1465 1350 1546 sibi
1377 1491 1443 1546 res

287 1601 492 1700 >habere
525 1600 638 1681 nulla
667 1627 789 1708 saepe
814 1600 929 1708 justa
957 1625 1121 1700 caussa,
1150 1599 1328 1707 juberet3
1362 1599 1441 1680 sibi

176 1767 179 1772 ¹
288 1763 423 1817 »vcro
444 1737 495 1817 ad
516 1735 754 1817 effrenatam
775 1742 815 1816 et
835 1734 1074 1816 indomitam
1095 1733 1305 1814 libidinem
1328 1759 1444 1841 prac-

289 1869 437 1977 »oipiti
461 1869 628 1977 impune
649 1867 787 1950 liceret
808 1895 1026 1950 cucurrere
1049 1894 1127 1978 per
1157 1867 1380 1977 lupanaria
1409 1877 1446 1946 ct

288 2002 517 2099 aeneidas,
542 2002 661 2110 quasi
691 2002 852 2113 culpam
882 2001 1061 2110 dignitas
1082 2001 1239 2108 faciut,
1269 2027 1354 2120 non.
1379 2027 1479 2080 no-·

287 2168 306 2210 »
328 2135 477 2216 luntas.
499 2133 784 2242 Exsuperante
799 2134 875 2214 viri
897 2133 1075 2233 licentia,
1094 2131 1194 2213 nihil
1214 2143 1300 2214 erat
1316 2160 1444 2214 uxore

289 2270 534 2370 »miserius
559 2268 600 2348 in
630 2275 787 2350 tantam
817 2268 1091 2350 humilitatem
1121 2267 1291 2376 dejecta,
1316 2275 1362 2349 ut
1382 2269 1445 2348 in-

289 2409 600 2482 »strumeutum
633 2427 736 2509 pene
765 2401 984 2482 haberetur
1014 2400 1066 2482 ad
1090 2401 1333 2508 explendam
1353 2400 1446 2481 libi-

289 2533 490 2632 »dinem,
533 2533 597 2612 vel
638 2533 887 2640 gignendam
922 2533 1106 2614 sobolem
1141 2549 1439 2640 comparatum.

290 2663 414 2746 »Nec
431 2667 562 2774 pudor
584 2665 674 2766 fuit,
693 2665 952 2747 collocandas
973 2665 1015 2744 in
1037 2665 1342 2746 matrimonium
1365 2665 1444 2744 emi

291 2834 308 2874 »
330 2799 464 2899 vendi,
485 2799 527 2878 iu
543 2825 681 2880 rerum
699 2825 988 2906 corporearum
1006 2797 1333 2899 similitudinem,
1351 2799 1448 2880 data

290 2963 308 3004 ›
330 2929 533 3011 interdum
564 2933 721 3039 parenti
756 2932 984 3040 maritoque
1006 2929 1197 3013 facultate
1218 2939 1449 3012 extremum

290 3063 577 3172 »supplicium
598 3065 648 3146 de
671 3091 799 3146 uxore
829 3064 1033 3146 sumendi.
1058 3065 1230 3146 Talibus
1252 3065 1450 3146 familiam

290 3205 460 3278 »ortam
491 3198 711 3278 connubiis
742 3225 909 3279 necesse
942 3206 1029 3278 erat
1059 3205 1130 3280 aut
1160 3199 1340 3278 inbonis
1371 3199 1449 3279 rei-

292 3363 308 3400 »
329 3330 518 3436 publicae
539 3357 644 3430 csse,
670 3339 741 3411 aut
771 3330 812 3410 in
834 3331 1038 3438 mancipio
1059 3331 1357 3438 patrifamilias,
1381 3331 1447 3412 cui

291 3463 440 3568 »leges
471 3462 548 3544 hoc
578 3489 740 3571 quoque
771 3489 891 3570 posse
921 3463 1130 3566 dederant,
1156 3493 1238 3547 non
1259 3466 1380 3546 modo
1401 3463 1450 3544 li-

291 3631 308 3668 »
329 3598 522 3676 berorum
553 3597 751 3678 conficere
772 3607 812 3678 et
833 3599 1021 3680 dirimere
1053 3601 1251 3682 arbitratu
1273 3627 1351 3682 suo
1372 3629 1450 3682 nu-

290 3762 308 3802 »
330 3729 458 3836 ptias,
476 3757 620 3810 verum
640 3730 764 3811 etiam
786 3730 827 3811 in
849 3733 1014 3814 eosdem
1041 3760 1230 3816 exercere
1252 3735 1358 3816 vitae
1379 3762 1459 3816 ne-

292 3861 470 3970 »cisque
487 3951 492 3966 p
510 3863 732 3944 immanem
775 3873 1032 3974 potestatem.
1065 3913 1085 3930 -
1115 3869 1196 3950 Sed
1231 3877 1291 3952 tot
1320 3869 1446 3968 viriis,

291 4029 308 4068 »
329 3997 534 4105 tantisque
551 3998 804 4106 ignominiis,
825 4003 976 4109 quibus
992 4011 1107 4086 erant
1128 4004 1341 4114 inquinata
1356 4033 1454 4088 con-

291 4161 308 4201 »
324 4127 457 4236 jugia,
491 4131 721 4213 sublevatio
754 4136 920 4216 taudem
951 4143 991 4218 et
1021 4137 1223 4219 medicina
1257 4105 1453 4223 divinitus

291 4264 516 4371 »quaesita
544 4273 622 4367 est,
647 4269 980 4378 quandoquidem
1001 4275 1211 4355 restitutor
1241 4274 1453 4382 dignitatis

292 4393 536 4477 »hnmanae
563 4398 781 4509 legumque
813 4403 1088 4486 mosaicarum
1110 4405 1309 4514 perfector
1328 4407 1452 4491 Jesus
