3178 5134
432 407 540 458 nrssna
562 380 612 460 ru
634 426 655 442 -
677 409 815 460 rnunus
837 409 909 460 vnr.
1197 397 1259 462 197

100 536 326 618 trimonium
357 561 410 616 ex
439 535 678 644 impotentia
708 539 969 620 antecedente
996 546 1035 620 et
1055 547 1253 646 perpetua

102 669 211 751 luerit
254 669 482 752 invalidum
517 671 610 778 jure
649 671 842 772 naturali,
883 699 1138 780 consequens
1175 682 1252 773 est,

99 804 197 910 quod
227 803 358 886 altera
386 829 498 912 pam,
532 804 569 884 si
598 831 681 886 non
711 812 844 914 potest
874 831 918 886 se
949 806 1172 907 continere,
1203 807 1255 886 ad

96 933 168 1016 alia
195 943 291 1018 vota
319 937 495 1018 transire
515 937 637 1020 valet.
662 938 714 1018 Et
743 937 810 1018 hic
840 921 990 1018 modus
1020 939 1252 1046 exponendi

99 1069 197 1151 illam
225 1069 484 1151 Decretalem
524 1071 683 1154 admitti
723 1079 871 1178 potest.
905 1071 1044 1152 Aliam
1074 1072 1255 1179 explica-

100 1203 238 1282 tionem
259 1203 449 1310 proponit
470 1203 653 1286 Sanchez
676 1203 745 1286 tib.
769 1204 860 1285 ade
880 1206 1061 1286 matrim.
1082 1203 1177 1286 dist.
1203 1207 1252 1283 l6

99 1362 198 1416 cam.
226 1340 267 1437 5,
292 1343 332 1416 et
352 1337 538 1417 Barbosa
567 1337 609 1416 in
641 1362 732 1417 can.
758 1336 826 1416 cit.
853 1363 963 1417 num.
988 1338 1015 1416 2
1036 1335 1144 1442 quod
1175 1332 1255 1415 sci·

101 1467 181 1550 licet
207 1468 275 1550 hic
305 1477 495 1576 ageretur
514 1469 564 1550 de
585 1469 846 1552 matrimonio
876 1467 1117 1577 simpliciter
1145 1477 1250 1568 rat0,
1327 1453 1329 1458 ⁵

102 1612 182 1708 post
208 1604 318 1711 quod
353 1603 667 1712 superveniente
706 1604 851 1684 morbo
890 1603 1135 1711 impediente
1165 1603 1255 1710 ejus

102 1737 487 1818 consummationem
528 1737 744 1819 intervenit
785 1738 1009 1818 auctoritas
1040 1719 1258 1819 Pontificio

103 1871 318 1950 concedens
350 1869 697 1978 dispensationem
719 1895 844 1978 super
863 1871 1125 1952 matrimonio
1148 1879 1251 1970 rato,

108 2009 143 2080 ut
168 2031 263 2110 pars
295 2003 425 2085 altera
444 2029 493 2084 eo
513 2003 687 2084 liberata
715 2003 910 2111 ligamine
931 2003 1084 2084 valeret
1104 2003 1156 2083 ad
1177 2003 1257 2082 alia

104 2145 186 2217 vota
209 2137 399 2237 transire,
424 2145 464 2219 et
482 2163 626 2218 revera
656 2137 779 2218 tradit
810 2138 919 2244 apud
941 2136 1257 2243 Schmalzgrue-
1309 2247 1311 2252 ,

79 2260 164 2376 [ber
190 2270 230 2352 h.
258 2279 286 2350 t.
322 2297 441 2388 num..
469 2274 493 2352 9
525 2271 757 2376 Burgasius
788 2270 837 2350 dc
868 2271 1035 2380 irrepat.
1063 2302 1110 2380 p.
1137 2271 1162 2348 6
1185 2273 1249 2350 t‘t.

103 2401 417 2516 desponsalibus
447 2433 557 2486 num.
594 2405 650 2484 74
679 2404 905 2486 Martinum
944 2407 978 2484 V
1008 2407 1060 2488 ob
1092 2407 1247 2514 lepram

101 2534 364 2644 dispensasse.
389 2539 442 2619 Et
471 2538 538 2620 hic
568 2537 720 2646 pariter
750 2537 898 2619 modus
928 2547 1049 2647 aptus
1080 2567 1171 2622 esse
1193 2541 1253 2619 vi·

99 2667 206 2750 detur
234 2673 287 2752 ad
319 2671 612 2754 eliminandam
643 2671 940 2754 difficultatem.
965 2674 1173 2756 Berardus
1194 2682 1256 2754 ta-

104 2806 246 2886 merlin
268 2833 333 2916 op.
360 2813 397 2885 et
419 2806 493 2886 loc.
518 2807 587 2886 cit.
613 2805 737 2885 aliam
767 2807 837 2886 dat
866 2808 968 2888 satis
998 2791 1251 2914 probabilem

83 2940 137 3038 get
153 2938 285 3016 verbis
307 2937 493 3044 Gregorii
525 2939 660 3045 magis
690 2963 916 3019 consonam
946 2940 1258 3046 explicationem

15 3171 16 3174 p
106 3071 363 3171 praetendens
388 3069 630 3152 Pontificem
661 3095 685 3148 a
715 3051 938 3151 Bonilacio
958 3073 1254 3179 interrogatum

104 3227 182 3282 esse
202 3205 252 3284 de
273 3203 547 3284 matrimoniis
563 3205 605 3284 in
621 3203 857 3286 infidelitate
879 3207 1097 3286 contractis
1114 3232 1140 3285 a
1155 3205 1256 3284 Ger-

15 3371 16 3376 *
107 3338 224 3420 manis
254 3338 564 3419 neo-conversis
594 3340 645 3419 ad
666 3338 803 3438 fidem,
827 3364 1003 3446 eumque
1035 3367 1130 3420 cum
1161 3367 1258 3447 age·

15 3463 17 3548 Ϊ
106 3475 203 3550 retur
232 3471 282 3552 de
313 3471 531 3579 conjugiis
565 3497 670 3578 quae
710 3479 968 3552 sacramenta
1007 3461 1089 3552 non
1120 3481 1257 3553 essent

103 3604 209 3685 certis
230 3605 272 3684 in
301 3605 504 3686 factorum
535 3604 751 3712 speciebus
781 3603 924 3686 mitius
954 3606 1257 3713 quodammodo

103 3733 223 3839 egisse
252 3745 293 3818 et
322 3737 509 3818 nonnihil
551 3745 623 3820 aut
663 3737 884 3819 indulsisse
924 3748 997 3820 aut
1028 3739 1252 3840 relaxasse,

105 3881 211 3974 prout
239 3873 484 3954 Theodorus
520 3871 831 3955 Cantuariensis
868 3872 961 3954 lecit
990 3873 1033 3951 in
1064 3873 1253 3984 capitulis

102 4007 200 4113 opud
227 4007 411 4088 Potitum
442 4007 561 4088 editis
593 4033 683 4116 cap.
722 4009 789 4107 11,
824 4013 864 4087 et
902 4005 1078 4087 traditur
1117 4013 1255 4087 aetum

103 4140 250 4220 esseio
281 4139 505 4249 Capitulari
536 4138 672 4248 Pipini
704 4141 958 4221 Francorum
984 4135 1114 4246 Regis
1144 4139 1253 4220 edito

103 4279 197 4353 enno
214 4274 297 4356 752
313 4274 392 4354 sub
414 4273 578 4355 nomine
595 4273 750 4382 Synodi
766 4271 1068 4353 Vermeriensis
1089 4298 1179 4384 cup.
1206 4275 1248 4372 9,

15 4409 17 4436 ³
105 4400 159 4480 vel
177 4407 309 4512 potius
325 4405 571 4514 Gregorium
591 4404 668 4486 hac
689 4406 731 4484 in
752 4403 888 4513 specie
909 4404 1094 4485 nonnihil
1115 4404 1252 4486 indul-
