3264 5146
342 413 387 476 62
631 423 924 476 ranunncnouns
946 423 1038 474 runis
1062 421 1231 473 canorum

350 554 573 662 respondit:
613 551 824 660 ‹Raptori
856 577 938 632 non
968 551 1133 631 obstare
1153 556 1321 656 raptum
1342 549 1394 628 ad
1417 575 1521 630 oon·

354 687 637 769 »trahendum
661 685 969 767 matrimonium
991 711 1086 766 cum
1103 683 1239 791 puella
1259 689 1391 790 rapta,
1417 708 1519 763 con·

354 855 372 897 »
392 821 488 902 stilo
511 821 619 930 quod
640 829 783 928 raptus
805 820 927 900 luerit
947 825 1147 899 executus
1167 819 1319 899 nedum
1341 841 1519 898 consen·

353 990 371 1032 »
391 957 530 1056 tiente,
541 955 613 1036 sed
630 966 669 1038 et
684 954 928 1036 sollicitante
946 953 1036 1061 ipsa
1051 951 1232 1060 puella.»
1246 997 1266 1011 -
1277 951 1321 1044 (t)
1333 950 1517 1032 Demum

349 1090 406 1170 illi
438 1117 601 1198 quoque
631 1089 701 1196 qui
733 1087 980 1169 contrariam
1011 1085 1234 1168 defendunt
1264 1084 1517 1166 sententiam

348 1232 487 1306 tenent
515 1231 720 1330 raptorem
757 1221 915 1329 puellae
951 1222 1090 1302 invitis
1126 1220 1217 1328 ejus
1251 1218 1511 1326 parentibus

348 1383 444 1436 cnm
466 1381 549 1462 qua
564 1354 650 1462 jam
674 1355 878 1434 contraxit
894 1353 1104 1462 sponsalia
1119 1355 1169 1434 de
1191 1352 1344 1451 lutum,
1364 1351 1400 1432 si
1419 1353 1513 1459 ipsa

349 1488 404 1568 sit
429 1487 703 1587 consentiam,
727 1513 807 1567 non
840 1487 1044 1568 incurrere
1076 1486 1117 1564 in
1148 1484 1410 1565 interdictum
1441 1485 1518 1564 de-

348 1622 446 1703 creti
479 1621 647 1701 Concilii
680 1620 923 1721 Tridentini,
957 1628 1003 1700 ut
1033 1619 1156 1700 habet
1186 1619 1234 1698 P.
1270 1617 1515 1700 Thesaurus

349 1757 398 1837 de
419 1757 562 1866 poenis
593 1755 871 1834 ecelesiasticis
902 1781 991 1863 cup.
1026 1755 1053 1830 2
1084 1753 1191 1832 norb.
1217 1753 1376 1862 Raptus
1398 1779 1520 1833 asse·

349 1915 444 1968 rens
455 1889 526 1995 jus
542 1888 659 1968 civile
675 1895 903 1968 correctum
920 1914 1009 1967 esse
1027 1885 1262 1966 aConcilio.
1279 1886 1341 1964 Ex
1358 1884 1516 1994 quibus

348 2022 542 2103 omnibus
573 2020 655 2100 ruit
680 2029 972 2126 argumentum
994 2019 1116 2100 Card.
1142 2019 1202 2099 De
1223 2020 1352 2119 Luca,
1377 2028 1417 2100 et
1436 2047 1516 2101 no·

350 2167 459 2236 strae
477 2154 768 2262 propositionis
785 2153 933 2233 veritas
950 2152 1192 2233 ostenditur.
1204 2155 1260 2233 At
1276 2153 1382 2234 dicet
1398 2155 1516 2261 quis-

351 2289 476 2393 piam:
512 2287 717 2394 quomodo
748 2287 978 2394 explicatur
1008 2285 1229 2368 declaratio
1261 2288 1304 2366 S.
1331 2286 1516 2395 Congre-

347 2419 525 2524 gationis
556 2419 638 2499 diei
669 2422 724 2499 24
754 2421 933 2502 Jnnunr.
979 2423 1086 2500 1608
1124 2420 1317 2527 superius
1352 2420 1519 2502 relatal'

349 2552 593 2661 Respondeo
624 2555 687 2634 vel
719 2555 936 2636 dicendum
959 2581 1049 2636 esse
1070 2553 1115 2634 S.
1141 2553 1514 2661 Congregationem
1551 2656 1555 2666 .

350 2714 569 2794 progressu
602 2688 796 2795 temporis
827 2696 1010 2769 mutasse
1031 2687 1292 2788 sententiam,
1317 2697 1357 2769 et
1378 2715 1516 2772 reces-

346 2822 452 2904 sisse
481 2823 533 2902 ab
563 2848 614 2903 ea
642 2821 765 2902 nimis
796 2821 927 2928 rigida
957 2821 1288 2929 interpretatione
1328 2823 1426 2908 data
1467 2825 1513 2905 in

348 2955 552 3037 decisione
569 2955 663 3035 anni
686 2957 809 3054 1608,
829 2956 908 3056 vel,
929 2963 973 3035 ut
990 2955 1081 3035 aliis
1097 2955 1344 3036 Doctoribus
1360 2956 1518 3064 placet,

349 3091 419 3170 illa
438 3089 564 3170 verba
584 3115 675 3169 esse
691 3088 955 3196 intelligenda
971 3088 1144 3169 limitata
1159 3089 1210 3169 ad
1226 3089 1515 3196 probationem

347 3251 589 3323 consensus
614 3223 817 3332 quatenus
837 3223 916 3303 nisi
939 3223 1146 3304 evidenter
1177 3231 1334 3304 constet
1364 3223 1519 3306 mulie·

347 3385 434 3438 rem
475 3359 599 3439 libere
640 3357 806 3439 omnino
848 3357 1120 3457 consensisse,
1159 3356 1417 3438 retinendum
1458 3359 1517 3439 sit

346 3517 438 3571 eam
458 3492 537 3573 sub
560 3500 672 3572 metu
694 3517 939 3572 consensum
971 3491 1162 3571 edidisse.
1181 3535 1202 3550 -
1221 3493 1287 3572 ll.⁰
1309 3490 1516 3571 Probabi-

347 3623 427 3704 lius
458 3651 533 3704 nec
564 3626 605 3704 in
637 3625 848 3707 interdicto
880 3625 1065 3734 ejusdem
1096 3611 1186 3734 cop.
1219 3626 1359 3704 deese.
1385 3625 1441 3704 24
1464 3631 1517 3706 rte

347 3758 518 3866 reform.
552 3761 732 3840 matrim.
768 3757 1125 3867 comprehenditur
1161 3785 1277 3839 casus
1311 3757 1516 3839 secundae

343 3890 504 4000 speciei,
539 3917 634 3970 cum
665 3891 813 3972 mulier
842 3892 1051 3974 blanditiis
1086 3890 1288 3972 illecebris
1324 3891 1513 4000 dolisque

343 4023 470 4104 simul
501 4024 636 4106 illecta
665 4025 867 4106 consentit
897 4025 939 4104 in
971 4025 1113 4132 fugam
1144 4033 1183 4106 et
1219 4025 1261 4105 in
1296 4027 1514 4107 matrimo-

345 4155 477 4258 nium,
511 4170 550 4241 et
580 4168 642 4240 est
672 4159 735 4240 vel
766 4159 916 4242 dicitur
944 4185 1039 4240 vere
1068 4159 1239 4242 seducta
1274 4159 1414 4240 invitis
1445 4161 1511 4240 vel

344 4291 486 4372 insciis
518 4294 757 4401 parentibus
788 4295 850 4375 vel
880 4292 1100 4395 tutoribus,
1134 4295 1213 4375 sub
1235 4320 1412 4403 quorum
1437 4321 1512 4402 po-

344 4432 491 4508 testate
523 4435 598 4508 est.
635 4426 795 4509 Revera
825 4426 930 4508 inter
960 4426 1068 4509 hunc
1099 4437 1139 4510 et
1159 4425 1342 4536 primum
1362 4449 1509 4508 casum
