<?xml version="1.0" encoding="UTF-8"?>
<!DOCTYPE html PUBLIC "-//W3C//DTD XHTML 1.0 Transitional//EN"
    "http://www.w3.org/TR/xhtml1/DTD/xhtml1-transitional.dtd">
<html xmlns="http://www.w3.org/1999/xhtml" xml:lang="en" lang="en">
 <head>
  <title>
</title>
<meta http-equiv="Content-Type" content="text/html;charset=utf-8" />
  <meta name='ocr-system' content='tesseract 3.04.00' />
  <meta name='ocr-capabilities' content='ocr_page ocr_carea ocr_par ocr_line ocrx_word'/>
</head>
<body>
  <div class='ocr_page' id='page_1' title='image "./praelectionesju00angegoog/praelectionesju00angegoog_0594.png"; bbox 0 0 3360 5126; ppageno 0'>
   <div class='ocr_carea' id='block_1_1' title="bbox 545 440 1364 510">
    <p class='ocr_par' dir='ltr' id='par_1_1' title="bbox 545 440 1364 510">
     <span class='ocr_line' id='line_1_1' title="bbox 545 440 1364 510; baseline 0 -4"><span class='ocrx_word' id='word_1_1' title='bbox 545 461 645 507; x_wconf 76' lang='lat' dir='ltr'><strong>umas</strong></span> <span class='ocrx_word' id='word_1_2' title='bbox 668 462 699 508; x_wconf 82' lang='lat' dir='ltr'><strong>v.</strong></span> <span class='ocrx_word' id='word_1_3' title='bbox 717 479 761 492; x_wconf 90' lang='lat'>-</span> <span class='ocrx_word' id='word_1_4' title='bbox 784 463 924 510; x_wconf 73' lang='lat' dir='ltr'><strong>nunnus</strong></span> <span class='ocrx_word' id='word_1_5' title='bbox 946 463 1006 506; x_wconf 84' lang='lat' dir='ltr'>x11.</span> <span class='ocrx_word' id='word_1_6' title='bbox 1300 440 1364 507; x_wconf 74' lang='lat'><strong>231</strong></span> 
     </span>
    </p>
   </div>
   <div class='ocr_carea' id='block_1_2' title="bbox 711 727 842 826">
    <p class='ocr_par' dir='ltr' id='par_1_2' title="bbox 711 727 842 826">
     <span class='ocr_line' id='line_1_2' title="bbox 711 727 842 826; baseline 0.023 -24"><span class='ocrx_word' id='word_1_7' title='bbox 711 728 752 826; x_wconf 66' lang='lat' dir='ltr'><strong>g,</strong></span> <span class='ocrx_word' id='word_1_8' title='bbox 788 727 842 805; x_wconf 80' lang='lat' dir='ltr'><strong>r.</strong></span> 
     </span>
    </p>
   </div>
   <div class='ocr_carea' id='block_1_3' title="bbox 186 990 1366 1341">
    <p class='ocr_par' dir='ltr' id='par_1_3' title="bbox 186 990 1366 1341">
     <span class='ocr_line' id='line_1_3' title="bbox 186 990 1366 1100; baseline -0.002 -25"><span class='ocrx_word' id='word_1_9' title='bbox 186 993 252 1075; x_wconf 89' lang='lat' dir='ltr'><strong>Dc</strong></span> <span class='ocrx_word' id='word_1_10' title='bbox 282 990 503 1072; x_wconf 83' lang='lat' dir='ltr'><strong>homicidio</strong></span> <span class='ocrx_word' id='word_1_11' title='bbox 545 991 777 1072; x_wconf 83' lang='lat' dir='ltr'><strong>uoluntario</strong></span> <span class='ocrx_word' id='word_1_12' title='bbox 819 992 981 1092; x_wconf 84' lang='lat' dir='ltr'><strong>itticito,</strong></span> <span class='ocrx_word' id='word_1_13' title='bbox 1023 1017 1092 1072; x_wconf 88' lang='lat' dir='ltr'><strong>seu</strong></span> <span class='ocrx_word' id='word_1_14' title='bbox 1129 992 1292 1100; x_wconf 84' lang='lat' dir='ltr'><strong>injusto,</strong></span> <span class='ocrx_word' id='word_1_15' title='bbox 1329 1001 1366 1073; x_wconf 84' lang='lat' dir='ltr'><strong>et</strong></span> 
     </span>
     <span class='ocr_line' id='line_1_4' title="bbox 274 1125 1361 1236; baseline 0.002 -30"><span class='ocrx_word' id='word_1_16' title='bbox 274 1125 323 1206; x_wconf 85' lang='lat' dir='ltr'><strong>de</strong></span> <span class='ocrx_word' id='word_1_17' title='bbox 340 1128 480 1236; x_wconf 81' lang='lat' dir='ltr'><strong>poeuis</strong></span> <span class='ocrx_word' id='word_1_18' title='bbox 513 1127 640 1226; x_wconf 86' lang='lat' dir='ltr'><strong>iltius,</strong></span> <span class='ocrx_word' id='word_1_19' title='bbox 666 1127 735 1208; x_wconf 87' lang='lat' dir='ltr'><strong>ubi</strong></span> <span class='ocrx_word' id='word_1_20' title='bbox 756 1133 792 1206; x_wconf 85' lang='lat' dir='ltr'><strong>et</strong></span> <span class='ocrx_word' id='word_1_21' title='bbox 814 1126 863 1207; x_wconf 89' lang='lat' dir='ltr'><strong>de</strong></span> <span class='ocrx_word' id='word_1_22' title='bbox 886 1127 1036 1234; x_wconf 83' lang='lat' dir='ltr'><strong>injusta</strong></span> <span class='ocrx_word' id='word_1_23' title='bbox 1069 1127 1361 1230; x_wconf 72' lang='lat' dir='ltr'><em>vulneratione,</em></span> 
     </span>
     <span class='ocr_line' id='line_1_5' title="bbox 275 1261 614 1341; baseline 0.009 -3"><span class='ocrx_word' id='word_1_24' title='bbox 275 1263 313 1339; x_wconf 88' lang='lat' dir='ltr'><strong>et</strong></span> <span class='ocrx_word' id='word_1_25' title='bbox 342 1261 614 1341; x_wconf 80' lang='lat' dir='ltr'><strong>mutilatione.</strong></span> 
     </span>
    </p>
   </div>
   <div class='ocr_carea' id='block_1_4' title="bbox 186 1527 1367 2038">
    <p class='ocr_par' dir='ltr' id='par_1_4' title="bbox 186 1527 1367 2038">
     <span class='ocr_line' id='line_1_6' title="bbox 274 1527 1365 1635; baseline 0 -27"><span class='ocrx_word' id='word_1_26' title='bbox 274 1529 555 1610; x_wconf 91' lang='lat' dir='ltr'><strong>Homicidium</strong></span> <span class='ocrx_word' id='word_1_27' title='bbox 587 1528 785 1610; x_wconf 88' lang='lat' dir='ltr'><strong>committi</strong></span> <span class='ocrx_word' id='word_1_28' title='bbox 824 1535 958 1635; x_wconf 88' lang='lat' dir='ltr'><strong>potest</strong></span> <span class='ocrx_word' id='word_1_29' title='bbox 988 1527 1052 1608; x_wconf 90' lang='lat' dir='ltr'><strong>vel</strong></span> <span class='ocrx_word' id='word_1_30' title='bbox 1084 1554 1109 1608; x_wconf 87' lang='lat' dir='ltr'><strong>a</strong></span> <span class='ocrx_word' id='word_1_31' title='bbox 1148 1527 1267 1628; x_wconf 83' lang='lat' dir='ltr'><strong>laice,</strong></span> <span class='ocrx_word' id='word_1_32' title='bbox 1303 1529 1365 1608; x_wconf 84' lang='lat' dir='ltr'><strong>vel</strong></span> 
     </span>
     <span class='ocr_line' id='line_1_7' title="bbox 186 1661 1367 1770; baseline -0.001 -27"><span class='ocrx_word' id='word_1_33' title='bbox 186 1689 212 1743; x_wconf 90' lang='lat' dir='ltr'><strong>a</strong></span> <span class='ocrx_word' id='word_1_34' title='bbox 232 1663 402 1744; x_wconf 87' lang='lat' dir='ltr'><strong>Clerico.</strong></span> <span class='ocrx_word' id='word_1_35' title='bbox 434 1663 478 1742; x_wconf 86' lang='lat' dir='ltr'><strong>Si</strong></span> <span class='ocrx_word' id='word_1_36' title='bbox 507 1663 778 1744; x_wconf 83' lang='lat' dir='ltr'><strong>committitur</strong></span> <span class='ocrx_word' id='word_1_37' title='bbox 798 1688 823 1742; x_wconf 92' lang='lat' dir='ltr'><strong>a</strong></span> <span class='ocrx_word' id='word_1_38' title='bbox 843 1663 963 1763; x_wconf 87' lang='lat' dir='ltr'><strong>laico,</strong></span> <span class='ocrx_word' id='word_1_39' title='bbox 988 1671 1087 1742; x_wconf 90' lang='lat' dir='ltr'><strong>tunc</strong></span> <span class='ocrx_word' id='word_1_40' title='bbox 1117 1688 1251 1770; x_wconf 87' lang='lat' dir='ltr'><strong>poena</strong></span> <span class='ocrx_word' id='word_1_41' title='bbox 1292 1661 1367 1743; x_wconf 88' lang='lat' dir='ltr'><strong>ho-</strong></span> 
     </span>
     <span class='ocr_line' id='line_1_8' title="bbox 186 1797 1365 1906; baseline 0.001 -29"><span class='ocrx_word' id='word_1_42' title='bbox 186 1797 360 1878; x_wconf 90' lang='lat' dir='ltr'><strong>micidae</strong></span> <span class='ocrx_word' id='word_1_43' title='bbox 381 1797 474 1878; x_wconf 91' lang='lat' dir='ltr'><strong>laici</strong></span> <span class='ocrx_word' id='word_1_44' title='bbox 496 1804 558 1877; x_wconf 85' lang='lat' dir='ltr'><strong>est</strong></span> <span class='ocrx_word' id='word_1_45' title='bbox 578 1797 966 1898; x_wconf 61' lang='lat' dir='ltr'><strong>excommunicetu,</strong></span> <span class='ocrx_word' id='word_1_46' title='bbox 986 1823 1068 1878; x_wconf 89' lang='lat' dir='ltr'><strong>non</strong></span> <span class='ocrx_word' id='word_1_47' title='bbox 1085 1797 1252 1906; x_wconf 90' lang='lat' dir='ltr'><strong>quidem</strong></span> <span class='ocrx_word' id='word_1_48' title='bbox 1275 1797 1365 1905; x_wconf 89' lang='lat' dir='ltr'><strong>ipso</strong></span> 
     </span>
     <span class='ocr_line' id='line_1_9' title="bbox 186 1930 1362 2038; baseline 0.001 -29"><span class='ocrx_word' id='word_1_49' title='bbox 186 1930 292 2011; x_wconf 83' lang='lat' dir='ltr'><strong>facto</strong></span> <span class='ocrx_word' id='word_1_50' title='bbox 323 1931 583 2031; x_wconf 87' lang='lat' dir='ltr'><strong>incurrenda,</strong></span> <span class='ocrx_word' id='word_1_51' title='bbox 608 1932 678 2011; x_wconf 91' lang='lat' dir='ltr'><strong>sed</strong></span> <span class='ocrx_word' id='word_1_52' title='bbox 701 1958 774 2038; x_wconf 91' lang='lat' dir='ltr'><strong>per</strong></span> <span class='ocrx_word' id='word_1_53' title='bbox 799 1931 951 2038; x_wconf 88' lang='lat' dir='ltr'><strong>judicis</strong></span> <span class='ocrx_word' id='word_1_54' title='bbox 977 1932 1222 2012; x_wconf 77' lang='lat' dir='ltr'><strong>sententiam</strong></span> <span class='ocrx_word' id='word_1_55' title='bbox 1255 1931 1362 2012; x_wconf 84' lang='lat' dir='ltr'><strong>infli-</strong></span> 
     </span>
    </p>
   </div>
   <div class='ocr_carea' id='block_1_5' title="bbox 185 2063 1498 2171">
    <p class='ocr_par' dir='ltr' id='par_1_5' title="bbox 185 2063 1498 2171">
     <span class='ocr_line' id='line_1_10' title="bbox 185 2063 1498 2171; baseline -0.002 -25"><span class='ocrx_word' id='word_1_56' title='bbox 185 2067 335 2170; x_wconf 84' lang='lat' dir='ltr'><strong>genda,</strong></span> <span class='ocrx_word' id='word_1_57' title='bbox 359 2065 437 2144; x_wconf 87' lang='lat' dir='ltr'><strong>nisi</strong></span> <span class='ocrx_word' id='word_1_58' title='bbox 461 2065 733 2171; x_wconf 86' lang='lat' dir='ltr'><strong>poenitentiae</strong></span> <span class='ocrx_word' id='word_1_59' title='bbox 764 2063 1044 2144; x_wconf 68' lang='lat' dir='ltr'><strong>satisfactione</strong></span> <span class='ocrx_word' id='word_1_60' title='bbox 1075 2064 1231 2144; x_wconf 81' lang='lat' dir='ltr'><strong>crimen</strong></span> <span class='ocrx_word' id='word_1_61' title='bbox 1253 2071 1366 2145; x_wconf 90' lang='lat' dir='ltr'><strong>com·</strong></span> <span class='ocrx_word' id='word_1_62' title='bbox 1496 2089 1498 2096; x_wconf 72' lang='grc'>’</span> 
     </span>
    </p>
   </div>
   <div class='ocr_carea' id='block_1_6' title="bbox 174 2187 1434 4573">
    <p class='ocr_par' dir='ltr' id='par_1_6' title="bbox 174 2187 1434 4554">
     <span class='ocr_line' id='line_1_11' title="bbox 185 2187 1358 2304; baseline 0 -26"><span class='ocrx_word' id='word_1_63' title='bbox 185 2197 362 2278; x_wconf 85' lang='lat' dir='ltr'><strong>missum</strong></span> <span class='ocrx_word' id='word_1_64' title='bbox 384 2195 564 2278; x_wconf 88' lang='lat' dir='ltr'><strong>diluerit.</strong></span> <span class='ocrx_word' id='word_1_65' title='bbox 588 2197 648 2276; x_wconf 85' lang='lat' dir='ltr'><strong>Ita</strong></span> <span class='ocrx_word' id='word_1_66' title='bbox 668 2223 720 2275; x_wconf 85' lang='lat' dir='ltr'><strong>ex</strong></span> <span class='ocrx_word' id='word_1_67' title='bbox 747 2198 851 2276; x_wconf 87' lang='lat' dir='ltr'><strong>Cau.</strong></span> <span class='ocrx_word' id='word_1_68' title='bbox 876 2187 1020 2304; x_wconf 79' lang='lat' dir='ltr'><strong>Itaque</strong></span> <span class='ocrx_word' id='word_1_69' title='bbox 1039 2202 1116 2289; x_wconf 75' lang='lat'><strong>20,</strong></span> <span class='ocrx_word' id='word_1_70' title='bbox 1142 2223 1254 2277; x_wconf 81' lang='lat' dir='ltr'><strong>uuus.</strong></span> <span class='ocrx_word' id='word_1_71' title='bbox 1280 2201 1358 2298; x_wconf 78' lang='lat'><strong>24,</strong></span> 
     </span>
     <span class='ocr_line' id='line_1_12' title="bbox 184 2329 1366 2442; baseline -0.002 -28"><span class='ocrx_word' id='word_1_72' title='bbox 184 2362 224 2442; x_wconf 81' lang='lat' dir='ltr'><strong>q.</strong></span> <span class='ocrx_word' id='word_1_73' title='bbox 253 2337 298 2426; x_wconf 85' lang='lat'><strong>3,</strong></span> <span class='ocrx_word' id='word_1_74' title='bbox 321 2375 367 2386; x_wconf 91' lang='lat'>-</span> <span class='ocrx_word' id='word_1_75' title='bbox 386 2329 442 2410; x_wconf 91' lang='lat' dir='ltr'><strong>ibi</strong></span> <span class='ocrx_word' id='word_1_76' title='bbox 459 2377 511 2387; x_wconf 90' lang='lat'><strong>-—</strong></span> <span class='ocrx_word' id='word_1_77' title='bbox 533 2331 770 2410; x_wconf 77' lang='lat' dir='ltr'><strong>Censuimus</strong></span> <span class='ocrx_word' id='word_1_78' title='bbox 801 2329 1028 2411; x_wconf 82' lang='lat' dir='ltr'><strong>homicidas</strong></span> <span class='ocrx_word' id='word_1_79' title='bbox 1045 2356 1071 2410; x_wconf 91' lang='lat' dir='ltr'><strong>u</strong></span> <span class='ocrx_word' id='word_1_80' title='bbox 1088 2333 1366 2412; x_wconf 82' lang='lat' dir='ltr'><strong>communione</strong></span> 
     </span>
     <span class='ocr_line' id='line_1_13' title="bbox 183 2462 1366 2573; baseline 0 -27"><span class='ocrx_word' id='word_1_81' title='bbox 183 2465 477 2546; x_wconf 71' lang='lat' dir='ltr'><strong>Ecclesiastico</strong></span> <span class='ocrx_word' id='word_1_82' title='bbox 502 2462 822 2557; x_wconf 73' lang='lat' dir='ltr'><strong>summovendos,</strong></span> <span class='ocrx_word' id='word_1_83' title='bbox 847 2465 929 2544; x_wconf 85' lang='lat' dir='ltr'><strong>nisi</strong></span> <span class='ocrx_word' id='word_1_84' title='bbox 946 2464 1070 2573; x_wconf 82' lang='lat' dir='ltr'><strong>poeni</strong></span> <span class='ocrx_word' id='word_1_85' title='bbox 1072 2466 1223 2544; x_wconf 83' lang='lat' dir='ltr'><strong>tentiae</strong></span> <span class='ocrx_word' id='word_1_86' title='bbox 1241 2468 1366 2548; x_wconf 87' lang='lat' dir='ltr'><strong>sutis-</strong></span> 
     </span>
     <span class='ocr_line' id='line_1_14' title="bbox 174 2596 1364 2708; baseline -0.002 -28"><span class='ocrx_word' id='word_1_87' title='bbox 174 2600 292 2708; x_wconf 85' lang='lat' dir='ltr'><strong>suet</strong></span> <span class='ocrx_word' id='word_1_88' title='bbox 278 2625 370 2679; x_wconf 70' lang='lat' dir='ltr'><strong>ioue</strong></span> <span class='ocrx_word' id='word_1_89' title='bbox 390 2599 567 2679; x_wconf 82' lang='lat' dir='ltr'><strong>crimina</strong></span> <span class='ocrx_word' id='word_1_90' title='bbox 588 2597 772 2680; x_wconf 85' lang='lat' dir='ltr'><strong>admissa</strong></span> <span class='ocrx_word' id='word_1_91' title='bbox 794 2596 856 2679; x_wconf 84' lang='lat' dir='ltr'><strong>dit</strong></span> <span class='ocrx_word' id='word_1_92' title='bbox 857 2597 1079 2680; x_wconf 79' lang='lat' dir='ltr'><strong>uerint—</strong></span> <span class='ocrx_word' id='word_1_93' title='bbox 1033 2597 1272 2690; x_wconf 81' lang='lat' dir='ltr'><strong>-Quam</strong></span> <span class='ocrx_word' id='word_1_94' title='bbox 1257 2600 1364 2706; x_wconf 72' lang='lat' dir='ltr'><strong>juris</strong></span> 
     </span>
     <span class='ocr_line' id='line_1_15' title="bbox 185 2730 1365 2839; baseline 0.002 -27"><span class='ocrx_word' id='word_1_95' title='bbox 185 2731 495 2838; x_wconf 87' lang='lat' dir='ltr'><strong>dispositionem</strong></span> <span class='ocrx_word' id='word_1_96' title='bbox 526 2733 575 2812; x_wconf 89' lang='lat' dir='ltr'><strong>de</strong></span> <span class='ocrx_word' id='word_1_97' title='bbox 604 2730 714 2811; x_wconf 87' lang='lat' dir='ltr'><strong>solis</strong></span> <span class='ocrx_word' id='word_1_98' title='bbox 736 2731 853 2812; x_wconf 89' lang='lat' dir='ltr'><strong>laicis</strong></span> <span class='ocrx_word' id='word_1_99' title='bbox 883 2731 1195 2813; x_wconf 86' lang='lat' dir='ltr'><strong>homicidist</strong></span> <span class='ocrx_word' id='word_1_100' title='bbox 1134 2760 1175 2812; x_wconf 90' lang='lat' dir='ltr'><strong>1n</strong></span> <span class='ocrx_word' id='word_1_101' title='bbox 1179 2731 1365 2839; x_wconf 84' lang='lat' dir='ltr'><strong>telligen-</strong></span> 
     </span>
     <span class='ocr_line' id='line_1_16' title="bbox 184 2863 1332 2973; baseline 0.005 -29"><span class='ocrx_word' id='word_1_102' title='bbox 184 2863 279 2944; x_wconf 86' lang='lat' dir='ltr'><strong>dam</strong></span> <span class='ocrx_word' id='word_1_103' title='bbox 302 2891 393 2945; x_wconf 87' lang='lat' dir='ltr'><strong>esse</strong></span> <span class='ocrx_word' id='word_1_104' title='bbox 414 2872 553 2945; x_wconf 88' lang='lat' dir='ltr'><strong>monet</strong></span> <span class='ocrx_word' id='word_1_105' title='bbox 578 2866 681 2945; x_wconf 85' lang='lat' dir='ltr'><strong>Can.</strong></span> <span class='ocrx_word' id='word_1_106' title='bbox 706 2863 929 2973; x_wconf 72' lang='lat' dir='ltr'><strong>Presbyter</strong></span> <span class='ocrx_word' id='word_1_107' title='bbox 951 2870 1025 2966; x_wconf 79' lang='lat'><strong>12,</strong></span> <span class='ocrx_word' id='word_1_108' title='bbox 1051 2864 1332 2950; x_wconf 66' lang='lat' dir='ltr'><strong>dicunctur.</strong></span> 
     </span>
     <span class='ocr_line' id='line_1_17' title="bbox 271 2997 1365 3101; baseline 0.003 -22"><span class='ocrx_word' id='word_1_109' title='bbox 271 3000 313 3079; x_wconf 91' lang='lat' dir='ltr'><strong>Si</strong></span> <span class='ocrx_word' id='word_1_110' title='bbox 332 3026 429 3080; x_wconf 86' lang='lat' dir='ltr'><strong>vero</strong></span> <span class='ocrx_word' id='word_1_111' title='bbox 445 2999 713 3080; x_wconf 79' lang='lat' dir='ltr'><strong>homicidium</strong></span> <span class='ocrx_word' id='word_1_112' title='bbox 731 2997 1002 3079; x_wconf 87' lang='lat' dir='ltr'><strong>committitur</strong></span> <span class='ocrx_word' id='word_1_113' title='bbox 1022 3025 1048 3078; x_wconf 86' lang='lat' dir='ltr'><strong>a</strong></span> <span class='ocrx_word' id='word_1_114' title='bbox 1068 2999 1240 3101; x_wconf 78' lang='lat' dir='ltr'><strong>ClericO,</strong></span> <span class='ocrx_word' id='word_1_115' title='bbox 1265 3009 1365 3083; x_wconf 87' lang='lat' dir='ltr'><strong>tunc</strong></span> 
     </span>
     <span class='ocr_line' id='line_1_18' title="bbox 183 3131 1365 3238; baseline 0.003 -28"><span class='ocrx_word' id='word_1_116' title='bbox 183 3157 340 3238; x_wconf 88' lang='lat' dir='ltr'><strong>poenae</strong></span> <span class='ocrx_word' id='word_1_117' title='bbox 370 3131 600 3211; x_wconf 88' lang='lat' dir='ltr'><strong>homicidae</strong></span> <span class='ocrx_word' id='word_1_118' title='bbox 630 3131 775 3211; x_wconf 86' lang='lat' dir='ltr'><strong>Clerici</strong></span> <span class='ocrx_word' id='word_1_119' title='bbox 806 3140 906 3210; x_wconf 89' lang='lat' dir='ltr'><strong>sunt</strong></span> <span class='ocrx_word' id='word_1_120' title='bbox 935 3137 1171 3236; x_wconf 87' lang='lat' dir='ltr'><strong>sequentes:</strong></span> <span class='ocrx_word' id='word_1_121' title='bbox 1203 3131 1261 3213; x_wconf 86' lang='lat' dir='ltr'><strong>l.⁰</strong></span> <span class='ocrx_word' id='word_1_122' title='bbox 1289 3131 1365 3214; x_wconf 88' lang='lat' dir='ltr'><strong>Est</strong></span> 
     </span>
     <span class='ocr_line' id='line_1_19' title="bbox 184 3262 1359 3372; baseline 0.004 -30"><span class='ocrx_word' id='word_1_123' title='bbox 184 3264 237 3342; x_wconf 87' lang='lat' dir='ltr'><strong>ab</strong></span> <span class='ocrx_word' id='word_1_124' title='bbox 268 3263 424 3364; x_wconf 84' lang='lat' dir='ltr'><strong>ordine,</strong></span> <span class='ocrx_word' id='word_1_125' title='bbox 469 3271 507 3344; x_wconf 86' lang='lat' dir='ltr'><strong>et</strong></span> <span class='ocrx_word' id='word_1_126' title='bbox 547 3264 683 3344; x_wconf 88' lang='lat' dir='ltr'><strong>officio</strong></span> <span class='ocrx_word' id='word_1_127' title='bbox 724 3264 1006 3372; x_wconf 75' lang='lat' dir='ltr'><strong>deponendus⁸</strong></span> <span class='ocrx_word' id='word_1_128' title='bbox 1052 3262 1112 3345; x_wconf 85' lang='lat' dir='ltr'><strong>Ita</strong></span> <span class='ocrx_word' id='word_1_129' title='bbox 1152 3267 1222 3348; x_wconf 87' lang='lat' dir='ltr'><strong>cit.</strong></span> <span class='ocrx_word' id='word_1_130' title='bbox 1268 3294 1359 3347; x_wconf 88' lang='lat' dir='ltr'><strong>eun.</strong></span> 
     </span>
     <span class='ocr_line' id='line_1_20' title="bbox 183 3396 1364 3508; baseline -0.001 -30"><span class='ocrx_word' id='word_1_131' title='bbox 183 3397 406 3506; x_wconf 75' lang='lat' dir='ltr'><strong>Presbyter</strong></span> <span class='ocrx_word' id='word_1_132' title='bbox 429 3400 503 3488; x_wconf 83' lang='lat'><strong>12,</strong></span> <span class='ocrx_word' id='word_1_133' title='bbox 529 3396 709 3478; x_wconf 85' lang='lat' dir='ltr'><strong>distinct.</strong></span> <span class='ocrx_word' id='word_1_134' title='bbox 734 3401 810 3496; x_wconf 85' lang='grc'><strong>81,</strong></span> <span class='ocrx_word' id='word_1_135' title='bbox 847 3403 887 3477; x_wconf 90' lang='lat' dir='ltr'><strong>et</strong></span> <span class='ocrx_word' id='word_1_136' title='bbox 921 3397 1026 3508; x_wconf 78' lang='lat' dir='ltr'><strong>Cup.</strong></span> <span class='ocrx_word' id='word_1_137' title='bbox 1056 3397 1162 3476; x_wconf 85' lang='lat' dir='ltr'><strong>Cum</strong></span> <span class='ocrx_word' id='word_1_138' title='bbox 1199 3423 1278 3477; x_wconf 87' lang='lat' dir='ltr'><strong>nou</strong></span> <span class='ocrx_word' id='word_1_139' title='bbox 1314 3400 1364 3477; x_wconf 81' lang='lat' dir='ltr'><strong>ub</strong></span> 
     </span>
     <span class='ocr_line' id='line_1_21' title="bbox 184 3529 1366 3641; baseline 0.003 -33"><span class='ocrx_word' id='word_1_140' title='bbox 184 3530 346 3610; x_wconf 83' lang='lat' dir='ltr'><strong>homine</strong></span> <span class='ocrx_word' id='word_1_141' title='bbox 390 3534 446 3610; x_wconf 86' lang='lat'><strong>10</strong></span> <span class='ocrx_word' id='word_1_142' title='bbox 482 3529 532 3610; x_wconf 87' lang='lat' dir='ltr'><strong>de</strong></span> <span class='ocrx_word' id='word_1_143' title='bbox 566 3531 706 3612; x_wconf 83' lang='lat' dir='ltr'><strong>Judic.</strong></span> <span class='ocrx_word' id='word_1_144' title='bbox 751 3539 790 3611; x_wconf 87' lang='lat' dir='ltr'><strong>et</strong></span> <span class='ocrx_word' id='word_1_145' title='bbox 830 3531 952 3637; x_wconf 83' lang='lat' dir='ltr'><strong>juxta</strong></span> <span class='ocrx_word' id='word_1_146' title='bbox 1001 3530 1105 3611; x_wconf 81' lang='lat' dir='ltr'><strong>Cau.</strong></span> <span class='ocrx_word' id='word_1_147' title='bbox 1144 3529 1195 3612; x_wconf 85' lang='lat' dir='ltr'><strong>Si</strong></span> <span class='ocrx_word' id='word_1_148' title='bbox 1240 3531 1366 3641; x_wconf 82' lang='lat' dir='ltr'><strong>Epis-</strong></span> 
     </span>
     <span class='ocr_line' id='line_1_22' title="bbox 185 3663 1434 3776; baseline -0.001 -32"><span class='ocrx_word' id='word_1_149' title='bbox 185 3689 305 3774; x_wconf 77' lang='lat' dir='ltr'><strong>copus</strong></span> <span class='ocrx_word' id='word_1_150' title='bbox 342 3669 386 3765; x_wconf 85' lang='lat'><strong>6,</strong></span> <span class='ocrx_word' id='word_1_151' title='bbox 431 3663 611 3746; x_wconf 83' lang='lat' dir='ltr'><strong>distinct.</strong></span> <span class='ocrx_word' id='word_1_152' title='bbox 646 3666 723 3766; x_wconf 85' lang='lat'><strong>50,</strong></span> <span class='ocrx_word' id='word_1_153' title='bbox 771 3665 876 3776; x_wconf 81' lang='lat' dir='ltr'><strong>Cup.</strong></span> <span class='ocrx_word' id='word_1_154' title='bbox 915 3665 1026 3746; x_wconf 90' lang='lat' dir='ltr'><strong>Tuue</strong></span> <span class='ocrx_word' id='word_1_155' title='bbox 1068 3669 1097 3744; x_wconf 83' lang='lat'><strong><em>6</em></strong></span> <span class='ocrx_word' id='word_1_156' title='bbox 1139 3663 1188 3744; x_wconf 85' lang='lat' dir='ltr'><strong>de</strong></span> <span class='ocrx_word' id='word_1_157' title='bbox 1229 3665 1362 3746; x_wconf 90' lang='lat' dir='ltr'><strong>Poeu.</strong></span> <span class='ocrx_word' id='word_1_158' title='bbox 1433 3689 1434 3693; x_wconf 60' lang='lat'>‘</span> 
     </span>
     <span class='ocr_line' id='line_1_23' title="bbox 184 3797 1364 3908; baseline 0.003 -32"><span class='ocrx_word' id='word_1_159' title='bbox 184 3805 222 3877; x_wconf 87' lang='lat' dir='ltr'><strong>et</strong></span> <span class='ocrx_word' id='word_1_160' title='bbox 266 3799 371 3908; x_wconf 80' lang='lat' dir='ltr'><strong>Cup.</strong></span> <span class='ocrx_word' id='word_1_161' title='bbox 406 3797 520 3879; x_wconf 86' lang='lat' dir='ltr'><strong>Sicut</strong></span> <span class='ocrx_word' id='word_1_162' title='bbox 561 3805 589 3878; x_wconf 85' lang='lat'><strong><em>6</em></strong></span> <span class='ocrx_word' id='word_1_163' title='bbox 621 3803 662 3900; x_wconf 63' lang='grc' dir='ltr'><strong>ἓ.</strong></span> <span class='ocrx_word' id='word_1_164' title='bbox 698 3799 796 3880; x_wconf 79' lang='lat' dir='ltr'><strong>Fu.</strong></span> <span class='ocrx_word' id='word_1_165' title='bbox 833 3799 873 3878; x_wconf 84' lang='lat' dir='ltr'><strong>h.</strong></span> <span class='ocrx_word' id='word_1_166' title='bbox 909 3806 961 3897; x_wconf 88' lang='lat' dir='ltr'><strong>t.;</strong></span> <span class='ocrx_word' id='word_1_167' title='bbox 1000 3799 1141 3879; x_wconf 86' lang='lat' dir='ltr'><strong>iuncto</strong></span> <span class='ocrx_word' id='word_1_168' title='bbox 1182 3797 1364 3880; x_wconf 90' lang='lat' dir='ltr'><strong>Concilio</strong></span> 
     </span>
     <span class='ocr_line' id='line_1_24' title="bbox 183 3929 1366 4044; baseline 0.001 -35"><span class='ocrx_word' id='word_1_169' title='bbox 183 3929 426 4012; x_wconf 88' lang='lat' dir='ltr'><strong>Tridentino</strong></span> <span class='ocrx_word' id='word_1_170' title='bbox 456 3932 623 4014; x_wconf 84' lang='lat' dir='ltr'><strong>sessiou.</strong></span> <span class='ocrx_word' id='word_1_171' title='bbox 662 3935 735 4013; x_wconf 83' lang='grc'><strong>14.</strong></span> <span class='ocrx_word' id='word_1_172' title='bbox 776 3934 879 4044; x_wconf 79' lang='lat' dir='ltr'><strong>Cup,</strong></span> <span class='ocrx_word' id='word_1_173' title='bbox 916 3936 951 4011; x_wconf 80' lang='lat'><strong>7·</strong></span> <span class='ocrx_word' id='word_1_174' title='bbox 975 3932 1025 4013; x_wconf 85' lang='lat' dir='ltr'><strong>de</strong></span> <span class='ocrx_word' id='word_1_175' title='bbox 1053 3932 1204 4042; x_wconf 74' lang='lat' dir='ltr'><strong>Refor.</strong></span> <span class='ocrx_word' id='word_1_176' title='bbox 1240 3932 1292 4012; x_wconf 89' lang='lat' dir='ltr'><strong>Et</strong></span> <span class='ocrx_word' id='word_1_177' title='bbox 1323 3933 1366 4010; x_wconf 91' lang='lat' dir='ltr'><strong>in</strong></span> 
     </span>
     <span class='ocr_line' id='line_1_25' title="bbox 184 4065 1368 4176; baseline 0.001 -32"><span class='ocrx_word' id='word_1_178' title='bbox 184 4071 344 4145; x_wconf 86' lang='lat' dir='ltr'><strong>arctum</strong></span> <span class='ocrx_word' id='word_1_179' title='bbox 374 4065 672 4148; x_wconf 87' lang='lat' dir='ltr'><strong>monasterium</strong></span> <span class='ocrx_word' id='word_1_180' title='bbox 694 4067 973 4175; x_wconf 84' lang='lat' dir='ltr'><strong>detrudendus</strong></span> <span class='ocrx_word' id='word_1_181' title='bbox 1004 4067 1074 4147; x_wconf 79' lang='lat' dir='ltr'><strong>cit·</strong></span> <span class='ocrx_word' id='word_1_182' title='bbox 1114 4067 1219 4146; x_wconf 84' lang='lat' dir='ltr'><strong>Cau.</strong></span> <span class='ocrx_word' id='word_1_183' title='bbox 1260 4065 1368 4176; x_wconf 80' lang='lat' dir='ltr'><strong>Epi-</strong></span> 
     </span>
     <span class='ocr_line' id='line_1_26' title="bbox 182 4198 1368 4312; baseline 0.003 -34"><span class='ocrx_word' id='word_1_184' title='bbox 182 4224 340 4311; x_wconf 81' lang='lat' dir='ltr'><strong>scopus,</strong></span> <span class='ocrx_word' id='word_1_185' title='bbox 375 4208 415 4281; x_wconf 87' lang='lat' dir='ltr'><strong>et</strong></span> <span class='ocrx_word' id='word_1_186' title='bbox 445 4203 514 4284; x_wconf 87' lang='lat' dir='ltr'><strong>cit.</strong></span> <span class='ocrx_word' id='word_1_187' title='bbox 564 4201 668 4312; x_wconf 79' lang='lat' dir='ltr'><strong>Cup.</strong></span> <span class='ocrx_word' id='word_1_188' title='bbox 701 4227 815 4293; x_wconf 82' lang='lat' dir='ltr'><strong>suae,</strong></span> <span class='ocrx_word' id='word_1_189' title='bbox 850 4201 970 4308; x_wconf 87' lang='lat' dir='ltr'><strong>cujus</strong></span> <span class='ocrx_word' id='word_1_190' title='bbox 1003 4210 1140 4282; x_wconf 86' lang='lat' dir='ltr'><strong>tamen</strong></span> <span class='ocrx_word' id='word_1_191' title='bbox 1171 4199 1261 4281; x_wconf 87' lang='lat' dir='ltr'><strong>loco</strong></span> <span class='ocrx_word' id='word_1_192' title='bbox 1293 4198 1368 4282; x_wconf 90' lang='lat' dir='ltr'><strong>ho·</strong></span> 
     </span>
     <span class='ocr_line' id='line_1_27' title="bbox 183 4333 1366 4438; baseline 0.001 -24"><span class='ocrx_word' id='word_1_193' title='bbox 183 4333 249 4414; x_wconf 93' lang='lat' dir='ltr'><strong>die</strong></span> <span class='ocrx_word' id='word_1_194' title='bbox 279 4333 480 4417; x_wconf 85' lang='lat' dir='ltr'><strong>successit</strong></span> <span class='ocrx_word' id='word_1_195' title='bbox 465 4335 809 4417; x_wconf 89' lang='lat' dir='ltr'><strong>tcondemnatio</strong></span> <span class='ocrx_word' id='word_1_196' title='bbox 851 4335 902 4416; x_wconf 90' lang='lat' dir='ltr'><strong>ad</strong></span> <span class='ocrx_word' id='word_1_197' title='bbox 943 4361 1142 4438; x_wconf 88' lang='lat' dir='ltr'><strong>carceres,</strong></span> <span class='ocrx_word' id='word_1_198' title='bbox 1187 4336 1251 4416; x_wconf 85' lang='lat' dir='ltr'><strong>vel</strong></span> <span class='ocrx_word' id='word_1_199' title='bbox 1292 4333 1366 4417; x_wconf 88' lang='lat' dir='ltr'><strong>tri-</strong></span> 
     </span>
     <span class='ocr_line' id='line_1_28' title="bbox 186 4470 1366 4573; baseline 0.001 -26"><span class='ocrx_word' id='word_1_200' title='bbox 186 4493 336 4571; x_wconf 64' lang='lat' dir='ltr'><strong>remes</strong></span> <span class='ocrx_word' id='word_1_201' title='bbox 384 4470 464 4551; x_wconf 89' lang='lat' dir='ltr'><strong>nisi</strong></span> <span class='ocrx_word' id='word_1_202' title='bbox 511 4471 666 4553; x_wconf 89' lang='lat' dir='ltr'><strong>crimen</strong></span> <span class='ocrx_word' id='word_1_203' title='bbox 712 4473 766 4554; x_wconf 91' lang='lat' dir='ltr'><strong>sit</strong></span> <span class='ocrx_word' id='word_1_204' title='bbox 810 4470 931 4553; x_wconf 79' lang='lat' dir='ltr'><strong>itera</strong></span> <span class='ocrx_word' id='word_1_205' title='bbox 933 4495 1024 4573; x_wconf 93' lang='lat' dir='ltr'><strong>um</strong></span> <span class='ocrx_word' id='word_1_206' title='bbox 1072 4470 1366 4554; x_wconf 86' lang='lat' dir='ltr'><strong>ethomicida</strong></span> 
     </span>
    </p>
   </div>
   <div class='ocr_carea' id='block_1_7' title="bbox 0 0 1684 5125">
    <p class='ocr_par' dir='ltr' id='par_1_7' title="bbox 0 0 1684 5125">
     <span class='ocr_line' id='line_1_29' title="bbox 0 0 1684 5125; baseline 0 0"><span class='ocrx_word' id='word_1_207' title='bbox 0 0 1684 5125; x_wconf 95' lang='lat' dir='ltr'><strong> </strong></span> 
     </span>
    </p>
   </div>
  </div>
 </body>
</html>
