3136 5138
321 387 382 450 122
605 397 897 449 rmecucrronus
920 397 1013 450 rums
1036 361 1204 450 carorum

189 562 192 572 2
323 528 438 610 datis'
460 554 485 606 a
515 526 716 607 Romanis
746 526 1015 608 Pontificibus
1045 527 1087 606 in
1114 527 1322 636 aliquibus
1343 527 1473 609 causis

266 693 269 702 ·
321 661 568 760 decidendis
591 661 632 740 in
647 659 799 767 quibus
815 661 1043 741 secundum
1061 660 1370 742 matrimonium
1385 685 1475 740 con·

321 802 576 875 summatum
599 794 743 875 fuisset
763 793 990 901 praelatum
1013 794 1143 902 primo
1165 793 1416 902 simpliciter,
1439 800 1476 872 at

319 928 547 1010 decisiones
578 929 670 1009 illae
701 930 742 1008 in
775 929 941 1009 casibus
957 928 1274 1036 particularibus
1296 934 1476 1036 poterant

320 1061 444 1142 etiam
476 1089 567 1143 esse
598 1088 672 1171 pro
702 1062 884 1142 secundo
914 1062 1120 1169 conjugio,
1154 1061 1316 1146 etiamsi
1342 1059 1476 1141 Ponti-

321 1197 417 1276 fices
447 1199 740 1278 Antecessores
760 1196 946 1276 eamdem
967 1203 1150 1276 tenerent
1179 1195 1407 1277 doctrinam
1431 1219 1475 1273 ac

321 1331 558 1412 Alexander
590 1333 654 1413 lll.
699 1331 807 1425 Quid
847 1329 956 1411 enim
995 1331 1031 1410 si
1071 1330 1190 1440 primi
1231 1327 1472 1412 matrimonii

320 1473 479 1544 tantum
511 1465 586 1545 rati
620 1465 661 1544 in
693 1463 780 1544 foro
810 1473 979 1545 externo
1009 1490 1090 1544 non
1121 1463 1297 1544 fuissent
1332 1463 1474 1570 proba·

320 1597 482 1678 tiones?
513 1598 674 1706 quidsi
706 1597 925 1680 Pontifices
956 1597 996 1676 in
1028 1597 1133 1678 lacto
1164 1597 1308 1704 aliquo¹
1324 1591 1471 1700 decepti

318 1729 491 1810 luissent
526 1757 578 1810 ex
620 1730 878 1838 improbitate
917 1729 1249 1810 recurrentium?
1292 1730 1472 1836 Respon-

315 1863 421 1944 sicni
452 1865 621 1973 proinde
651 1863 863 1946 doctrinali
895 1865 1014 1944 datae
1035 1889 1108 1972 per
1127 1863 1409 1944 Alexandrum
1428 1859 1471 1938 Ill

314 2023 395 2076 non
426 1997 736 2104 opponebantur
765 1996 835 2076 illa
865 1993 1081 2103 Rescripta
1106 1995 1468 2077 Praedecessorum

317 2131 580 2230 Pontificum,
615 2139 654 2211 et
684 2129 762 2211 hoc
791 2141 853 2211 est
882 2130 991 2238 quod
1021 2129 1151 2210 voluit
1180 2131 1369 2211 Pontifex
1399 2125 1471 2206 illis

318 2263 453 2343 verbis
485 2289 670 2343 asserere
699 2262 1020 2371 Archiepiscopo
1052 2263 1314 2364 Salernitato,
1339 2261 1406 2370 qui
1427 2285 1470 2338 aa

318 2395 533 2503 Rescripta
563 2422 588 2474 a
617 2423 662 2476 sc
693 2423 775 2478 non
806 2405 914 2477 recte
944 2396 1146 2478 intellecta
1175 2404 1221 2477 ut
1260 2393 1471 2478 difficulta-
1562 2445 1563 2450 ¹

317 2541 377 2608 tes
407 2529 674 2636 proponebat.

431 2665 492 2742 6.⁰
523 2663 843 2770 Polygamorum
870 2662 1027 2770 judicia
1063 2663 1288 2771 antiquitus
1330 2662 1470 2769 agebat
1561 2727 1562 2781 p

312 2796 515 2878 Tribunal
545 2795 884 2898 ecclesiasticum,
918 2807 1039 2905 prout
1058 2797 1233 2879 habetur
1253 2825 1303 2878 ex
1326 2825 1416 2908 cap.
1445 2795 1468 2872 2

315 2931 357 3011 b.
393 2939 441 3029 t.;
466 2941 558 3040 post
587 2931 816 3012 Concilium
847 2932 1134 3013 Tridentinum
1155 2959 1251 3012 vero
1269 2939 1469 3014 attentans
1560 2953 1561 3025 p

314 3066 544 3146 secundum
574 3064 882 3146 matrimonium
913 3074 1124 3147 constante
1155 3065 1285 3173 primo
1321 3067 1471 3146 denun-

314 3197 480 3278 tiandus
501 3205 588 3279 erat
608 3199 653 3279 S.
673 3197 944 3307 Inquisitioni‚
964 3206 1173 3305 tamquam
1191 3207 1409 3306 suspectus
1424 3193 1468 3273 de
1559 3215 1560 3271 r

316 3331 490 3433 haeresi,
514 3341 553 3414 et
575 3331 651 3413 luit
675 3332 881 3413 obnoxius
907 3330 1194 3412 Constitutioni
1212 3331 1371 3413 Urbani
1392 3325 1469 3406 Vlll

312 3467 514 3572 illaquam.
534 3465 618 3544 diei
638 3467 692 3546 20
714 3466 834 3546 Janit
858 3465 981 3566 1637,
1006 3491 1111 3572 quae
1131 3473 1269 3545 tamen
1292 3491 1373 3546 non
1395 3458 1465 3540 fuit
1558 3457 1559 3515 l

313 3596 355 3674 in
375 3597 569 3677 omnibus
590 3625 669 3677 usu
693 3605 870 3706 recepta,
892 3607 936 3680 ut
951 3597 1098 3679 asserit
1113 3599 1362 3680 Benedictus
1376 3589 1468 3676 XlV

312 3729 548 3838 DeSyncd.
585 3729 754 3812 dioeces.
791 3732 905 3813 liae
937 3759 1027 3842 cap.
1064 3733 1088 3811 6
1121 3759 1230 3812 num.
1267 3735 1306 3812 8.
1343 3725 1467 3812 Hodie
1557 3729 1558 3759 ³

309 3863 415 3943 istae
441 3889 591 3944 causae
614 3863 885 3971 (praecisione
906 3865 1013 3946 facta
1035 3893 1060 3946 a
1086 3865 1228 3974 poenis
1249 3858 1467 3974 spirituali·
1556 3943 1557 3946 a

312 3999 408 4104 bus)
439 4004 742 4106 pertractantur
770 4000 879 4108 apud
910 3998 1133 4080 tribunalia
1162 3998 1313 4102 civilia,
1352 4007 1391 4080 et
1417 4017 1463 4074 ex
1556 3973 1557 4003 ³

311 4130 380 4212 illa
408 4132 677 4241 oppositione,
711 4159 815 4241 quae
845 4133 985 4214 existit
1014 4133 1055 4214 in
1077 4133 1155 4216 hac
1175 4133 1347 4216 materia
1367 4134 1465 4214 inter
1555 4205 1556 4247 p

312 4263 607 4373 legislationem
648 4265 968 4349 ecclesiasticam
1003 4273 1043 4348 et
1078 4265 1256 4348 civilem.
1277 4265 1393 4348 facile
1425 4260 1463 4340 in
