3388 5136
589 504 689 550 amun
711 505 744 548 v.
767 520 810 533 -
835 503 975 550 uiruuus
997 504 1046 549 111.
1346 477 1411 546 139

230 630 360 739 accipi
394 629 494 709 nihil
526 637 660 736 potest
694 629 735 707 in
778 627 1132 709 administratione
1172 651 1411 706 sacramen-

229 773 382 862 torum,
409 770 449 843 et
478 760 857 860 sacramentalium,
881 786 977 840 cum
1004 757 1331 870 aestimationem
1356 757 1407 837 ab

231 899 320 1006 ipso
352 903 446 978 actu
488 895 722 976 distinctam
759 921 841 975 non
881 893 1051 994 habeat;
1096 899 1229 1000 potest
1270 897 1407 970 autem

229 1031 348 1113 titulo
370 1028 716 1136 compensationis
737 1027 893 1108 laboris
924 1026 1145 1109 extrinseci
1164 1026 1287 1133 juxta
1311 1051 1409 1130 prn-

231 1165 391 1247 dentem
423 1161 754 1244 aestimationem
792 1161 918 1268 exigi,
943 1169 983 1241 et
1014 1160 1183 1268 percipi,
1216 1161 1410 1241 dummo-

231 1298 282 1380 do
314 1326 395 1379 non
427 1296 481 1377 sit
511 1296 627 1376 labor
657 1323 709 1375 ax
741 1296 821 1377 alio
852 1295 971 1376 titulo
1008 1294 1172 1375 debitus
1202 1321 1243 1374 v.
1278 1319 1321 1398 g.
1356 1318 1408 1371 ex

230 1431 378 1531 officio,
414 1429 668 1520 fondatione,
703 1436 912 1510 contractu
938 1435 1016 1510 etc.
1041 1436 1141 1508 tune
1170 1425 1281 1506 enim
1303 1423 1404 1505 nihil

229 1572 364 1670 potest
394 1563 503 1668 exigi
537 1563 693 1670 absque
724 1571 891 1668 peccato
921 1559 1123 1642 simoniae
1161 1561 1213 1640 ob
1251 1558 1406 1638 extrin-

228 1722 370 1777 secum
401 1697 600 1775 laborem.
647 1695 728 1776 Sed
769 1695 872 1776 alter
911 1694 1112 1776 articulus
1153 1719 1229 1774 nos
1269 1697 1402 1790 vocat,

228 1827 382 1909 scilieet

477 2091 542 2170 De
561 2088 719 2194 judice,
757 2095 1009 2180 accusatore,
1045 2096 1155 2179 teste,

357 2231 394 2301 et
424 2221 474 2300 de
506 2225 758 2302 restitutione
778 2221 984 2329 faciendo
1017 2225 1059 2301 in
1089 2223 1280 2300 simonia.

312 2488 434 2570 Nunc
456 2513 551 2566 vero
574 2487 789 2567 videamus
820 2487 965 2586 obiter,
996 2486 1090 2594 quis
1106 2485 1253 2593 judex,
1283 2511 1405 2566 accu-

226 2631 355 2721 sator,
379 2630 418 2702 et
440 2621 556 2702 testis
579 2647 670 2702 esse
691 2621 821 2728 possit
852 2621 892 2700 in
914 2621 1088 2701 materia
1118 2619 1334 2718 simoniae,
1365 2627 1404 2698 et

226 2781 294 2854 an,
328 2761 368 2834 at
398 2755 604 2862 quomodo
636 2755 822 2836 iacienda
861 2755 915 2834 sit
945 2753 1150 2836 restitutio
1182 2755 1224 2834 in
1260 2753 1402 2834 eadem

224 2888 424 2970 material
447 2889 489 2968 ln
507 2887 645 2968 causis
661 2887 862 2968 simoniae
878 2887 1019 2968 nullus
1035 2889 1141 2970 alius
1157 2894 1290 2996 potest
1309 2913 1399 2968 csse

220 3021 366 3127 judex,
390 3020 468 3100 nisi
491 3019 827 3120 Ecclesiasticus;
852 3017 974 3125 idque
1004 3019 1091 3100 sive
1116 3047 1215 3101 reus
1236 3020 1290 3100 sit
1311 3019 1403 3098 Cle-

225 3153 352 3254 ricus,
375 3154 462 3235 sive
482 3155 537 3236 sit
558 3155 705 3235 laicus
740 3153 792 3234 Et
813 3153 918 3234 ratio
943 3153 1162 3234 manifesta
1192 3160 1268 3254 est,
1302 3151 1401 3260 quia

223 3287 402 3368 simonia
424 3295 614 3370 versatur
634 3287 744 3368 circa
764 3286 924 3394 objecta
954 3285 1200 3392 spiritualia,
1225 3293 1298 3366 aut
1317 3285 1403 3392 spi-

222 3421 445 3503 ritualibus
477 3449 654 3522 annexa,
687 3421 783 3502 hine
813 3445 986 3502 causam
1018 3419 1179 3500 nonnisi
1207 3419 1403 3526 spiritua-

223 3553 303 3632 lem
336 3580 427 3633 esse
459 3554 500 3634 in
531 3555 717 3635 omnium
750 3554 894 3634 oculos
924 3552 1066 3635 insilit.
1101 3552 1225 3660 Atqui
1267 3552 1403 3634 scitis-

223 3686 316 3767 simi
335 3687 443 3795 juris
480 3695 542 3768 est
562 3689 838 3796 cognitionem
861 3713 1083 3771 causarum
1106 3687 1398 3796 spiritualium,

222 3847 449 3930 earumque
480 3823 708 3905 sententiae
729 3821 1111 3930 pronunciationem
1133 3822 1182 3902 ad
1205 3822 1316 3903 solos
1332 3821 1401 3930 ju-

222 3955 332 4036 dices
363 3956 680 4040 Ecclesiasticus
710 3957 913 4067 privative
944 3959 1158 4066 pertinere,
1185 3983 1258 4038 ceu
1286 3958 1327 4038 in
1349 3955 1401 4036 ti-

220 4089 307 4170 tulo
338 4091 387 4171 dc
417 4093 526 4172 Foro
557 4093 804 4199 competenti
836 4091 1034 4193 vidimuS,
1068 4116 1165 4196 ergo
1191 4096 1268 4171 etc.

307 4223 467 4304 Verum
491 4233 625 4306 estne
647 4226 803 4334 aliquid
826 4224 1003 4332 speciale
1034 4224 1075 4304 in
1096 4224 1174 4304 hoe
1195 4223 1396 4305 simoniae

215 4353 399 4462 judicio?
431 4357 599 4440 Certum
631 4367 694 4440 est
719 4360 921 4442 simoniae
941 4359 1095 4440 crimen
1117 4364 1258 4465 utpote
1280 4357 1396 4439 facile

223 4487 371 4594 latenS,
406 4499 446 4574 et
476 4492 724 4575 christianae
755 4493 940 4576 societati
963 4492 1080 4574 valde
1100 4493 1392 4600 perniciosum,
