3388 5136
575 405 673 449 mune
696 405 730 450 v,
753 422 794 432 -
819 405 959 451 mruuus
983 405 1005 450 1.
1334 385 1380 449 49
1412 461 1414 464 v

292 529 587 611 Verumtamen
606 531 682 612 hoc
704 531 744 610 in
762 531 915 611 honore
938 531 1014 610 luit
1045 557 1176 638 usque
1199 532 1249 612 ad
1271 530 1379 612 Con-

205 663 284 745 cilii
317 661 545 742 Tridentini
578 671 777 770 tempora.
812 663 853 742 ln
888 663 964 743 hoc
997 661 1105 743 enim
1128 665 1172 744 S.
1196 663 1377 744 Concilio

205 798 287 878 duo
331 794 534 874 habentur
578 821 701 876 casus
747 795 951 894 recensiti,
989 795 1213 902 inquibus
1249 796 1377 903 judex

203 929 421 1038 procedere
467 936 597 1033 potest
643 929 765 1009 etiarn
812 927 1209 1034 ectrujuclioiuliter,
1254 936 1294 1008 et
1335 937 1381 1008 ut

205 1064 320 1171 ajunt
351 1088 406 1140 εει)
448 1061 676 1170 informato
718 1064 979 1162 conscientia,
1024 1061 1124 1169 quin
1165 1061 1374 1161 delictum,

205 1205 244 1277 et
274 1193 536 1302 probationes
575 1194 783 1301 legitimas
823 1221 893 1276 reo
935 1195 1244 1276 communicare
1275 1193 1379 1274 obli-

204 1335 337 1434 getur.
364 1327 534 1407 Primos
566 1353 682 1407 cesus
713 1327 879 1434 respicit
910 1327 1145 1408 facultatem
1163 1326 1379 1434 Episcopis

204 1459 400 1540 tribulam
431 1459 698 1540 interdicendi
720 1461 879 1541 clericis
911 1485 1133 1541 ascensum
1166 1459 1216 1538 ad
1238 1484 1379 1538 sacros

205 1596 383 1676 ordines,
419 1595 626 1676 Secundus
668 1604 803 1675 aretem
847 1621 963 1676 casua
1000 1593 1165 1702 respicit
1202 1599 1379 1700 potesta-

205 1737 287 1808 tern
308 1728 523 1836 Episcopis
555 1729 708 1836 pariter
751 1728 947 1810 tributam
987 1727 1267 1835 suspendendi
1299 1726 1380 1807 cle-

206 1861 315 1941 ricos
344 1860 394 1940 ab
425 1861 658 1960 ordinibus,
666 1861 753 1968 jam
785 1862 1007 1968 susceptiS,
1046 1868 1167 1968 atque
1212 1859 1381 1965 insuper

205 1995 257 2073 ab
293 1993 592 2076 Ecclesiasticis
634 1995 849 2102 gradibus
894 1996 1181 2102 dignitatibus
1228 2004 1268 2074 et
1306 1991 1380 2072 bo·

204 2125 390 2208 nuribus,

291 2261 447 2340 Verum
477 2257 511 2338 si
544 2258 645 2339 haec
675 2259 975 2366 Episcoporum
1012 2265 1196 2366 potestas
1228 2264 1379 2336 attente

203 2393 426 2500 paullisper
470 2393 512 2485 in
562 2420 606 2500 se
658 2392 750 2500 ipsa
796 2393 1101 2492 consideretur,
1152 2393 1222 2471 vix
1261 2392 1379 2498 quid·

203 2553 327 2634 quam
359 2527 401 2606 in
432 2535 517 2608 tota
562 2527 874 2608 Ecclesiastioae
920 2527 1163 2634 disciplinae
1208 2525 1380 2607 historia

205 2659 339 2762 magis
370 2660 596 2762 insolitum,
622 2670 742 2769 atque
765 2661 997 2743 inauditum
1024 2669 1224 2760 occurret,
1249 2660 1380 2767 siqui-

204 2791 298 2871 dem
331 2789 572 2896 antiquituS‚
597 2795 654 2873 uti
675 2794 871 2894 vidimuS,
907 2795 1067 2875 nonnisi
1092 2792 1376 2900 judicialiter,

204 2933 243 3005 ct
273 2925 409 3005 solum
440 2951 567 3032 super
596 2928 769 3008 crimina
793 2927 960 3036 publicu
992 2927 1155 3035 procedi
1195 2933 1376 3034 poterat3
1468 2951 1476 2968 ·

204 3059 237 3137 si
262 3085 358 3139 vero
379 3065 559 3138 mentem
589 3061 866 3140 convertimus
888 3060 939 3139 ad
972 3086 1145 3160 erroreS,
1165 3067 1204 3138 ct
1234 3057 1376 3156 dubia,

204 3193 356 3299 quibus
387 3192 645 3272 occasionem
674 3193 761 3299 jam
794 3192 998 3300 praebuit,
1018 3191 1081 3272 vel
1114 3191 1235 3272 etiam
1270 3219 1380 3272 nunc

205 3329 398 3434 praebere
416 3333 564 3433 potest,
580 3327 693 3407 nulla
706 3327 807 3406 forte
820 3326 927 3432 juris
943 3325 1048 3405 sacri
1069 3351 1165 3432 pars
1177 3325 1378 3405 solertiori

205 3457 465 3566 indagatione
481 3459 633 3540 nostris
656 3457 897 3566 praesertim
919 3458 1175 3564 temporibus
1198 3457 1380 3564 indigere

209 3592 380 3673 videtur.

292 3726 380 3807 Hac
402 3727 451 3807 de
473 3755 531 3826 ro,
566 3753 660 3808 cum
694 3728 743 3807 de
775 3727 999 3808 arduohoc
1036 3737 1279 3834 argumento
1315 3726 1381 3806 hic

206 3857 303 3937 mihi
345 3860 619 3967 pertractandi
662 3861 824 3941 occasio
866 3861 1080 3959 offeratur,
1119 3861 1228 3940 sinat
1267 3859 1383 3939 beni·

204 4017 312 4098 gnus
343 3993 483 4094 lector,
511 4003 555 4076 ut
593 3995 899 4102 aliquantulum
921 4003 1039 4075 extra
1061 3993 1381 4100 praelectionum

204 4127 407 4208 cancellos
437 4128 568 4209 oratio
590 4139 778 4235 vagetur.
805 4129 982 4208 Materia
1004 4128 1114 4208 enim
1145 4125 1380 4235 hujusmodi

205 4258 315 4341 haud
346 4261 625 4370 infrequenter
655 4264 697 4342 in
732 4287 854 4342 usum
887 4262 1078 4343 occurrit.
