3136 5138
482 451 589 502 maan
611 451 657 504 iv.
682 469 702 482 -
726 451 864 506 rhenus
887 451 932 505 111.
1255 437 1298 502 99

117 585 224 666 Item
254 589 512 664 contractum
543 606 681 662 coram
702 581 888 664 Parocho
909 582 959 662 de
980 582 1173 663 mandato
1193 582 1290 690 Epi-

118 718 235 827 scopi
258 717 322 798 vel
342 716 500 798 Viearii
521 715 747 826 Generalis,
781 715 874 797 lieet
894 715 960 796 isti
982 723 1173 822 putarent
1192 719 1288 798 eum

118 879 214 934 esse
245 851 480 933 Parochum
510 851 721 960 proprium
752 850 1097 950 contrahentium,
1124 851 1196 958 qui
1226 877 1291 932 re-

119 1012 221 1067 vera
249 985 345 1067 talis
376 1012 456 1066 non
486 993 588 1066 erat.
612 983 772 1066 Pariter
793 1009 932 1066 coram
954 983 1188 1091 coadjutore
1209 986 1289 1065 Pa·

118 1119 235 1201 rochi
268 1121 462 1227 deputato
494 1118 535 1198 in
565 1140 713 1224 genere
744 1117 795 1198 ad
825 1125 1084 1198 sacramenta
1113 1117 1290 1198 admini-

119 1253 307 1335 stranda.
334 1252 511 1332 Demum
533 1250 684 1332 sufficit
704 1276 777 1357 pro
799 1249 1041 1332 adsistentia
1061 1251 1198 1332 valida
1213 1251 1291 1332 Sa-

119 1388 301 1470 cerdotis
332 1386 495 1468 licentia
520 1386 648 1465 tacita
668 1369 843 1466 Parochi
866 1385 1107 1493 praesentis
1133 1385 1287 1493 pariter

121 1521 288 1602 licentia
317 1527 430 1600 metu
461 1525 634 1618 extorta,
669 1517 856 1623 ignorata
885 1543 981 1598 vero
1017 1517 1180 1600 licentia
1214 1542 1289 1600 seu

117 1653 333 1763 deputatio
360 1678 443 1733 non
464 1651 587 1752 valet3
620 1677 726 1759 quae
756 1650 897 1744 omnia
928 1652 1153 1758 probantur
1173 1677 1198 1730 a
1217 1649 1290 1730 Gi-

117 1789 226 1871 raldi
259 1789 334 1868 loc.
361 1789 428 1869 cit.
455 1784 654 1894 appositis
684 1784 962 1866 decisionibus
983 1786 1028 1866 S.
1054 1785 1290 1892 Congrege-

116 1921 246 2004 tionis
267 1919 452 2000 Concilii.
478 1919 622 2011 Quoad
644 1917 927 2000 adsistentiam
954 1925 1091 1998 autem
1113 1915 1287 1997 Parochi

115 2065 160 2138 et
188 2054 359 2139 testium
390 2052 649 2134 retinendum
680 2061 757 2151 est,
785 2079 857 2134 eos
888 2053 1035 2132 debere
1066 2078 1156 2132 esse
1187 2051 1290 2160 phy·

117 2189 204 2272 sice
236 2195 487 2296 praesenteS,
510 2193 550 2268 et
571 2184 796 2294 intelligere
822 2184 919 2293 quid
941 2192 1102 2292 agatur,
1128 2185 1206 2264 nisi
1228 2183 1288 2264 al-

120 2323 271 2404 lectent
295 2347 377 2402 non
398 2319 638 2426 intelligere:
664 2346 745 2400 non
775 2327 915 2400 autem
946 2317 1115 2426 requiri,
1141 2325 1186 2398 ut
1207 2317 1288 2398 Pa-

117 2453 274 2536 roehus
295 2461 417 2534 antea
443 2449 685 2533 certioratus
705 2451 774 2552 sit,
800 2450 863 2531 vel
884 2477 1078 2558 expresse
1100 2461 1285 2551 vocatuS,
1323 2547 1325 2554 Ι

115 2596 193 2668 aut
225 2586 457 2693 interponat
487 2612 606 2666 suam
639 2585 924 2668 auctoritatem
954 2593 1049 2666 actu
1071 2584 1133 2664 vel
1162 2584 1286 2685 dicto;
1324 2565 1326 2572 ¹

115 2729 182 2802 est
211 2719 322 2800 enim
343 2717 556 2800 Paroehus
578 2717 694 2798 testis
724 2717 999 2826 qualificatus
1023 2715 1116 2798 licet
1147 2717 1297 2810 deceat
1318 2715 1331 2732 ³

116 2878 218 2932 eum
248 2850 487 2932 benedicere
514 2849 753 2956 eonjugium
770 2858 810 2930 et
826 2847 906 2929 alia
926 2857 1148 2956 praestare,
1182 2865 1288 2956 quae
1325 2857 1327 2862 '

115 3013 143 3065 a
171 2983 330 3066 Rituali
361 2983 623 3084 exhibentur,
657 2983 1004 3091 quemadmodum
1038 3008 1119 3062 non
1150 2983 1286 3090 requi·

117 3118 226 3198 ritur
246 3125 291 3197 ut
320 3124 446 3197 testes
466 3115 550 3196 sint
580 3114 711 3221 rogati
742 3139 817 3196 nec
836 3116 953 3196 obest
973 3115 1009 3194 si
1029 3115 1112 3196 sint
1137 3115 1281 3212 coacti,

118 3257 167 3329 ut
186 3247 311 3330 etiam
332 3246 562 3347 ParoohuS,
587 3253 709 3354 prout
729 3247 913 3328 decisum
935 3246 1085 3353 legitur
1106 3246 1147 3326 in
1169 3246 1238 3326 lib.
1261 3249 1287 3326 3
1325 3278 1329 3288 ·

116 3381 436 3462 <inveteratas
466 3381 801 3489 Conprcpctionis
824 3408 925 3491 pap.
954 3381 1091 3461 59.1n
1118 3379 1286 3487 reliquis

115 3511 387 3594 consulantur
416 3499 706 3596 Resolntiones
727 3513 772 3594 S.
798 3513 950 3622 Congr.
976 3512 1149 3594 Concilii·
1173 3513 1282 3621 apud

115 3643 284 3726 Richter
308 3647 490 3726 Curiones
521 3655 557 3726 et
588 3649 766 3727 Decreta
791 3647 913 3746 Coae,
932 3646 1060 3750 frid.
1084 3673 1179 3727 sees.
1207 3649 1276 3728 24.

234 3782 293 3860 6.⁰
314 3778 516 3874 Quamvis
537 3788 675 3860 autem
697 3781 883 3884 Ecclesia
909 3783 1097 3863 statuerit
1118 3782 1159 3862 in
1180 3780 1288 3861 Con·

115 3911 211 3992 cilio
227 3911 469 3993 Tridentino
486 3913 801 3996 substantialem
824 3913 997 3995 formam
1015 3914 1282 4014 matrimonii,

117 4071 200 4125 non
230 4043 399 4126 recessit
430 4051 570 4127 autem
600 4045 651 4126 ab
682 4045 764 4126 alia
793 4045 1082 4154 antiquissima
1099 4029 1215 4154 lege,
1240 4053 1286 4126 ut

116 4175 216 4258 talia
243 4167 512 4260 matrimonia
532 4177 838 4262 celebrarentur
861 4159 1038 4288 publice,
1062 4207 1137 4262 seu
1158 4185 1204 4260 ut
1225 4177 1286 4260 di-

117 4313 224 4396 eitur
239 4313 280 4395 in
296 4313 400 4397 lacie
417 4312 642 4416 Ecclesiae,
661 4341 712 4395 ex
734 4340 816 4422 quo
836 4323 974 4404 tamen
995 4340 1078 4394 non
1098 4312 1285 4421 sequitur

118 4447 283 4531 omnino
312 4445 568 4557 disparuisse
600 4446 684 4549 illa,
708 4473 814 4556 quae
844 4447 1106 4532 matrimonia
1125 4445 1284 4528 occulta
