3360 5126
340 403 407 471 278
638 418 906 466 animacmouus
930 417 1021 464 rums
1045 417 1201 465 cauourcr
1631 410 1650 477 a

341 551 606 631 esurientium
630 549 759 658 punis
781 554 853 640 est,
872 545 1029 654 inquit;
1049 571 1164 652 quem
1185 551 1227 623 tu
1249 540 1417 634 detines,
1442 569 1533 622 nu-
1628 458 1654 643 i

341 682 487 764 dorum
519 679 795 762 indumentum
816 687 889 772 est,
913 677 1021 786 quod
1042 685 1084 758 tu
1107 675 1283 757 recludis
1304 683 1377 754 etc.
1403 673 1532 768 Qua·

338 813 525 894 mobrem
557 815 823 921 consequitur
843 813 966 894 talem
989 810 1283 918 acceptionem,
1307 833 1381 888 seu
1403 807 1525 888 abla-
1639 891 1643 894 ,,

340 947 494 1030 tioneu1
523 975 606 1028 non
633 947 789 1029 censeri
811 946 979 1028 domino
999 944 1260 1051 injuriosam,
1279 967 1328 1022 eo
1349 941 1458 1048 quod
1484 941 1525 1022 is
1639 931 1648 1016 l

332 1081 427 1188 jure
461 1090 636 1162 naturae
676 1081 906 1162 consentire
947 1087 1150 1178 teneatur,
1194 1085 1233 1157 et
1272 1101 1355 1156 non
1386 1075 1527 1182 possit

337 1215 635 1296 rationabiliter
664 1242 756 1297 esse
786 1213 957 1313 invitus,
991 1211 1089 1320 quin
1112 1238 1185 1319 per
1214 1237 1281 1292 res
1311 1236 1413 1290 suas
1443 1210 1523 1288 ho-

339 1349 440 1432 miui
459 1350 501 1429 in
524 1357 710 1430 extrema
725 1348 970 1430 necessitate
984 1347 1208 1429 constituto
1228 1343 1519 1425 subveniatur.

426 1483 626 1565 Pluribus
657 1469 800 1591 poenis
821 1508 1001 1564 canones
1022 1479 1401 1560 animadverterunt
1420 1503 1524 1558 con-

331 1601 400 1699 tra
430 1643 514 1716 eoS,
551 1618 621 1726 qui
657 1618 811 1699 lurtum
853 1615 1168 1698 committebant
1197 1612 1298 1693 lucri
1342 1611 1520 1693 faciendi

263 1797 266 1804 ·
336 1777 480 1851 causa,
514 1752 585 1832 sed
617 1777 712 1832 cum
743 1751 910 1831 tandem
942 1750 1008 1830 lex
1039 1748 1170 1829 civilis
1202 1749 1252 1827 de
1273 1747 1382 1827 furto
1423 1769 1526 1854 pro-

337 1885 476 1966 videre
512 1884 705 1991 caeperit,
743 1883 978 1991 hujusmodi
1016 1909 1171 1990 poenae
1206 1880 1520 1982 obsoleverunt,

336 2019 412 2101 etsi
434 2043 591 2128 paucae
608 2017 743 2099 adbuc
758 2017 1003 2117 subsistant,
1026 2043 1132 2125 quae
1149 2017 1323 2124 jurium,
1354 2023 1393 2095 et
1412 2041 1523 2094 non-

337 2153 544 2236 nullarum
577 2179 717 2234 rerum
748 2152 1019 2260 privationem
1050 2150 1291 2259 respiciunt.

422 2289 531 2368 Sane
554 2288 713 2394 dejure
745 2285 951 2401 Canonico
983 2312 1063 2366 non
1095 2284 1269 2365 babetur
1299 2309 1373 2391 pro
1405 2283 1519 2364 furto

337 2421 446 2501 oiroa
476 2420 601 2500 laicos
634 2420 773 2528 aliqua
803 2445 936 2527 poena
966 2419 1194 2525 designata,
1233 2417 1306 2498 sed
1337 2416 1515 2497 Solum-

334 2553 457 2634 modo
489 2551 531 2634 in
566 2555 668 2663 Cup.
705 2552 792 2633 rh.
819 2561 848 2633 t.
883 2553 1080 2633 statuitur
1109 2579 1221 2653 eum,
1251 2553 1318 2660 qui
1349 2549 1516 2629 furatur

334 2685 561 2786 bominem,
586 2695 625 2766 et
651 2686 803 2787 vendit,
828 2685 997 2792 dignum
1021 2713 1113 2768 esse
1134 2693 1279 2767 morte.
1303 2683 1433 2762 —ibi
1454 2725 1518 2744 -

338 2819 612 2927 Quifurutur
643 2816 843 2899 bominem
869 2829 905 2900 et
928 2819 1169 2912 vendiderit,
1204 2820 1407 2900 conuictus
1433 2845 1514 2898 no-

334 2977 419 3030 oeae
439 2958 568 3031 morte
598 2954 817 3034 moriatur.
843 2953 906 3032 Ex
928 2961 1011 3060 q'ua
1036 2953 1144 3060 juris
1171 2953 1440 3061 dispositione
1460 2951 1516 3030 ab

172 3167 179 3178 ,
298 3195 301 3198 ¹
333 3087 480 3167 Exodo
506 3086 610 3197 Cap.
632 3089 688 3170 21
706 3093 875 3194 sumpta
894 3087 1005 3168 baud
1028 3087 1243 3186 indicatur,
1265 3087 1515 3186 Ecclesiam,

334 3245 440 3328 quae
481 3219 729 3302 abhorrete
760 3222 982 3327 sanguine,
1016 3221 1160 3302 mortis
1191 3237 1365 3342 poenam
1399 3220 1516 3300 infli-

333 3379 444 3461 gere,
478 3356 550 3435 sed
583 3353 789 3436 indicatur
824 3356 1126 3455 tantummode,
1160 3380 1266 3462 quae
1296 3355 1351 3434 sit
1380 3381 1520 3461 poena

336 3487 560 3594 infligenda
581 3487 831 3594 ajudieibus
852 3487 969 3570 laicis
1000 3497 1141 3568 contra
1167 3488 1263 3569 furti
1295 3514 1404 3569 reos
1427 3487 1513 3567 Gi-

336 3619 439 3700 raldi
457 3622 681 3729 Eoeposc'tio
686 3621 802 3727 juris
818 3621 948 3703 Ponti
942 3623 1042 3729 ficii
1057 3627 1119 3704 tit.
1140 3623 1295 3704 XVIII
1310 3619 1359 3703 de
1374 3623 1519 3732 furtis

335 3760 430 3833 sect.
465 3755 575 3835 841.
611 3754 758 3848 Quoad
799 3755 978 3859 Clericos
1013 3783 1110 3837 vero
1152 3757 1397 3865 dispositum
1426 3765 1512 3856 est,

334 3885 439 3994 quod
464 3897 628 3994 propter
649 3888 809 3970 turtum
831 3890 872 3968 iu
894 3889 1062 3970 notabili
1096 3889 1338 3997 quantitate,
1364 3897 1404 3970 et
1421 3914 1519 3970 ma—

333 4021 446 4102 xime
477 4022 645 4130 saepius
677 4025 889 4125 iteratum,
924 4023 988 4104 vel
1020 4023 1126 4104 male
1157 4024 1438 4131 qualificatum
1471 4024 1515 4104 in

329 4155 475 4262 primis
496 4159 602 4238 fiunt
632 4157 896 4266 irregulares,
923 4159 980 4240 ita
1002 4169 1047 4241 ut
1068 4159 1118 4240 ad
1141 4159 1307 4240 ordines
1337 4185 1514 4266 promo-

327 4289 414 4368 veri
446 4315 528 4371 non
551 4291 713 4399 possint
745 4303 912 4401 propter
937 4293 1166 4394 infamiam,
1200 4319 1324 4401 quam
1356 4321 1408 4373 ex
1439 4292 1515 4374 tali

330 4419 479 4504 delicto
509 4425 776 4526 contrahunt,
819 4427 966 4509 deinde
997 4455 1129 4537 poena
1160 4428 1255 4510 furti
1296 4426 1514 4528 notabilis,
