3136 5138
303 396 368 460 144
588 408 879 462 rnnnnncrrouns
901 410 994 462 runis
1018 411 1187 463 cuuourer

308 541 385 621 hac
415 540 658 638 conditione,
694 541 828 622 solum
850 543 899 622 de
920 541 1057 648 aliqua
1077 541 1307 623 conditione
1327 543 1457 650 quaeri

307 681 442 781 potest
471 701 523 754 an
553 675 606 756 sit
635 673 806 756 honesta
835 673 899 754 vel
928 673 1076 782 turpis;
1112 676 1219 782 quod
1240 682 1376 756 tamen
1396 677 1460 758 de-

308 808 455 914 pendet
485 833 510 886 a
539 806 660 889 inodo
683 806 985 909 verificationis,
1009 818 1130 916 prout
1151 809 1200 890 de
1221 809 1455 891 conditione:

311 941 387 1020 «si
418 939 533 1048 virgo
565 968 608 1021 es
628 973 666 1041 ›,
701 949 740 1021 et
770 949 868 1022 tune
904 968 953 1022 ea
992 941 1202 1048 sponsalia
1232 942 1317 1022 vim
1346 941 1462 1022 habe-

307 1074 423 1173 bunt,
458 1100 552 1154 cum
583 1071 759 1155 conditio
790 1073 996 1154 verificata
1017 1082 1095 1174 est,
1118 1081 1217 1154 tunc
1237 1074 1345 1154 enim
1365 1074 1461 1154 fiunt

305 1207 511 1307 absoluta,
545 1215 585 1287 et
614 1215 834 1314 utrumque
855 1208 1088 1314 producunt
1109 1209 1300 1288 effectum
1323 1233 1458 1315 nempe
1550 1251 1551 1254 κ

308 1339 585 1448 impedimenti
617 1339 875 1448 impedientis
905 1348 944 1421 et
983 1341 1224 1421 dirimentis.
1270 1343 1327 1422 At
1357 1349 1461 1422 ante-

306 1501 430 1582 quam
461 1474 637 1555 conditio
658 1473 780 1556 luerit
800 1474 967 1582 impleta
987 1483 1179 1555 neutrum
1202 1475 1461 1583 impedimen-

307 1614 395 1686 tum
427 1607 648 1708 enascitur,
682 1608 753 1687 sed
784 1615 944 1688 tantum
985 1605 1179 1714 obligatio
1216 1605 1461 1688 contrahitur

304 1741 537 1822 attendendi
569 1742 932 1849 adimplementum
958 1741 1215 1842 conditioniS,
1240 1767 1347 1848 quae
1367 1739 1460 1820 adeo

307 1881 425 1981 urget
456 1883 502 1955 ut
531 1876 757 1983 posteriora
787 1875 956 1983 quaevis
986 1875 1194 1983 sponsalia
1234 1875 1377 1956 reddat
1406 1873 1461 1952 in-

306 2007 440 2087 valida
470 2006 571 2089 inita
600 2007 744 2116 primis
774 2006 908 2088 adhue
930 2034 1010 2088 non
1032 2007 1239 2108 resolutiS,
1258 2015 1380 2118 prout
1398 2005 1460 2086 de·

306 2149 534 2222 monstrant
563 2141 760 2222 Doctores
791 2143 900 2250 apud
941 2139 1311 2246 Sehmalzgrueber
1351 2141 1390 2221 h.
1432 2148 1457 2218 t.

303 2301 415 2354 num.
443 2279 510 2354 54.
541 2274 650 2355 Idem
672 2274 890 2355 dicendum
910 2273 1018 2355 circa
1038 2275 1362 2372 matrimonium,
1388 2271 1456 2354 etsi

304 2407 416 2487 enim
445 2435 527 2489 non
547 2407 677 2490 'liceat
697 2410 853 2516 absque
874 2407 989 2515 gravi
1011 2434 1138 2489 causa
1158 2407 1457 2488 matrimonium

302 2542 383 2621 sub
405 2541 634 2623 conditione
655 2543 730 2623 etsi
752 2542 924 2623 honesta
945 2549 984 2623 et
1005 2541 1189 2650 possibili
1211 2539 1458 2638 contrahere,

305 2681 426 2782 atque
456 2673 639 2766 Ecclesia
669 2673 710 2756 id
740 2675 1094 2754 indiscriminatim
1126 2701 1209 2754 non
1238 2673 1348 2754 sinat
1377 2699 1462 2781 pro·

303 2814 392 2914 pter
422 2807 594 2905 abusus,
628 2807 698 2914 qui
728 2815 901 2914 possunt
931 2807 1122 2914 irrepere,
1167 2806 1207 2887 id
1248 2813 1386 2887 tamen
1416 2831 1462 2885 ex

301 2967 430 3021 eausa
446 2940 707 3049 permittitur,
728 2949 767 3020 et
783 2949 1161 3048 quantumcumque
1178 2940 1366 3021 illicitum
1383 2965 1463 3021 ma·

303 3073 542 3155 trimonium
574 3075 652 3155 sub
684 3073 755 3154 tali
786 3074 1015 3155 conditione
1047 3073 1202 3155 editum
1223 3100 1387 3182 semper
1405 3079 1461 3153 est

303 3207 501 3310 validum,
535 3236 630 3290 cum
660 3209 837 3290 conditio
869 3207 1075 3289 verificata
1105 3217 1182 3308 est,
1217 3215 1341 3315 atque
1371 3217 1461 3288 tunc

303 3367 447 3430 omnes
487 3342 691 3424 habentur
730 3344 900 3424 effectus
940 3340 1192 3422 matrimonii
1233 3341 1373 3422 validi.
1410 3339 1464 3418 Ita

305 3473 488 3556 formiter
519 3477 704 3558 decisum
735 3503 825 3558 esse
847 3477 889 3556 in
911 3503 1000 3586 cap.
1029 3475 1116 3558 512.
1143 3487 1171 3555 t.
1197 3473 1465 3557 communiter

302 3617 470 3690 censent
500 3609 719 3691 Doctores·
736 3611 1042 3691 Tantummodo
1066 3610 1253 3717 quaestio
1274 3609 1463 3690 intereos

304 3750 405 3823 erat:
440 3767 493 3822 an
523 3749 705 3850 tempore
746 3742 978 3823 verificatae
1018 3742 1264 3824 conditionis
1305 3734 1463 3821 deberet

304 3875 441 3958 iterari
472 3902 714 3976 consensuS,
750 3875 812 3955 vel
852 3875 1056 3956 sufficeret
1095 3872 1398 3984 perseverantia
1426 3869 1463 3947 in

304 4009 454 4117 primo;
492 4035 597 4115 quae
637 4007 856 4089 difficultas
896 4008 1137 4116 pracsertim
1177 4007 1286 4088 vires
1326 4001 1464 4085 habuit

302 4150 397 4252 post
426 4141 656 4223 Concilium
687 4141 987 4242 Tridentinum,
1021 4143 1130 4248 quod
1169 4139 1298 4222 voluit
1328 4133 1464 4218 matri-

302 4277 489 4360 monium
518 4277 611 4357 iniri
641 4302 779 4357 coram
809 4275 995 4356 Parocho
1026 4285 1065 4356 et
1094 4275 1285 4356 testibus
1311 4273 1462 4353 Verum

302 4437 401 4494 cum
431 4411 525 4493 talis
556 4436 679 4491 casus
710 4407 856 4490 fuisset
885 4407 1047 4488 oblatus
1078 4409 1121 4489 S.
1153 4399 1461 4515 Congregationi
