<?xml version="1.0" encoding="UTF-8"?>
<!DOCTYPE html PUBLIC "-//W3C//DTD XHTML 1.0 Transitional//EN"
    "http://www.w3.org/TR/xhtml1/DTD/xhtml1-transitional.dtd">
<html xmlns="http://www.w3.org/1999/xhtml" xml:lang="en" lang="en">
 <head>
  <title>
</title>
<meta http-equiv="Content-Type" content="text/html;charset=utf-8" />
  <meta name='ocr-system' content='tesseract 3.04.00' />
  <meta name='ocr-capabilities' content='ocr_page ocr_carea ocr_par ocr_line ocrx_word'/>
</head>
<body>
  <div class='ocr_page' id='page_1' title='image "./praelectionesju00angegoog/praelectionesju00angegoog_0554.png"; bbox 0 0 3386 5126; ppageno 0'>
   <div class='ocr_carea' id='block_1_1' title="bbox 532 375 1350 456">
    <p class='ocr_par' dir='ltr' id='par_1_1' title="bbox 532 375 1350 456">
     <span class='ocr_line' id='line_1_1' title="bbox 532 375 1350 456; baseline 0.006 -19"><span class='ocrx_word' id='word_1_1' title='bbox 532 391 632 438; x_wconf 75' lang='lat' dir='ltr'>amna</span> <span class='ocrx_word' id='word_1_2' title='bbox 655 393 755 437; x_wconf 88' lang='lat' dir='ltr'><strong>v.·-</strong></span> <span class='ocrx_word' id='word_1_3' title='bbox 778 394 917 456; x_wconf 68' lang='lat' dir='ltr'>amotus</span> <span class='ocrx_word' id='word_1_4' title='bbox 940 395 997 440; x_wconf 82' lang='lat' dir='ltr'>vn.</span> <span class='ocrx_word' id='word_1_5' title='bbox 1285 375 1350 443; x_wconf 76' lang='lat'>191</span> 
     </span>
    </p>
   </div>
   <div class='ocr_carea' id='block_1_2' title="bbox 171 503 1352 761">
    <p class='ocr_par' dir='ltr' id='par_1_2' title="bbox 171 503 1352 761">
     <span class='ocr_line' id='line_1_2' title="bbox 172 503 1352 626; baseline -0.001 -24"><span class='ocrx_word' id='word_1_6' title='bbox 172 520 355 602; x_wconf 90' lang='lat' dir='ltr'>nandum</span> <span class='ocrx_word' id='word_1_7' title='bbox 386 544 494 599; x_wconf 88' lang='lat' dir='ltr'>esse.</span> <span class='ocrx_word' id='word_1_8' title='bbox 530 503 735 599; x_wconf 44' lang='lat' dir='ltr'>Nuno&#39;ad</span> <span class='ocrx_word' id='word_1_9' title='bbox 766 544 922 626; x_wconf 90' lang='lat' dir='ltr'>poenas</span> <span class='ocrx_word' id='word_1_10' title='bbox 949 528 1093 603; x_wconf 88' lang='lat' dir='ltr'>contra</span> <span class='ocrx_word' id='word_1_11' title='bbox 1122 521 1352 603; x_wconf 88' lang='lat' dir='ltr'>haereticos</span> 
     </span>
     <span class='ocr_line' id='line_1_3' title="bbox 171 652 884 761; baseline -0.003 -27"><span class='ocrx_word' id='word_1_12' title='bbox 171 661 348 737; x_wconf 86' lang='lat' dir='ltr'>statutas</span> <span class='ocrx_word' id='word_1_13' title='bbox 379 652 681 734; x_wconf 74' lang='lat' dir='ltr'><strong>descendamus</strong></span> <span class='ocrx_word' id='word_1_14' title='bbox 712 659 884 761; x_wconf 80' lang='lat' dir='ltr'>oportet.</span> 
     </span>
    </p>
   </div>
   <div class='ocr_carea' id='block_1_3' title="bbox 324 859 1197 972">
    <p class='ocr_par' dir='ltr' id='par_1_3' title="bbox 324 859 1197 972">
     <span class='ocr_line' id='line_1_4' title="bbox 324 859 1197 972; baseline -0.002 -30"><span class='ocrx_word' id='word_1_15' title='bbox 324 861 389 942; x_wconf 90' lang='lat' dir='ltr'>De</span> <span class='ocrx_word' id='word_1_16' title='bbox 413 861 557 972; x_wconf 85' lang='lat' dir='ltr'>poenis</span> <span class='ocrx_word' id='word_1_17' title='bbox 590 867 732 940; x_wconf 85' lang='lat' dir='ltr'>contra</span> <span class='ocrx_word' id='word_1_18' title='bbox 763 859 988 940; x_wconf 84' lang='lat' dir='ltr'>haereticos</span> <span class='ocrx_word' id='word_1_19' title='bbox 1019 863 1197 940; x_wconf 75' lang='lat' dir='ltr'>statutis</span> 
     </span>
    </p>
   </div>
   <div class='ocr_carea' id='block_1_4' title="bbox 170 1055 1358 3028">
    <p class='ocr_par' dir='ltr' id='par_1_4' title="bbox 170 1055 1358 3028">
     <span class='ocr_line' id='line_1_5' title="bbox 260 1055 1354 1150; baseline 0 -13"><span class='ocrx_word' id='word_1_20' title='bbox 260 1057 380 1150; x_wconf 83' lang='lat' dir='ltr'>Quod</span> <span class='ocrx_word' id='word_1_21' title='bbox 411 1055 605 1138; x_wconf 87' lang='lat' dir='ltr'>haeretici</span> <span class='ocrx_word' id='word_1_22' title='bbox 637 1055 774 1137; x_wconf 88' lang='lat' dir='ltr'>solum</span> <span class='ocrx_word' id='word_1_23' title='bbox 805 1055 1006 1136; x_wconf 78' lang='lat' dir='ltr'>mentales</span> <span class='ocrx_word' id='word_1_24' title='bbox 1042 1056 1156 1136; x_wconf 90' lang='lat' dir='ltr'>nulla</span> <span class='ocrx_word' id='word_1_25' title='bbox 1183 1055 1354 1137; x_wconf 91' lang='lat' dir='ltr'>inuran-</span> 
     </span>
     <span class='ocr_line' id='line_1_6' title="bbox 172 1188 1348 1298; baseline -0.001 -24"><span class='ocrx_word' id='word_1_26' title='bbox 172 1201 240 1274; x_wconf 89' lang='lat' dir='ltr'>tur</span> <span class='ocrx_word' id='word_1_27' title='bbox 260 1188 550 1272; x_wconf 84' lang='lat' dir='ltr'>Ecclesiastice</span> <span class='ocrx_word' id='word_1_28' title='bbox 580 1216 727 1298; x_wconf 90' lang='lat' dir='ltr'>poena,</span> <span class='ocrx_word' id='word_1_29' title='bbox 761 1189 802 1271; x_wconf 94' lang='lat' dir='ltr'>in</span> <span class='ocrx_word' id='word_1_30' title='bbox 834 1191 1009 1272; x_wconf 89' lang='lat' dir='ltr'>dubium</span> <span class='ocrx_word' id='word_1_31' title='bbox 1032 1190 1215 1271; x_wconf 87' lang='lat' dir='ltr'>revocari</span> <span class='ocrx_word' id='word_1_32' title='bbox 1237 1189 1348 1272; x_wconf 92' lang='lat' dir='ltr'>haud</span> 
     </span>
     <span class='ocr_line' id='line_1_7' title="bbox 171 1323 1347 1435; baseline -0.003 -29"><span class='ocrx_word' id='word_1_33' title='bbox 171 1351 293 1435; x_wconf 89' lang='lat' dir='ltr'>posse</span> <span class='ocrx_word' id='word_1_34' title='bbox 325 1324 513 1424; x_wconf 87' lang='lat' dir='ltr'>videtur;</span> <span class='ocrx_word' id='word_1_35' title='bbox 546 1323 756 1404; x_wconf 88' lang='lat' dir='ltr'>scitissimi</span> <span class='ocrx_word' id='word_1_36' title='bbox 790 1324 899 1404; x_wconf 90' lang='lat' dir='ltr'>enim</span> <span class='ocrx_word' id='word_1_37' title='bbox 925 1324 1048 1432; x_wconf 77' lang='lat' dir='ltr'>juriS,</span> <span class='ocrx_word' id='word_1_38' title='bbox 1092 1325 1201 1431; x_wconf 91' lang='lat' dir='ltr'>quod</span> <span class='ocrx_word' id='word_1_39' title='bbox 1233 1323 1347 1430; x_wconf 84' lang='lat' dir='ltr'>cogi-</span> 
     </span>
     <span class='ocr_line' id='line_1_8' title="bbox 170 1457 1345 1566; baseline 0 -26"><span class='ocrx_word' id='word_1_40' title='bbox 170 1459 337 1540; x_wconf 91' lang='lat' dir='ltr'>tationis</span> <span class='ocrx_word' id='word_1_41' title='bbox 359 1483 536 1566; x_wconf 89' lang='lat' dir='ltr'>poenam</span> <span class='ocrx_word' id='word_1_42' title='bbox 568 1483 689 1539; x_wconf 88' lang='lat' dir='ltr'>nemo</span> <span class='ocrx_word' id='word_1_43' title='bbox 720 1459 888 1566; x_wconf 90' lang='lat' dir='ltr'>patitur.</span> <span class='ocrx_word' id='word_1_44' title='bbox 929 1459 1033 1538; x_wconf 84' lang='lat' dir='ltr'>Can.</span> <span class='ocrx_word' id='word_1_45' title='bbox 1059 1460 1133 1538; x_wconf 74' lang='lat'>14.</span> <span class='ocrx_word' id='word_1_46' title='bbox 1159 1457 1256 1539; x_wconf 85' lang='lat' dir='ltr'>dist.</span> <span class='ocrx_word' id='word_1_47' title='bbox 1286 1463 1345 1540; x_wconf 77' lang='lat'>1⁰.</span> 
     </span>
     <span class='ocr_line' id='line_1_9' title="bbox 172 1591 1355 1703; baseline -0.003 -29"><span class='ocrx_word' id='word_1_48' title='bbox 172 1592 221 1674; x_wconf 89' lang='lat' dir='ltr'>de</span> <span class='ocrx_word' id='word_1_49' title='bbox 245 1595 400 1703; x_wconf 80' lang='lat' dir='ltr'>poenit.</span> <span class='ocrx_word' id='word_1_50' title='bbox 426 1592 726 1673; x_wconf 81' lang='lat' dir='ltr'>Verumtamen</span> <span class='ocrx_word' id='word_1_51' title='bbox 757 1591 950 1672; x_wconf 86' lang='lat' dir='ltr'>haeretici</span> <span class='ocrx_word' id='word_1_52' title='bbox 973 1592 1073 1693; x_wconf 84' lang='lat' dir='ltr'>veri,</span> <span class='ocrx_word' id='word_1_53' title='bbox 1099 1600 1139 1672; x_wconf 85' lang='lat' dir='ltr'>et</span> <span class='ocrx_word' id='word_1_54' title='bbox 1164 1618 1355 1699; x_wconf 90' lang='lat' dir='ltr'>praeser-</span> 
     </span>
     <span class='ocr_line' id='line_1_10' title="bbox 172 1725 1352 1834; baseline -0.002 -26"><span class='ocrx_word' id='word_1_55' title='bbox 172 1727 245 1808; x_wconf 90' lang='lat' dir='ltr'>tim</span> <span class='ocrx_word' id='word_1_56' title='bbox 277 1725 483 1807; x_wconf 83' lang='lat' dir='ltr'>manifesti</span> <span class='ocrx_word' id='word_1_57' title='bbox 515 1725 705 1834; x_wconf 87' lang='lat' dir='ltr'>pluribus</span> <span class='ocrx_word' id='word_1_58' title='bbox 737 1726 1025 1833; x_wconf 81' lang='lat' dir='ltr'>spiritualibus</span> <span class='ocrx_word' id='word_1_59' title='bbox 1056 1726 1201 1833; x_wconf 88' lang='lat' dir='ltr'>poenis</span> <span class='ocrx_word' id='word_1_60' title='bbox 1231 1726 1352 1833; x_wconf 90' lang='lat' dir='ltr'>plecti</span> 
     </span>
     <span class='ocr_line' id='line_1_11' title="bbox 173 1859 1354 1968; baseline 0 -28"><span class='ocrx_word' id='word_1_61' title='bbox 173 1860 437 1940; x_wconf 87' lang='lat' dir='ltr'>notissimum</span> <span class='ocrx_word' id='word_1_62' title='bbox 469 1860 509 1940; x_wconf 95' lang='lat' dir='ltr'>in</span> <span class='ocrx_word' id='word_1_63' title='bbox 537 1861 629 1968; x_wconf 87' lang='lat' dir='ltr'>jure</span> <span class='ocrx_word' id='word_1_64' title='bbox 651 1867 729 1941; x_wconf 87' lang='lat' dir='ltr'>est.</span> <span class='ocrx_word' id='word_1_65' title='bbox 761 1861 870 1941; x_wconf 89' lang='lat' dir='ltr'>Sane</span> <span class='ocrx_word' id='word_1_66' title='bbox 892 1859 1181 1968; x_wconf 89' lang='lat' dir='ltr'>percutiuntur</span> <span class='ocrx_word' id='word_1_67' title='bbox 1200 1863 1254 1942; x_wconf 81' lang='lat'>1⁰.</span> <span class='ocrx_word' id='word_1_68' title='bbox 1281 1888 1354 1941; x_wconf 86' lang='lat' dir='ltr'>ex·</span> 
     </span>
     <span class='ocr_line' id='line_1_12' title="bbox 174 1994 1355 2101; baseline 0 -27"><span class='ocrx_word' id='word_1_69' title='bbox 174 1994 546 2076; x_wconf 83' lang='lat' dir='ltr'>communicatione</span> <span class='ocrx_word' id='word_1_70' title='bbox 577 1994 667 2101; x_wconf 89' lang='lat' dir='ltr'>ipso</span> <span class='ocrx_word' id='word_1_71' title='bbox 684 1994 777 2100; x_wconf 88' lang='lat' dir='ltr'>jure</span> <span class='ocrx_word' id='word_1_72' title='bbox 807 1995 1068 2096; x_wconf 76' lang='lat' dir='ltr'>incurrenda,</span> <span class='ocrx_word' id='word_1_73' title='bbox 1094 2002 1133 2076; x_wconf 90' lang='lat' dir='ltr'>et</span> <span class='ocrx_word' id='word_1_74' title='bbox 1159 2023 1211 2076; x_wconf 89' lang='lat' dir='ltr'>ex</span> <span class='ocrx_word' id='word_1_75' title='bbox 1231 1995 1355 2076; x_wconf 90' lang='lat' dir='ltr'>Bulla</span> 
     </span>
     <span class='ocr_line' id='line_1_13' title="bbox 175 2124 1356 2234; baseline 0 -29"><span class='ocrx_word' id='word_1_76' title='bbox 175 2124 334 2206; x_wconf 84' lang='lat' dir='ltr'>Caenae</span> <span class='ocrx_word' id='word_1_77' title='bbox 366 2127 531 2207; x_wconf 93' lang='lat' dir='ltr'>Domini</span> <span class='ocrx_word' id='word_1_78' title='bbox 565 2129 609 2206; x_wconf 85' lang='lat' dir='ltr'>S.</span> <span class='ocrx_word' id='word_1_79' title='bbox 635 2127 822 2207; x_wconf 87' lang='lat' dir='ltr'>Pontifici</span> <span class='ocrx_word' id='word_1_80' title='bbox 851 2135 1071 2228; x_wconf 87' lang='lat' dir='ltr'>reservata,</span> <span class='ocrx_word' id='word_1_81' title='bbox 1098 2154 1226 2234; x_wconf 89' lang='lat' dir='ltr'>aqua</span> <span class='ocrx_word' id='word_1_82' title='bbox 1257 2129 1356 2234; x_wconf 89' lang='lat' dir='ltr'>Epi-</span> 
     </span>
     <span class='ocr_line' id='line_1_14' title="bbox 175 2257 1352 2367; baseline 0.001 -28"><span class='ocrx_word' id='word_1_83' title='bbox 175 2284 327 2367; x_wconf 83' lang='lat' dir='ltr'>scopus</span> <span class='ocrx_word' id='word_1_84' title='bbox 357 2257 565 2340; x_wconf 89' lang='lat' dir='ltr'>ordinaria</span> <span class='ocrx_word' id='word_1_85' title='bbox 595 2265 795 2366; x_wconf 86' lang='lat' dir='ltr'>potestate</span> <span class='ocrx_word' id='word_1_86' title='bbox 837 2285 886 2339; x_wconf 91' lang='lat' dir='ltr'>eo</span> <span class='ocrx_word' id='word_1_87' title='bbox 927 2266 1090 2339; x_wconf 90' lang='lat' dir='ltr'>tantum</span> <span class='ocrx_word' id='word_1_88' title='bbox 1131 2285 1232 2339; x_wconf 89' lang='lat' dir='ltr'>casu</span> <span class='ocrx_word' id='word_1_89' title='bbox 1274 2286 1352 2367; x_wconf 95' lang='lat' dir='ltr'>po-</span> 
     </span>
     <span class='ocr_line' id='line_1_15' title="bbox 175 2389 1357 2499; baseline 0 -25"><span class='ocrx_word' id='word_1_90' title='bbox 175 2398 255 2474; x_wconf 88' lang='lat' dir='ltr'>test</span> <span class='ocrx_word' id='word_1_91' title='bbox 285 2393 517 2492; x_wconf 70' lang='lat' dir='ltr'>absolvere,</span> <span class='ocrx_word' id='word_1_92' title='bbox 538 2417 619 2499; x_wconf 93' lang='lat' dir='ltr'>quo</span> <span class='ocrx_word' id='word_1_93' title='bbox 641 2389 833 2472; x_wconf 87' lang='lat' dir='ltr'>haeretici</span> <span class='ocrx_word' id='word_1_94' title='bbox 855 2391 1147 2493; x_wconf 87' lang='lat' dir='ltr'>reconciliati0,</span> <span class='ocrx_word' id='word_1_95' title='bbox 1173 2393 1236 2473; x_wconf 90' lang='lat' dir='ltr'>vel</span> <span class='ocrx_word' id='word_1_96' title='bbox 1257 2393 1357 2474; x_wconf 91' lang='lat' dir='ltr'>hae·</span> 
     </span>
     <span class='ocr_line' id='line_1_16' title="bbox 174 2525 1346 2636; baseline 0.001 -28"><span class='ocrx_word' id='word_1_97' title='bbox 174 2527 279 2608; x_wconf 89' lang='lat' dir='ltr'>resis</span> <span class='ocrx_word' id='word_1_98' title='bbox 296 2525 500 2635; x_wconf 85' lang='lat' dir='ltr'>abjuratio</span> <span class='ocrx_word' id='word_1_99' title='bbox 516 2525 679 2633; x_wconf 90' lang='lat' dir='ltr'>publice</span> <span class='ocrx_word' id='word_1_100' title='bbox 699 2525 757 2606; x_wconf 86' lang='lat' dir='ltr'>fit.</span> <span class='ocrx_word' id='word_1_101' title='bbox 788 2527 890 2636; x_wconf 87' lang='lat' dir='ltr'>Cup.</span> <span class='ocrx_word' id='word_1_102' title='bbox 916 2531 961 2609; x_wconf 78' lang='lat'>2.</span> <span class='ocrx_word' id='word_1_103' title='bbox 988 2527 1038 2606; x_wconf 84' lang='lat' dir='ltr'>de</span> <span class='ocrx_word' id='word_1_104' title='bbox 1058 2526 1213 2609; x_wconf 82' lang='lat' dir='ltr'>haeret.</span> <span class='ocrx_word' id='word_1_105' title='bbox 1242 2531 1283 2610; x_wconf 85' lang='lat' dir='ltr'>in</span> <span class='ocrx_word' id='word_1_106' title='bbox 1294 2535 1330 2629; x_wconf 62' lang='lat' dir='ltr'>n6</span> <span class='ocrx_word' id='word_1_107' title='bbox 1339 2594 1346 2609; x_wconf 95' lang='lat'><strong>.</strong></span> 
     </span>
     <span class='ocr_line' id='line_1_17' title="bbox 175 2659 1358 2770; baseline 0.003 -31"><span class='ocrx_word' id='word_1_108' title='bbox 175 2659 298 2741; x_wconf 88' lang='lat' dir='ltr'>Ratio</span> <span class='ocrx_word' id='word_1_109' title='bbox 320 2667 475 2761; x_wconf 89' lang='lat' dir='ltr'>autem,</span> <span class='ocrx_word' id='word_1_110' title='bbox 500 2661 552 2740; x_wconf 94' lang='lat' dir='ltr'>cb</span> <span class='ocrx_word' id='word_1_111' title='bbox 574 2685 701 2767; x_wconf 91' lang='lat' dir='ltr'>quam</span> <span class='ocrx_word' id='word_1_112' title='bbox 723 2660 775 2739; x_wconf 92' lang='lat' dir='ltr'>ab</span> <span class='ocrx_word' id='word_1_113' title='bbox 797 2659 957 2741; x_wconf 87' lang='lat' dir='ltr'>haeresi</span> <span class='ocrx_word' id='word_1_114' title='bbox 991 2687 1073 2742; x_wconf 90' lang='lat' dir='ltr'>non</span> <span class='ocrx_word' id='word_1_115' title='bbox 1104 2667 1238 2769; x_wconf 87' lang='lat' dir='ltr'>potest</span> <span class='ocrx_word' id='word_1_116' title='bbox 1258 2662 1358 2770; x_wconf 91' lang='lat' dir='ltr'>Epi-</span> 
     </span>
     <span class='ocr_line' id='line_1_18' title="bbox 176 2791 1354 2900; baseline 0.003 -28"><span class='ocrx_word' id='word_1_117' title='bbox 176 2817 330 2900; x_wconf 87' lang='lat' dir='ltr'>scopus</span> <span class='ocrx_word' id='word_1_118' title='bbox 360 2791 573 2873; x_wconf 88' lang='lat' dir='ltr'>absolverc</span> <span class='ocrx_word' id='word_1_119' title='bbox 609 2793 650 2872; x_wconf 91' lang='lat' dir='ltr'>in</span> <span class='ocrx_word' id='word_1_120' title='bbox 692 2792 888 2873; x_wconf 89' lang='lat' dir='ltr'>tribunali</span> <span class='ocrx_word' id='word_1_121' title='bbox 929 2795 1220 2900; x_wconf 88' lang='lat' dir='ltr'>poenitentiae,</span> <span class='ocrx_word' id='word_1_122' title='bbox 1254 2796 1354 2876; x_wconf 90' lang='lat' dir='ltr'>dum</span> 
     </span>
     <span class='ocr_line' id='line_1_19' title="bbox 178 2924 1356 3028; baseline 0.003 -22"><span class='ocrx_word' id='word_1_123' title='bbox 178 2925 229 3006; x_wconf 88' lang='lat' dir='ltr'>ab</span> <span class='ocrx_word' id='word_1_124' title='bbox 260 2951 309 3006; x_wconf 90' lang='lat' dir='ltr'>ca</span> <span class='ocrx_word' id='word_1_125' title='bbox 339 2924 516 3007; x_wconf 86' lang='lat' dir='ltr'>absolvit</span> <span class='ocrx_word' id='word_1_126' title='bbox 557 2926 598 3004; x_wconf 94' lang='lat' dir='ltr'>in</span> <span class='ocrx_word' id='word_1_127' title='bbox 639 2924 836 3006; x_wconf 90' lang='lat' dir='ltr'>tribunali</span> <span class='ocrx_word' id='word_1_128' title='bbox 879 2927 1087 3028; x_wconf 85' lang='lat' dir='ltr'>exteriori,</span> <span class='ocrx_word' id='word_1_129' title='bbox 1132 2929 1233 3010; x_wconf 90' lang='lat' dir='ltr'>haee</span> <span class='ocrx_word' id='word_1_130' title='bbox 1265 2955 1356 3010; x_wconf 89' lang='lat' dir='ltr'>esse</span> 
     </span>
    </p>
   </div>
   <div class='ocr_carea' id='block_1_5' title="bbox 177 3056 1489 3174">
    <p class='ocr_par' dir='ltr' id='par_1_5' title="bbox 177 3056 1489 3174">
     <span class='ocr_line' id='line_1_20' title="bbox 177 3056 1489 3174; baseline 0 -35"><span class='ocrx_word' id='word_1_131' title='bbox 177 3058 353 3158; x_wconf 90' lang='lat' dir='ltr'>videtur,</span> <span class='ocrx_word' id='word_1_132' title='bbox 387 3059 542 3140; x_wconf 89' lang='lat' dir='ltr'>scilicet</span> <span class='ocrx_word' id='word_1_133' title='bbox 572 3057 670 3166; x_wconf 92' lang='lat' dir='ltr'>quia</span> <span class='ocrx_word' id='word_1_134' title='bbox 691 3057 733 3138; x_wconf 93' lang='lat' dir='ltr'>in</span> <span class='ocrx_word' id='word_1_135' title='bbox 755 3056 825 3138; x_wconf 93' lang='lat' dir='ltr'>illo</span> <span class='ocrx_word' id='word_1_136' title='bbox 856 3058 1091 3165; x_wconf 86' lang='lat' dir='ltr'>proceditur</span> <span class='ocrx_word' id='word_1_137' title='bbox 1121 3061 1210 3141; x_wconf 87' lang='lat' dir='ltr'>sine</span> <span class='ocrx_word' id='word_1_138' title='bbox 1242 3063 1360 3141; x_wconf 90' lang='lat' dir='ltr'>testi·</span> <span class='ocrx_word' id='word_1_139' title='bbox 1484 3163 1489 3174; x_wconf 29' lang='grc' dir='ltr'>Ι</span> 
     </span>
    </p>
   </div>
   <div class='ocr_carea' id='block_1_6' title="bbox 178 3190 1361 4515">
    <p class='ocr_par' dir='ltr' id='par_1_6' title="bbox 178 3190 1361 4515">
     <span class='ocr_line' id='line_1_21' title="bbox 178 3190 1358 3298; baseline 0.002 -26"><span class='ocrx_word' id='word_1_140' title='bbox 178 3190 274 3292; x_wconf 79' lang='lat' dir='ltr'>bue,</span> <span class='ocrx_word' id='word_1_141' title='bbox 298 3192 387 3272; x_wconf 89' lang='lat' dir='ltr'>sine</span> <span class='ocrx_word' id='word_1_142' title='bbox 420 3192 551 3272; x_wconf 84' lang='lat' dir='ltr'>forma</span> <span class='ocrx_word' id='word_1_143' title='bbox 577 3191 740 3298; x_wconf 88' lang='lat' dir='ltr'>judicii,</span> <span class='ocrx_word' id='word_1_144' title='bbox 774 3200 813 3273; x_wconf 90' lang='lat' dir='ltr'>et</span> <span class='ocrx_word' id='word_1_145' title='bbox 843 3191 1078 3298; x_wconf 88' lang='lat' dir='ltr'>appellatio,</span> <span class='ocrx_word' id='word_1_146' title='bbox 1114 3202 1186 3274; x_wconf 91' lang='lat' dir='ltr'>aut</span> <span class='ocrx_word' id='word_1_147' title='bbox 1218 3214 1358 3276; x_wconf 85' lang='lat' dir='ltr'>recur-</span> 
     </span>
     <span class='ocr_line' id='line_1_22' title="bbox 178 3325 1357 3426; baseline 0.001 -20"><span class='ocrx_word' id='word_1_148' title='bbox 178 3353 253 3407; x_wconf 88' lang='lat' dir='ltr'>sus</span> <span class='ocrx_word' id='word_1_149' title='bbox 284 3352 367 3406; x_wconf 93' lang='lat' dir='ltr'>non</span> <span class='ocrx_word' id='word_1_150' title='bbox 397 3326 544 3426; x_wconf 89' lang='lat' dir='ltr'>datur;</span> <span class='ocrx_word' id='word_1_151' title='bbox 578 3352 674 3406; x_wconf 91' lang='lat' dir='ltr'>cum</span> <span class='ocrx_word' id='word_1_152' title='bbox 705 3353 756 3406; x_wconf 86' lang='lat' dir='ltr'>ex</span> <span class='ocrx_word' id='word_1_153' title='bbox 779 3327 953 3406; x_wconf 89' lang='lat' dir='ltr'>adverso</span> <span class='ocrx_word' id='word_1_154' title='bbox 974 3325 1016 3405; x_wconf 93' lang='lat' dir='ltr'>in</span> <span class='ocrx_word' id='word_1_155' title='bbox 1043 3327 1225 3406; x_wconf 89' lang='lat' dir='ltr'>secundo</span> <span class='ocrx_word' id='word_1_156' title='bbox 1256 3354 1357 3408; x_wconf 87' lang='lat' dir='ltr'>casu</span> 
     </span>
     <span class='ocr_line' id='line_1_23' title="bbox 179 3459 1358 3568; baseline 0.001 -29"><span class='ocrx_word' id='word_1_157' title='bbox 179 3459 312 3542; x_wconf 87' lang='lat' dir='ltr'>forma</span> <span class='ocrx_word' id='word_1_158' title='bbox 342 3459 523 3568; x_wconf 89' lang='lat' dir='ltr'>publica,</span> <span class='ocrx_word' id='word_1_159' title='bbox 559 3468 599 3541; x_wconf 89' lang='lat' dir='ltr'>ot</span> <span class='ocrx_word' id='word_1_160' title='bbox 628 3467 754 3540; x_wconf 86' lang='lat' dir='ltr'>testes</span> <span class='ocrx_word' id='word_1_161' title='bbox 786 3459 1048 3553; x_wconf 88' lang='lat' dir='ltr'>adhibentur,</span> <span class='ocrx_word' id='word_1_162' title='bbox 1078 3469 1118 3540; x_wconf 89' lang='lat' dir='ltr'>et</span> <span class='ocrx_word' id='word_1_163' title='bbox 1140 3459 1358 3568; x_wconf 92' lang='lat' dir='ltr'>appellatio</span> 
     </span>
     <span class='ocr_line' id='line_1_24' title="bbox 179 3593 1355 3706; baseline 0.002 -30"><span class='ocrx_word' id='word_1_164' title='bbox 179 3621 228 3676; x_wconf 91' lang='lat' dir='ltr'>ac</span> <span class='ocrx_word' id='word_1_165' title='bbox 263 3621 457 3675; x_wconf 88' lang='lat' dir='ltr'>recursus</span> <span class='ocrx_word' id='word_1_166' title='bbox 488 3594 540 3674; x_wconf 90' lang='lat' dir='ltr'>ad</span> <span class='ocrx_word' id='word_1_167' title='bbox 570 3594 826 3702; x_wconf 88' lang='lat' dir='ltr'>superiorem</span> <span class='ocrx_word' id='word_1_168' title='bbox 864 3593 1108 3696; x_wconf 87' lang='lat' dir='ltr'>admittitur,</span> <span class='ocrx_word' id='word_1_169' title='bbox 1135 3602 1180 3677; x_wconf 93' lang='lat' dir='ltr'>ut</span> <span class='ocrx_word' id='word_1_170' title='bbox 1200 3597 1235 3676; x_wconf 88' lang='lat' dir='ltr'>si</span> <span class='ocrx_word' id='word_1_171' title='bbox 1257 3595 1355 3706; x_wconf 92' lang='lat' dir='ltr'>quid</span> 
     </span>
     <span class='ocr_line' id='line_1_25' title="bbox 178 3713 1353 3837; baseline 0.002 -28"><span class='ocrx_word' id='word_1_172' title='bbox 178 3727 286 3809; x_wconf 87' lang='lat' dir='ltr'>male</span> <span class='ocrx_word' id='word_1_173' title='bbox 318 3735 481 3836; x_wconf 83' lang='lat' dir='ltr'>gestum</span> <span class='ocrx_word' id='word_1_174' title='bbox 521 3735 597 3828; x_wconf 87' lang='lat' dir='ltr'>est,</span> <span class='ocrx_word' id='word_1_175' title='bbox 642 3727 888 3836; x_wconf 85' lang='lat' dir='ltr'>corrigatur,</span> <span class='ocrx_word' id='word_1_176' title='bbox 933 3735 1056 3837; x_wconf 91' lang='lat' dir='ltr'>atque</span> <span class='ocrx_word' id='word_1_177' title='bbox 1097 3713 1353 3812; x_wconf 88' lang='lat' dir='ltr'>emendetur.</span> 
     </span>
     <span class='ocr_line' id='line_1_26' title="bbox 181 3861 1361 3971; baseline 0.001 -29"><span class='ocrx_word' id='word_1_178' title='bbox 181 3861 298 3954; x_wconf 82' lang='lat' dir='ltr'>Quae</span> <span class='ocrx_word' id='word_1_179' title='bbox 329 3861 704 3944; x_wconf 86' lang='lat' dir='ltr'>excommunicatio</span> <span class='ocrx_word' id='word_1_180' title='bbox 735 3863 867 3971; x_wconf 83' lang='lat' dir='ltr'>major</span> <span class='ocrx_word' id='word_1_181' title='bbox 883 3869 1079 3944; x_wconf 88' lang='lat' dir='ltr'>renovata</span> <span class='ocrx_word' id='word_1_182' title='bbox 1096 3861 1174 3944; x_wconf 86' lang='lat' dir='ltr'>fuit</span> <span class='ocrx_word' id='word_1_183' title='bbox 1189 3862 1229 3942; x_wconf 94' lang='lat' dir='ltr'>in</span> <span class='ocrx_word' id='word_1_184' title='bbox 1252 3862 1361 3944; x_wconf 85' lang='lat' dir='ltr'>Con·</span> 
     </span>
     <span class='ocr_line' id='line_1_27' title="bbox 180 3996 1356 4108; baseline 0.001 -32"><span class='ocrx_word' id='word_1_185' title='bbox 180 4000 264 4078; x_wconf 82' lang='lat' dir='ltr'>stit.</span> <span class='ocrx_word' id='word_1_186' title='bbox 289 3997 552 4108; x_wconf 83' lang='lat' dir='ltr'>Apostolicoe</span> <span class='ocrx_word' id='word_1_187' title='bbox 575 3996 694 4078; x_wconf 82' lang='lat' dir='ltr'>Sedis</span> <span class='ocrx_word' id='word_1_188' title='bbox 724 3999 804 4078; x_wconf 87' lang='lat' dir='ltr'>sub</span> <span class='ocrx_word' id='word_1_189' title='bbox 836 4025 952 4079; x_wconf 93' lang='lat' dir='ltr'>num.</span> <span class='ocrx_word' id='word_1_190' title='bbox 984 4000 1036 4078; x_wconf 83' lang='lat'>1⁰.</span> <span class='ocrx_word' id='word_1_191' title='bbox 1068 3999 1356 4080; x_wconf 86' lang='lat' dir='ltr'>excommuni-</span> 
     </span>
     <span class='ocr_line' id='line_1_28' title="bbox 181 4129 1358 4239; baseline 0 -27"><span class='ocrx_word' id='word_1_192' title='bbox 181 4131 391 4213; x_wconf 91' lang='lat' dir='ltr'>cationum</span> <span class='ocrx_word' id='word_1_193' title='bbox 423 4131 531 4213; x_wconf 87' lang='lat' dir='ltr'>latae</span> <span class='ocrx_word' id='word_1_194' title='bbox 562 4131 803 4233; x_wconf 86' lang='lat' dir='ltr'>sententiae,</span> <span class='ocrx_word' id='word_1_195' title='bbox 839 4141 878 4213; x_wconf 91' lang='lat' dir='ltr'>et</span> <span class='ocrx_word' id='word_1_196' title='bbox 908 4131 1076 4239; x_wconf 88' lang='lat' dir='ltr'>speciali</span> <span class='ocrx_word' id='word_1_197' title='bbox 1108 4131 1231 4213; x_wconf 92' lang='lat' dir='ltr'>modo</span> <span class='ocrx_word' id='word_1_198' title='bbox 1272 4129 1358 4212; x_wconf 89' lang='lat' dir='ltr'>Ro·</span> 
     </span>
     <span class='ocr_line' id='line_1_29' title="bbox 182 4265 1361 4375; baseline 0.002 -29"><span class='ocrx_word' id='word_1_199' title='bbox 182 4291 305 4348; x_wconf 91' lang='lat' dir='ltr'>mano</span> <span class='ocrx_word' id='word_1_200' title='bbox 337 4265 530 4348; x_wconf 88' lang='lat' dir='ltr'>Pontifici</span> <span class='ocrx_word' id='word_1_201' title='bbox 563 4275 882 4368; x_wconf 88' lang='lat' dir='ltr'>reservatarum,</span> <span class='ocrx_word' id='word_1_202' title='bbox 917 4265 957 4346; x_wconf 93' lang='lat' dir='ltr'>in</span> <span class='ocrx_word' id='word_1_203' title='bbox 989 4292 1072 4375; x_wconf 91' lang='lat' dir='ltr'>qua</span> <span class='ocrx_word' id='word_1_204' title='bbox 1102 4265 1204 4350; x_wconf 91' lang='lat' dir='ltr'>haec</span> <span class='ocrx_word' id='word_1_205' title='bbox 1234 4267 1361 4350; x_wconf 90' lang='lat' dir='ltr'>verba</span> 
     </span>
     <span class='ocr_line' id='line_1_30' title="bbox 181 4397 1356 4515; baseline 0.004 -36"><span class='ocrx_word' id='word_1_206' title='bbox 181 4397 464 4506; x_wconf 83' lang='lat' dir='ltr'>leguntur-</span> <span class='ocrx_word' id='word_1_207' title='bbox 497 4401 643 4485; x_wconf 84' lang='lat' dir='ltr'>Omnes</span> <span class='ocrx_word' id='word_1_208' title='bbox 674 4429 701 4483; x_wconf 86' lang='lat' dir='ltr'><strong><em>a</em></strong></span> <span class='ocrx_word' id='word_1_209' title='bbox 736 4400 979 4484; x_wconf 81' lang='lat' dir='ltr'>Christiano</span> <span class='ocrx_word' id='word_1_210' title='bbox 1004 4400 1097 4509; x_wconf 83' lang='lat' dir='ltr'>fide</span> <span class='ocrx_word' id='word_1_211' title='bbox 1128 4409 1356 4515; x_wconf 82' lang='lat' dir='ltr'>apostatas,</span> 
     </span>
    </p>
   </div>
   <div class='ocr_carea' id='block_1_7' title="bbox 0 0 1713 5124">
    <p class='ocr_par' dir='ltr' id='par_1_7' title="bbox 0 0 1713 5124">
     <span class='ocr_line' id='line_1_31' title="bbox 0 0 1713 5124; baseline 0 0"><span class='ocrx_word' id='word_1_212' title='bbox 0 0 1713 5124; x_wconf 95' lang='lat' dir='ltr'> </span> 
     </span>
    </p>
   </div>
  </div>
 </body>
</html>
