3388 5136
585 317 687 364 nnana
708 317 737 362 v.
765 331 807 347 -
831 314 970 364 mancus
992 315 1015 366 1.
1344 298 1387 364 bl

211 447 256 526 S.
292 443 565 552 Congregatio
596 441 784 525 Concilii.
819 441 974 523 Giraldi
1017 443 1241 551 Eccposr'tio
1271 442 1388 549 jaro

210 580 433 688 Pontificii
454 605 555 689 por.
575 583 621 680 2,
654 585 749 659 sect.
788 580 864 658 43.
899 576 1123 658 Probabile
1143 583 1281 656 autem
1308 586 1384 678 est,

210 715 397 795 eamdem
414 719 655 820 potestatem
686 710 813 793 tribui
836 709 1041 818 Capitu10,
1067 711 1164 792 sede
1195 718 1384 812 vacante,

210 875 259 928 ac
288 846 460 956 proinde
490 845 669 927 Vioariis
699 843 1024 952 CapitularibuS,
1058 843 1129 952 qui
1159 853 1389 926 noscuntur

210 979 362 1060 habere
389 977 719 1087 jurisdictionem
741 977 1045 1085 Episcopalem,
1070 983 1230 1086 praeter
1260 1001 1384 1056 casus

206 1112 315 1218 jure,
331 1112 393 1192 vel
404 1109 684 1194 Ecclesiarum
696 1111 994 1193 consuetudine
1011 1119 1218 1218 exceptos.
1234 1108 1383 1203 Quoad

209 1271 306 1327 vero
338 1245 528 1328 Vioarios
559 1244 840 1353 EpiscopaleS‚
865 1257 945 1326 non
977 1244 1168 1325 videntur
1197 1269 1385 1350 compre·

209 1377 330 1460 hendi
353 1378 395 1459 in
416 1380 589 1462 Decreto
620 1378 862 1477 Tridentini,
884 1379 1154 1486 quamobrem
1176 1376 1384 1458 abstinere

208 1513 356 1595 debent
388 1539 413 1594 a
443 1514 621 1595 ferendis
653 1512 886 1594 istiusmodi
917 1511 1277 1619 suspensionibus,
1303 1509 1383 1590 nisi

205 1647 425 1753 specialem
456 1648 754 1754 delegationem
786 1645 1007 1728 habuerint
1037 1647 1090 1727 ab
1122 1645 1299 1754 ipsomet
1329 1645 1385 1726 E-

205 1779 390 1888 piscopo.

350 1918 376 1996 3
383 1924 412 1998 ‚⁰
426 1916 739 1997 Praemittimus
761 1915 959 1996 nonnulla
976 1916 1028 1996 ab
1045 1914 1249 2022 Episcopo
1266 1941 1385 2022 prae·

204 2051 387 2132 cavenda
417 2075 524 2150 esse,
559 2049 723 2158 quando
769 2047 899 2130 utitur
944 2048 1022 2131 hac
1068 2056 1267 2154 potestate
1303 2048 1381 2156 ipsi

203 2181 299 2262 data
328 2181 367 2260 vi
401 2181 548 2261 decreti
581 2179 751 2260 Concilii
782 2179 1029 2262 Tridentini.
1054 2180 1107 2260 Et
1133 2183 1191 2258 l.⁰
1210 2179 1384 2286 Episco-

202 2343 282 2423 pus
302 2341 384 2396 non
415 2313 537 2395 debet
558 2313 664 2394 ferre
685 2313 933 2394 senteutiam
955 2339 1011 2392 eo:
1032 2312 1263 2421 informata
1284 2339 1379 2394 con-

201 2449 388 2549 scientia,
412 2447 492 2528 nisi
515 2446 678 2556 quando
701 2445 812 2528 hunc
832 2447 1003 2527 modurn
1028 2445 1378 2553 extrajudicialem

202 2583 483 2662 necessarium
500 2581 711 2662 existimat
725 2611 736 2681 3
751 2576 906 2661 scilicet
916 2579 1162 2687 regulariter
1177 2579 1381 2688 loquendo

201 2714 367 2820 quando
399 2713 515 2794 aliter
544 2715 630 2794 fieri
663 2715 836 2823 nequit..
856 2715 966 2794 Sane
999 2714 1150 2795 modus
1181 2713 1257 2794 iste
1288 2740 1384 2822 pro-

200 2846 369 2928 cedendi
401 2872 625 2930 concessus
656 2859 721 2930 est
752 2849 803 2929 ad
834 2847 1134 2955 providendum
1161 2848 1387 2929 necessita-

200 2981 311 3060 tibus
343 2979 641 3083 Ecclesiarum3
676 2981 788 3090 atqui
829 2979 1073 3088 hujusmodi
1113 2982 1381 3064 necessitates

199 3121 298 3194 tunc
342 3114 562 3223 praecipue
608 3115 744 3196 solum
791 3113 1070 3212 verificantur,
1107 3115 1272 3222 quando
1302 3113 1380 3196 hoc

198 3247 323 3329 modo
354 3248 643 3356 praetermisso
675 3247 822 3330 doliola
862 3248 1034 3355 impune
1074 3247 1380 3329 committeren-

198 3389 282 3482 tur,
314 3381 410 3464 hino
440 3382 605 3490 expedit
635 3389 682 3464 ut
703 3381 947 3464 adhibeatur
977 3382 1191 3462 dumtaxat
1212 3360 1253 3460 in
1276 3405 1376 3460 casu

198 3515 471 3618 necessitatis
504 3517 688 3625 alioquin
721 3539 852 3596 exosa
882 3515 1123 3597 redderetur
1152 3513 1379 3596 auctoritas

196 3645 460 3751 Praesulum,
486 3659 526 3730 et
546 3649 776 3758 perieulum
802 3649 1056 3732 incurrerent
1077 3648 1376 3731 condemnandi

196 3779 449 3881 innoeentes,
486 3792 559 3864 aut
604 3792 798 3864 nocentes
845 3783 940 3892 plus
986 3809 1117 3890 aequo
1163 3778 1373 3890 puniendi.

282 3915 425 3997 Posita
455 3915 700 3998 necessitate
725 3917 868 3998 utendi
897 3915 976 3997 hac
1006 3915 1240 4023 provisione
1271 3912 1379 3992 Con·

196 4047 277 4132 cilii
295 4049 524 4132 Tridentini
549 4053 611 4132 2.⁰
628 4051 678 4132 ad
711 4077 802 4132 eam
820 4050 1053 4159 Episcopus
1079 4047 1269 4130 devenire
1295 4071 1377 4125 non

195 4184 331 4285 debet,
365 4184 444 4266 nisi
476 4185 593 4294 prius
625 4185 667 4264 in
699 4193 892 4293 promptu
913 4183 1065 4264 habeat
1095 4180 1373 4291 probationes

195 4317 229 4395 si
262 4345 344 4399 non
371 4319 605 4426 judiciales,
630 4329 748 4427 aptas
768 4328 924 4418 tamen,
950 4327 1072 4426 atque
1103 4317 1271 4399 idoneas
1294 4342 1375 4398 non
