3136 5138
353 333 416 412 160
638 363 929 416 raranacrronus
951 365 1044 415 mars
1068 360 1236 418 canonrcr

360 492 398 573 id
421 492 464 572 in
495 492 736 572 universnm
758 489 1020 570 Occidentem
1040 496 1080 568 et
1099 488 1403 597 generaliter‘ac
1421 490 1497 570 sinc

357 626 592 707 discrimine
623 624 896 706 custodiretur
926 650 1015 702 ceu.
1041 625 1068 703 2
1090 622 1184 704 dist.
1209 625 1264 703 28
1287 631 1325 704 et
1344 650 1427 703 ccc.
1454 627 1497 704 lo

357 769 395 841 et
425 763 471 840 11
507 759 602 840 dist.
639 761 708 859 32,
742 785 793 840 ex
823 785 905 867 quo
936 757 1060 840 etiam
1090 757 1315 866 proiectum
1346 758 1430 859 fuit,
1461 767 1497 837 ut

356 893 609 1003 postularent
638 892 880 974 subdiaconi
911 917 956 971 se
988 892 1092 972 inter
1125 919 1266 973 sacros
1306 891 1497 972 ministros

355 1027 577 1128 accenseri,
610 1026 805 1135 quoniam
846 1025 993 1106 exinde
1021 1051 1138 1106 socer
1168 1027 1267 1106 ordo
1302 1025 1500 1106 subdiaco-

357 1169 479 1242 natus
520 1159 598 1240 dici
639 1166 810 1266 poterat.
845 1157 1071 1266 Disciplina
1111 1184 1281 1266 graecae
1312 1157 1500 1240 Ecclesiae

356 1292 597 1374 consonavit
618 1299 813 1400 perpetuo
834 1318 928 1371 cum
950 1291 1165 1398 disciplina
1179 1291 1398 1373 latinorum
1412 1315 1499 1397 quo-

355 1425 432 1506 ties
453 1425 503 1506 de
523 1425 739 1532 Episcopis
765 1433 969 1531 ageretur3
993 1423 1058 1504 his
1079 1424 1188 1505 enim
1209 1450 1340 1532 neque
1360 1423 1498 1503 licitum

354 1559 573 1668 aliquando
606 1559 682 1640 luit
712 1585 863 1639 uxores
893 1559 1056 1658 ducere,
1081 1585 1212 1666 neque
1243 1557 1397 1666 nuptiis
1420 1563 1500 1635 ante

355 1693 655 1774 ordinationem
695 1691 912 1772 contractis
954 1692 1031 1789 uti,
1077 1691 1266 1800 quamvis
1308 1689 1499 1771 remissior

353 1830 474 1910 luerit
494 1835 679 1936 respectu
701 1826 1047 1934 presbyterorum,
1067 1825 1336 1906 diaconorum
1357 1833 1395 1906 et
1413 1823 1497 1904 sub-

255 2011 257 2014 *
353 1962 620 2042 diaconorum
641 1959 787 2040 saltem
809 1968 901 2068 post
922 1958 1150 2040 Concilium
1170 1959 1427 2057 Trullanum3
1445 1956 1499 2034 his

352 2095 462 2175 onim
502 2119 752 2201 quamquam
792 2091 1051 2174 interdictum
1092 2091 1213 2172 fuerit
1251 2089 1498 2172 matrimonia

351 2235 445 2334 post
464 2228 761 2308 ordinationem
782 2226 1034 2326 contrahere,
1054 2225 1258 2308 indultum
1275 2235 1412 2308 tamen
1431 2231 1496 2320 est,

352 2367 399 2440 ut
438 2359 641 2466 conjugiis
680 2371 773 2442 ante
819 2359 1116 2441 ordinationem
1160 2359 1380 2442 contractis
1422 2365 1499 2438 ute·

351 2501 507 2575 rentur.
542 2494 693 2574 Primis
734 2501 872 2576 autem
906 2491 1113 2575 Ecclesiae
1153 2493 1333 2574 saeculis
1372 2491 1499 2574 matri-

349 2627 490 2708 monia
519 2627 759 2709 clericorum
790 2626 993 2733 majorum
1023 2635 1069 2707 ut
1089 2626 1229 2707 illicita
1249 2653 1334 2707 non
1355 2631 1499 2708 constat

352 2759 478 2840 fuisse
500 2761 721 2842 constituta
741 2761 933 2861 invalida,
953 2787 1001 2842 eo
1022 2761 1131 2868 quod
1153 2760 1193 2841 id
1214 2787 1295 2840 non
1318 2761 1496 2867 legimus.

350 2892 509 2974 Exinde
530 2891 630 2974 mihi
652 2893 813 2974 videtur
832 2894 1081 3002 probabilior
1100 2893 1302 2974 sententia
1325 2891 1498 2988 Berardi,

349 3027 419 3135 qui
450 3034 568 3134 putat
598 3027 637 3107 id
669 3027 799 3134 primo
831 3027 984 3110 lactum
1014 3053 1105 3108 esse
1135 3054 1185 3108 ex
1214 3028 1302 3134 lege
1335 3030 1501 3136 Impera·

347 3159 448 3242 toris
462 3160 685 3242 lustiniani
703 3162 754 3241 ab
771 3161 955 3243 Ecclesia
971 3169 1155 3270 receptae
1171 3169 1211 3242 et
1228 3163 1498 3258 canonizatae,

346 3319 452 3401 quae
472 3293 618 3375 deinde
638 3294 803 3376 saeculo
819 3295 894 3375 XII
914 3303 954 3375 et
973 3294 1241 3402 sequentibus
1263 3295 1304 3374 in
1329 3296 1500 3402 vigorem
1520 3353 1526 3368 .

347 3437 536 3510 revocata
551 3439 613 3510 est
628 3430 721 3510 aliis
742 3429 958 3537 pontificiis
978 3430 1165 3512 decretis,
1186 3429 1347 3512 Citatus
1369 3435 1502 3510 auctor

343 3563 405 3642 sic
435 3563 629 3670 loquitur:
650 3607 669 3622 -
693 3595 711 3639 ‹
732 3564 919 3643 Primum
950 3563 1129 3644 irritatae
1161 3563 1289 3644 fursse
1320 3564 1502 3646 videntur

350 3727 368 3767 »
388 3695 592 3802 majorum
609 3697 849 3777 clericorum
870 3697 1036 3806 nuptiae
1052 3697 1141 3804 lege
1161 3697 1422 3806 Imperatoris
1436 3695 1502 3774 Ju-

349 3827 570 3931 »stiniani,
595 3831 665 3938 qui
696 3859 791 3912 curn
821 3831 1021 3938 plurimas
1050 3831 1245 3913 edidisset
1271 3831 1411 3912 favore
1431 3829 1502 3910 Ec-

349 3961 537 4043 ›clesiae
568 3964 895 4068 constitutiones
928 3967 1052 4048 etiam
1082 3966 1124 4046 in
1153 3965 1231 4047 hac
1260 3975 1376 4074 parte
1408 3959 1501 4044 nihil

329 4127 366 4192 ‚»
387 4095 541 4197 omisit,
575 4097 616 4179 in
647 4125 728 4206 quo
758 4099 854 4181 cleri
887 4101 1012 4182 decus
1043 4127 1069 4179 a
1098 4099 1348 4207 quibusdam
1379 4094 1501 4178 sacri-

346 4229 489 4338 »legis
518 4233 750 4338 neglectum
792 4234 950 4315 restitui
992 4261 1156 4342 quoquo
1197 4233 1318 4314 modo
1348 4237 1498 4340 posset.

344 4397 363 4440 >
384 4365 474 4475 lpse
490 4366 533 4447 in
548 4368 598 4449 L.
619 4371 674 4448 45
691 4367 779 4448 cod.
800 4367 849 4448 de
865 4369 984 4479 episc.
1007 4375 1043 4448 et
1059 4367 1155 4449 cler.
1176 4366 1503 4448 animadvertens
