3178 5134
480 429 588 481 nrann
610 431 657 483 rr.
681 448 703 463 -
724 431 863 483 nunnus
885 432 955 483 xrv.
1243 423 1307 487 235

131 583 206 668 per
227 556 367 666 plures
388 557 452 638 vel
472 557 687 665 pauciores
717 559 1003 666 generationes
1028 574 1299 647 numerantur

133 718 267 800 usque
299 693 351 774 ad
381 717 642 773 communem
672 693 867 800 stipitem.
901 739 921 758 ι
950 695 1017 777 Ad
1057 697 1301 804 dignoscen-

127 825 233 906 dum
251 850 348 906 vero
365 851 447 932 quo
464 826 596 932 gradu
612 826 923 934 consanguinei,
943 828 993 908 do
1010 829 1162 937 quibus
1178 857 1304 940 quae-

132 959 255 1060 ritur,
289 959 395 1040 inter
423 985 468 1039 se
500 957 663 1060 distent,
706 985 791 1039 una
831 961 975 1068 regula
1013 962 1189 1044 traditur
1227 993 1302 1072 pro

133 1090 246 1172 linea
274 1099 399 1192 recta,
434 1091 549 1172 aliae·
567 1119 641 1201 pro
672 1093 838 1200 obliqua
868 1101 989 1202 prout
1019 1095 1128 1177 linea
1153 1107 1214 1180 est
1235 1127 1303 1180 ae-

129 1226 270 1335 qualis
302 1227 365 1307 vel
396 1226 639 1335 inaequalis,
673 1227 754 1309 Pro
785 1227 893 1309 linea
923 1237 1034 1311 recta
1064 1232 1208 1339 regula
1238 1248 1300 1316 est

129 1386 329 1468 sequena,
362 1386 523 1467 nempe:
557 1367 617 1441 tot
648 1359 845 1468 gradibus
867 1388 952 1440 una
972 1389 1148 1470 persona
1169 1366 1221 1447 ab
1242 1365 1302 1446 al-

130 1505 224 1576 tera
254 1494 393 1595 distat,
426 1504 525 1602 quot
555 1501 652 1576 sunt
681 1520 880 1603 personae
912 1522 996 1577 una
1025 1498 1204 1606 dempta,
1228 1509 1302 1580 aut

131 1638 235 1736 quot
264 1639 362 1710 sunt
391 1629 675 1734 generationes
705 1637 764 1711 tot
792 1637 890 1710 sunt
921 1632 1091 1737 gradus;
1115 1631 1172 1713 ita
1190 1631 1302 1714 filius

131 1789 159 1842 a
189 1769 308 1870 patre
338 1762 463 1844 distat
493 1787 576 1842 uno
606 1761 753 1868 gradu,
787 1787 883 1841 cum
912 1761 996 1842 sint
1027 1763 1132 1843 duae
1162 1789 1304 1870 perso-

132 1921 213 1978 nae
243 1904 284 1976 et
313 1921 398 1976 una
428 1894 652 2001 generatim
685 1903 724 1976 et
745 1895 803 1976 ita
823 1895 984 2010 dicatur
1005 1923 1057 1977 ex
1077 1906 1191 2005 parte
1213 1923 1303 1977 ma-

130 2027 225 2110 tris,
262 2027 382 2120 Quod
402 2035 560 2136 spectat
579 2055 676 2108 vero
697 2029 750 2109 ad
770 2029 922 2109 lineam
943 2029 1217 2111 collateralem
1238 2029 1302 2109 vel

128 2161 347 2270 obliquam
379 2189 510 2270 usque
541 2164 592 2244 ad
622 2165 835 2244 saeculum
868 2165 1131 2246 undecimum
1163 2165 1206 2244 in
1237 2191 1302 2245 eo-

131 2293 380 2378 clesiasticis
411 2297 546 2402 quoad
576 2296 886 2377 matrimonium
906 2299 1050 2378 eadem
1072 2297 1215 2404 regula
1230 2295 1304 2378 ha-

127 2430 257 2514 bebat
289 2431 441 2530 locum,
476 2439 523 2511 ut
551 2437 610 2511 tot
640 2438 777 2512 essent
807 2433 962 2537 gradus
982 2442 1082 2540 quot
1102 2459 1301 2541 personae

128 2591 219 2646 una
248 2565 428 2673 dempta,
461 2564 525 2644 vel
555 2572 614 2646 tot
653 2565 822 2672 gradus
866 2575 964 2674 quot
1000 2567 1299 2676 generationes

124 2707 257 2808 prout
281 2699 374 2806 jure
405 2725 575 2779 romano
597 2699 874 2782 factitabatur.
899 2701 956 2782 At
976 2728 1025 2781 eo
1046 2702 1211 2783 saeculo
1233 2729 1303 2783 oo·

121 2833 296 2914 casione
325 2831 616 2941 disputationis
646 2832 752 2914 inter
781 2833 950 2914 Petrum
980 2833 1232 2915 Damianum
1261 2841 1301 2914 et

118 2966 479 3048 Jurisconsultum
497 2966 780 3046 Ravennatem
790 2965 1024 3048 Alexander
1034 2959 1149 3075 Papa
1158 2969 1191 3047 ll
1207 2975 1300 3076 post

122 3099 361 3183 Concilium
386 3098 545 3179 Romae
564 3097 752 3180 habitum
773 3099 1052 3182 adhibendum
1072 3127 1163 3182 esse
1184 3099 1300 3180 duxit

123 3235 302 3318 modum
333 3233 652 3341 computationis
692 3234 951 3340 germanicae
992 3260 1088 3342 prae
1127 3257 1298 3313 romano

127 3367 329 3450 insistens
361 3367 404 3446 in
434 3365 511 3446 hoc
541 3367 753 3474 principio,
791 3367 961 3448 scilicet:
1009 3391 1245 3476 «personae
1276 3391 1301 3445 a

124 3529 172 3583 se
208 3499 383 3582 invicem
418 3507 478 3581 tot
516 3498 715 3606 gradibus
755 3500 921 3600 distant,
964 3508 1063 3607 quot
1101 3497 1299 3606 gradibus

123 3637 285 3718 distant
314 3661 340 3714 a
370 3635 579 3715 communi
608 3634 783 3742 stipite»
818 3643 857 3716 et
879 3634 936 3715 ita
956 3632 1207 3742 computatio
1228 3659 1298 3740 ge-

123 3768 392 3852 nerationum
423 3769 474 3850 ab
506 3793 590 3848 una
619 3776 779 3850 tantum
809 3775 923 3878 parte
954 3768 1062 3850 faeta
1081 3775 1158 3868 est;
1182 3773 1221 3847 et
1243 3765 1300 3847 ita

122 3903 311 4014 quidem,
346 3909 393 3983 ut
422 3901 457 3982 si
488 3902 596 3983 linea
626 3911 734 3984 esset
764 3901 948 4010 aequalis
979 3909 1164 3983 maneret
1183 3899 1300 3980 inva-

123 4038 236 4120 riata
256 4035 350 4118 talis
372 4036 528 4144 regula,
553 4064 601 4118 ac
620 4037 790 4148 proinde
812 4037 959 4118 tratres
976 4043 1092 4117 erant
1109 4035 1150 4115 in
1167 4035 1300 4144 primo

120 4171 278 4280 gradu,
313 4170 518 4279 patrueles
548 4169 589 4251 in
620 4171 801 4251 secundo
832 4178 909 4252 etc.
946 4170 989 4251 Si
1022 4178 1161 4251 autem
1192 4168 1301 4249 linea

123 4305 280 4388 luisset
309 4304 553 4414 inaequalia,
586 4311 685 4385 tunc
723 4303 880 4411 vigeret
918 4317 1096 4414 sequens
1136 4301 1295 4410 regula,

121 4463 293 4546 nempe:
328 4465 409 4546 quo
440 4437 573 4546 gradu
593 4436 788 4518 remotior
807 4463 983 4546 persona
1003 4437 1126 4519 distat
1147 4459 1299 4517 acom-
