3264 5146
495 459 603 510 maer
625 457 671 509 lv.
697 477 718 490 -
740 459 880 509 rrreuus
903 460 923 508 1.
1255 443 1297 506 te

147 595 259 694 potest
286 613 366 668 non
396 587 502 668 tueri
538 588 635 694 jura
665 587 872 693 reciproca
911 585 1150 693 conjugum.
1184 633 1203 647 -
1233 586 1289 667 At

148 729 311 800 econtra
329 720 438 800 valet
467 727 601 800 status
632 719 672 797 in
705 717 858 798 talibus
884 718 1088 825 conjugiis
1109 744 1135 796 a
1155 745 1199 798 se
1220 745 1290 799 ve-

148 855 216 934 titis
243 855 437 960 denegare
468 853 788 959 recognitionem
829 852 1133 932 constitutionis
1164 852 1285 952 dotia,

148 987 376 1096 aliorumque
418 988 784 1068 instrumentorum
823 994 862 1066 et
903 994 1117 1093 pactorum
1159 987 1290 1094 respi-

148 1119 317 1200 cientium
334 1120 638 1227 assignationes
654 1120 855 1220 bonorum
873 1146 1002 1199 causa
1018 1118 1284 1199 matrimonii.

147 1251 230 1333 Cum
250 1254 353 1334 enim
377 1254 550 1335 istarum
572 1253 807 1362 pactionum
831 1253 1034 1360 juridicus
1055 1253 1171 1332 valor
1191 1279 1289 1360 pen·
1413 1295 1414 1298 κ

148 1387 223 1466 leat
250 1413 273 1466 a
300 1388 665 1469 constitutionibus
694 1388 911 1488 civilibus;
945 1387 1029 1467 imo
1059 1387 1142 1467 sint
1173 1388 1289 1466 adin·

148 1523 264 1603 ventia
291 1523 442 1621 civilia,
476 1523 807 1631 quandoquidem
839 1549 962 1630 penes
1001 1521 1185 1602 diversas
1216 1548 1289 1601 na-

146 1657 255 1736 tiones
274 1658 436 1738 diversa
458 1657 568 1765 viget
588 1658 654 1737 lex
677 1666 717 1738 et
737 1658 1008 1756 consuetudo;
1032 1655 1128 1735 hine
1153 1662 1287 1735 status

148 1798 202 1869 est
217 1791 316 1871 velut
349 1791 392 1870 in
413 1790 594 1870 dominio
615 1789 796 1897 proprio;
821 1788 986 1868 undosi
1003 1788 1097 1894 jure
1119 1789 1288 1896 impedit

146 1921 205 2000 ille
228 1925 429 2031 conjugia,
458 1924 551 2032 jure
583 1924 734 2030 pariter
765 1923 824 2002 eis
854 1924 1030 2028 denegat
1060 1925 1102 2000 in
1134 1921 1287 2002 talibus

144 2082 245 2138 suam
263 2059 448 2139 tutelam.
468 2061 527 2138 lta
543 2059 594 2137 ad
616 2059 818 2138 sedandas
835 2057 971 2164 justas
992 2055 1284 2136 catholicorum

144 2199 176 2268 et
190 2191 415 2296 praesertim
439 2191 735 2298 Episcoporum
753 2189 940 2297 querelas
962 2187 1192 2295 explicatus
1213 2187 1290 2267 fuit

143 2349 271 2404 sensus
301 2325 485 2404 renovati
519 2353 544 2404 a
572 2323 782 2404 Ludovico
803 2323 894 2402 Xlll
916 2321 1030 2428 Rege
1058 2321 1287 2401 Galliarum

36 2525 37 2530 a
143 2454 255 2537 Edicti
286 2459 452 2539 Henriei
484 2457 612 2564 Regis
644 2484 750 2538 anno
787 2460 894 2536 1629
917 2466 956 2538 et
983 2460 1107 2556 1639,
1133 2455 1175 2535 in
1206 2483 1288 2565 quo

36 2581 37 2636 ³
142 2592 476 2673 constituebantur
508 2591 693 2672 inualido
724 2591 988 2672 matrimonia
1028 2590 1287 2671 celebratae

36 2799 38 2838 ὲ
144 2719 226 2803 filiis
255 2724 432 2805 familias
463 2725 618 2833 absque
645 2751 850 2805 consensu
881 2733 1116 2831 parentum;
1140 2749 1288 2830 nempe

36 2875 37 2966 ss
142 2853 175 2933 in
192 2883 235 2937 eo
254 2859 400 2939 edicto:
435 2889 453 2934 ‹
475 2887 556 2938 non
578 2861 644 2966 agi
668 2861 717 2939 de
738 2867 996 2939 sacramento
1018 2857 1284 2956 matrimonii,

141 3015 254 3099 neque
293 2995 342 3074 de
374 2991 463 3100 ejus
504 2993 794 3074 essentialibus
834 2993 1092 3092 ceremoniis,
1135 2993 1207 3072 sod
1239 2991 1288 3070 de

143 3121 331 3206 validitate
347 3125 664 3206 conventionum
683 3125 1065 3225 matrimonialium,
1085 3126 1134 3204 de
1152 3149 1289 3203 acees-

36 3263 37 3330 ?
138 3257 240 3336 soriis
269 3258 535 3358 matrimonii,
560 3260 610 3340 de
641 3260 748 3340 dotis
769 3259 978 3340 validitate
999 3267 1076 3338 etc.
1103 3291 1121 3332 »
1147 3303 1167 3316 -
1187 3257 1282 3336 Dis-

36 3407 37 3410 ‘
139 3398 266 3491 putent
284 3391 499 3492 DoctoreS,
524 3419 576 3472 an
608 3401 742 3474 status
771 3392 867 3472 filiis
889 3419 939 3472 ex
961 3391 1116 3472 talibus
1146 3391 1291 3471 matri-

36 3535 37 3586 ?
140 3522 271 3603 moniis
307 3525 456 3631 genitis
488 3525 621 3607 valeat
661 3525 862 3633 denegare
902 3523 1201 3632 legitimitatem
1232 3525 1289 3604 ci-

137 3653 256 3758 vilem,
289 3685 416 3766 quam
446 3659 626 3766 prolecto
658 3659 809 3741 babent
838 3685 979 3741 coram
1010 3658 1209 3740 Ecclesia.
1241 3659 1286 3738 Si

137 3787 231 3870 enim
258 3801 394 3873 status
424 3819 715 3900 recognoscere
745 3801 909 3874 tenetur
943 3792 1044 3873 illud
1075 3793 1284 3873 matrimo-

36 3951 37 3954 ‘
136 3921 235 4004 nium
261 3934 307 4006 ut
328 3925 526 4024 validum,
553 3928 759 4034 quomodo
788 3927 884 4008 filiis
915 3928 1116 4034 denegare
1137 3926 1289 4006 valebit

36 4069 37 4074 ‘
137 4051 417 4162 legitimitatem
449 4059 596 4140 saltem
627 4061 761 4168 quoad
794 4087 937 4141 omnes
968 4088 1068 4140 suos
1098 4060 1284 4158 effectus

136 4213 215 4270 eum
240 4191 450 4300 legitimus
470 4193 581 4274 filius
602 4194 670 4274 ille
691 4195 759 4294 sit,
784 4195 852 4302 qui
880 4195 1064 4275 nascitur
1084 4220 1137 4274 ex
1161 4193 1289 4300 justis

135 4345 195 4402 seu
214 4325 360 4406 validis
382 4325 565 4432 nuptiis?
588 4325 949 4419 Quemadmodum
970 4328 1183 4435 disputant
1203 4325 1289 4404 Do-

36 4495 38 4570 3
137 4464 250 4540 utores
276 4485 330 4540 an
351 4469 486 4540 status
507 4460 641 4542 valeat
661 4461 757 4541 filiis
788 4489 840 4542 ex
871 4461 961 4543 istis
992 4459 1196 4568 conjugiis
1218 4485 1290 4566 ge-
