3386 5126
568 417 667 463 mnan
692 419 723 463 v.
749 435 791 446 -
816 418 955 464 mrunus
978 419 1022 463 vr.
1319 398 1387 464 177

206 544 401 626 viendum
425 541 552 622 relicti
585 547 683 622 sunt
715 541 756 621 in
788 566 962 648 poenam
985 541 1233 650 apostasiae,
1263 549 1385 649 atque

204 677 428 785 perfidiae?
452 675 569 756 Adde
601 674 681 776 his,
718 674 965 756 familiarem
996 675 1102 756 hanc
1127 676 1382 776 servitutem,

203 820 275 893 aut
291 837 511 919 operarum
535 808 852 916 praestationem
870 809 1103 910 assiduam,
1125 835 1173 890 ac
1194 810 1385 891 domesti-

203 973 293 1028 cam
316 971 407 1026 esse
428 943 652 1026 christiano
684 943 859 1023 maximi
884 943 1055 1051 periculi
1088 945 1267 1053 plenam.
1293 945 1386 1024 Huc

202 1078 375 1187 pertinet
410 1079 514 1188 Cap.
547 1081 594 1161 2.
631 1077 680 1157 de
699 1077 886 1184 judaeis
921 1077 991 1159 nbi
1026 1106 1122 1159 cum
1161 1079 1385 1186 Gregorius

203 1213 319 1294 initio
337 1213 540 1312 statuerit,
575 1238 657 1292 ncn
679 1239 770 1293 esse
794 1213 1024 1312 ferendum,
1056 1225 1102 1296 ut
1132 1213 1386 1295 christianus

204 1347 321 1453 quasi
354 1345 605 1453 mancipium
634 1346 784 1452 judaeo
817 1347 987 1446 serviat,
1028 1347 1198 1454 subjicit
1228 1355 1379 1444 tamen,

203 1507 345 1562 servos
362 1481 628 1588 judaeorum,
653 1481 720 1588 qni
750 1481 790 1561 in
814 1481 994 1588 praediis
1026 1481 1266 1564 eorumdem
1287 1493 1384 1562 sunt

204 1615 322 1721 quasi
345 1614 497 1712 coloni,
522 1623 560 1696 et
591 1615 821 1722 originarii,
847 1615 888 1695 in
911 1616 1069 1697 eisdem
1092 1614 1271 1724 praediis
1294 1624 1385 1695 utut

203 1747 449 1830 christianos
474 1775 595 1857 posse
617 1749 860 1850 consistere,
885 1758 924 1831 et
947 1757 1148 1832 consueta
1168 1749 1304 1830 officia
1319 1749 1385 1856 ju-

203 1881 318 1962 daeis
350 1891 574 1990 praestare.

290 2007 380 2088 Hoc
411 2009 547 2115 posito
580 2007 673 2114 quis
704 2036 785 2090 ncn
818 2010 928 2091 videt
961 2011 1027 2116 agi
1061 2010 1212 2092 ibidem
1234 2037 1314 2091 non
1336 2009 1385 2090 dc

203 2140 335 2220 servis
376 2141 539 2246 proprie
579 2141 713 2238 dictis,
751 2153 790 2222 et
821 2169 968 2251 operas
1006 2171 1107 2224 snas
1138 2144 1247 2224 domi
1276 2145 1383 2248 apud

202 2271 349 2354 herum
394 2272 719 2380 praestantibus,
752 2276 824 2354 sed
866 2276 915 2354 de
956 2276 1221 2382 adscriptitiis
1259 2276 1384 2356 lundc

203 2406 408 2488 dominico
431 2406 620 2504 addictis,
647 2433 751 2515 quos
773 2434 824 2488 ne
861 2408 1028 2489 dominc
1050 2409 1220 2516 quidem
1238 2409 1386 2489 licebat

203 2567 228 2620 a
258 2540 523 2649 praediorum
555 2567 671 2640 cura,
707 2549 746 2624 ct
777 2543 940 2624 cultura
961 2547 1163 2624 avocaret
1187 2545 1283 2653 Lep.
1310 2545 1382 2635 13,

208 2675 309 2755 Ccd.
346 2675 396 2754 de
426 2675 638 2783 agricolae,
674 2683 710 2755 et
752 2682 890 2759 consil.
926 2677 1036 2758 Utile
1068 2678 1150 2758 imo
1173 2685 1275 2777 erat,
1309 2676 1385 2756 hcs

205 2807 496 2914 adscriptitios
532 2835 605 2889 seu
652 2809 820 2890 colonos
861 2817 955 2892 utut
985 2811 1235 2892 christianos
1267 2835 1386 2918 prae-

203 2943 283 3024 diis
310 2943 559 3050 judaeorum
582 2944 783 3044 addictos
818 2971 900 3024 non
942 2945 1106 3026 liberari
1141 2947 1194 3025 ab
1226 2944 1382 3044 cilicie,

203 3086 418 3184 propterea
449 3077 574 3184 quod,
599 3077 632 3156 si
656 3078 945 3178 liberarentur,
980 3078 1144 3158 occasio
1166 3078 1262 3158 data
1284 3078 1384 3157 fuis-

203 3220 265 3290 set
301 3210 465 3317 judaeis
505 3210 693 3292 mittendi
736 3211 784 3291 ad
829 3237 878 3292 ea
909 3211 1077 3318 praedia
1118 3237 1245 3292 causa
1274 3210 1384 3291 colo-

203 3353 326 3426 natus
349 3342 518 3424 totidem
535 3343 729 3449 judaeos,
755 3351 876 3451 atque
899 3343 955 3423 ita
963 3343 1128 3449 judaeis
1145 3343 1383 3425 hominibus

203 3477 294 3558 lcca
316 3478 437 3584 plura
457 3477 639 3584 replendi
663 3477 704 3558 in
728 3479 1020 3560 detrimentum
1043 3475 1379 3576 christianornm,

204 3636 252 3692 ac
269 3611 511 3718 pracsertim
528 3639 671 3692 eorum
685 3611 952 3708 rusticorum,
973 3611 1041 3719 qui
1067 3610 1200 3691 vicina
1218 3611 1383 3717 praedia

203 3745 435 3826 excolerent
450 3776 460 3846 3
496 3746 599 3826 alias
621 3754 769 3827 ¹autern
801 3745 1012 3826 christiani
1048 3745 1103 3826 illi
1122 3744 1377 3852 adscriptitii,

203 3887 242 3960 et
258 3877 391 3959 coloni
404 3879 652 3986 judaeorum
666 3881 785 3987 longe
803 3887 921 3962 erant
942 3881 994 3959 ab
1011 3881 1259 3987 judaeorum
1286 3907 1382 3961 con-

203 4013 434 4093 versatione
470 4015 631 4095 semoti.
663 4015 853 4098 Ceterum
886 4015 1113 4122 Gregorius
1145 4016 1252 4095 idem
1290 4017 1380 4096 Ma·
1453 4000 1455 4004 ’

202 4175 310 4254 gnus
344 4149 386 4226 in
421 4149 528 4231 Can.
567 4153 625 4230 13
657 4149 751 4228 dist.
788 4153 850 4230 54
882 4175 1076 4257 expresse
1108 4149 1262 4248 docuit,
1291 4150 1382 4230 nul-

202 4279 287 4362 lum
311 4280 592 4362 Christianum
616 4281 870 4391 mancipium
893 4310 1014 4391 posse
1031 4284 1182 4391 judaec
1209 4285 1378 4370 servire.

202 4411 340 4494 Tertio
373 4415 644 4495 constitutum
676 4423 751 4514 est,
787 4443 837 4496 ne
869 4423 941 4497 aut
981 4416 1204 4500 christiana
1230 4417 1381 4525 judaec
