3136 5138
438 432 545 484 arnan
568 432 614 481 ut.
638 450 659 464 -
681 431 819 484 mineus
841 435 874 480 v.
1177 419 1240 484 145

91 559 256 660 ConoilII,
289 569 410 667 prout
440 560 560 641 refert
590 561 813 667 Fagnanus
843 560 900 641 nd
929 589 1019 674 cap.
1056 569 1081 644 5
1121 565 1163 645 b.
1198 573 1227 647 t.

91 719 184 773 num.
216 695 241 772 2
273 699 309 772 et
338 719 445 802 seqq.
481 693 665 774 decisum
696 694 773 774 fuit
802 721 883 775 non
915 722 1005 778 esse
1040 723 1231 779 necessa-

93 827 178 904 riam
207 825 459 908 iterationem
489 853 730 928 consensus
765 835 886 936 atque
917 830 1068 911 decisio
1100 831 1176 912 luit
1206 859 1232 913 a
1290 877 1297 888 -

91 959 273 1042 Clemente
303 961 393 1042 VIII
423 961 608 1068 probata,
632 963 820 1070 quamvis
840 962 1016 1044 noluerit
1034 963 1141 1045 hanc
1161 965 1230 1046 de-

91 1093 263 1174 cisionem
295 1095 487 1202 omnibus
518 1096 684 1177 casibus
723 1083 934 1197 inservire,
978 1098 1050 1178 sed
1085 1123 1229 1179 omnes

91 1227 145 1330 qni
170 1227 385 1308 acciderint
415 1227 456 1306 in
487 1229 671 1309 futurum
707 1256 801 1310 cnm
832 1230 921 1310 suis
961 1229 1231 1311 circumstan-

90 1357 143 1436 tiis
169 1385 256 1440 esse
277 1359 506 1468 specialiter
526 1361 856 1443 considerandos,
876 1363 1109 1470 Antequam
1132 1391 1228 1445 vero

92 1491 286 1598 impleatur
314 1495 507 1594 conditi0,
541 1496 848 1576 matrimonium
880 1496 1013 1576 adhuc
1043 1523 1125 1578 non
1147 1505 1240 1599 est„

92 1623 137 1702 ita
161 1633 200 1706 ut
228 1626 262 1706 si
294 1627 456 1708 interim
493 1626 604 1708 aliud
643 1627 950 1709 matrimonium
990 1629 1229 1710 concilietur

92 1761 331 1862 quantumvis
362 1760 560 1860 illicitum,
597 1762 693 1868 quia-
714 1762 993 1842 necessarium
1014 1770 1076 1843 est
1096 1771 1228 1844 atten-

91 1891 167 1972 dere
184 1893 500 1976 verificationem
515 1895 774 1996 conditionis
794 1904 1008 1978 esttamen
1024 1897 1220 1996 validum,

91 2049 147 2104 nee
171 2026 330 2107 irritum
359 2029 404 2108 fit
434 2029 641 2110 verificata
670 2037 812 2137 postea
841 2030 1071 2111 conditione
1092 2031 1225 2137 primo

90 2147 324 2240 matrimonio
356 2160 552 2268 injuncta,
586 2161 684 2268 quia
712 2162 940 2243 secundum
980 2163 1127 2244 initum
1163 2171 1225 2244 est

87 2289 194 2392 primo
222 2294 406 2375 nondum
437 2294 586 2375 valido.
620 2296 681 2374 De
711 2295 970 2376 matrimonio
1000 2321 1097 2377 vero
1127 2322 1222 2378 oum

87 2421 223 2506 duabus
252 2453 347 2508 cum
379 2429 608 2510 conditione
639 2429 680 2509 in
703 2429 887 2510 futurum
909 2427 1106 2536 pendente
1127 2457 1225 2510 oon·
1310 2481 1313 2490 -

86 2563 191 2640 tracto
219 2561 350 2642 tutius
381 2590 475 2644 cum
506 2563 875 2670 Schmalzgrueber
905 2563 945 2641 b.
972 2571 1000 2642 t.
1031 2591 1141 2644 num.
1169 2566 1221 2643 56

85 2699 113 2767 et
140 2693 184 2772 57
220 2693 411 2777 ta'nemus
451 2696 551 2777 illud
591 2697 841 2805 praevalere,
884 2698 1004 2804 cujus
1044 2697 1222 2778 conditio

85 2821 176 2924 prius
203 2829 412 2910 verificata
432 2837 509 2930 est;
532 2831 604 2910 sed
625 2830 661 2909 si
682 2830 934 2912 conditiones
956 2829 1098 2910 eodem
1119 2838 1223 2911 tem-

86 2979 159 3057 pore
185 2961 457 3062 verificentur,
491 2972 589 3044 tunc
617 2971 809 3045 nentrum
840 2973 902 3045 est
921 2963 1104 3044 validum
1125 2990 1220 3044 cum

86 3095 278 3202 utrumque
309 3097 618 3178 matrimonium
648 3099 717 3179 tali
749 3127 849 3180 casu
871 3107 979 3179 esset
1000 3098 1215 3180 incertum.

174 3230 234 3309 4⁰
265 3229 373 3323 Quid
404 3227 525 3338 porro
557 3232 775 3313 dicendum
805 3239 867 3313 est
888 3233 937 3312 de
958 3231 1220 3312 matrimonio

85 3359 177 3440 etde
204 3363 469 3470 sponsalibus
499 3365 600 3446 actis
631 3393 727 3446 cum
748 3364 978 3446 conditione
1004 3363 1220 3444 inhonesta

82 3497 138 3570 aut
153 3493 420 3602 impossibili?
443 3497 486 3577 Si
508 3523 558 3578 ea
577 3497 816 3605 simpliciter
835 3496 1051 3578 inhonesta
1071 3495 1125 3578 sit
1145 3497 1218 3578 aut

84 3617 323 3730 impossibilis
353 3629 527 3712 habetur
556 3658 629 3738 pro
660 3658 741 3712 nou
768 3631 938 3738 adjecta,
974 3656 1022 3711 ac
1051 3631 1220 3738 proinde

83 3761 365 3844 matrImonium
396 3775 458 3846 est
483 3765 570 3873 jam
601 3767 652 3846 ab
684 3764 799 3847 initio
829 3765 1066 3847 absolutum
1088 3773 1127 3846 et
1148 3792 1221 3845 va-

19 3864 24 3891 *
84 3885 201 3977 lidum.
233 3897 278 3979 Id
309 3925 501 4008 expresse
532 3906 692 3981 constat
721 3926 773 3980 ex
795 3925 884 4010 cop.
911 3900 936 3979 7
959 3898 1000 3979 b.
1025 3907 1073 3998 t,
1097 3906 1220 4007 atque

82 4019 205 4109 dicitur
234 4041 442 4141 receptum
474 4035 516 4114 in
539 4033 720 4115 favorem
741 4033 1006 4134 matrimonii,
1031 4033 1139 4140 quod
1160 4033 1220 4113 sic

13 4199 14 4270 3
81 4161 296 4266 explicatur.
321 4167 427 4248 Cum
448 4169 558 4250 enim
579 4167 756 4249 dubitari
774 4161 890 4248 facile
906 4165 1038 4274 possit
1053 4192 1106 4246 an
1121 4167 1217 4248 talis

82 4294 233 4377 conditio
249 4299 515 4408 Impossibilis
536 4299 598 4380 vel
620 4300 860 4408 simpliciter
880 4299 1012 4407 turpis
1028 4299 1135 4380 serio
1154 4301 1217 4380 vel

13 4423 15 4502 ἷ
82 4445 136 4523 per
148 4427 280 4534 jocum
301 4461 326 4515 a
346 4435 681 4516 contrahentibus
713 4434 856 4514 luisset
878 4434 1079 4542 apposita,
1104 4450 1218 4513 etex

203 4587 229 4630 Τ.
242 4584 283 4631 111.
295 4601 311 4614 ·
323 4591 349 4637 P.
363 4591 382 4632 Ι.
1042 4589 1070 4629 10
