3360 5126
533 416 633 462 mauu
655 417 685 461 v.
713 432 755 444 —
781 417 921 463 nmmos
942 417 1013 460 xm.
1296 395 1363 466 245

187 541 244 622 uti
265 549 386 650 patet
417 569 469 622 ex
504 542 608 653 Cup.
647 547 670 622 l
706 549 743 622 et
773 547 804 626 2
835 541 876 623 b.
912 549 942 624 t.
977 541 1076 649 quia
1107 541 1201 622 inde
1239 549 1366 622 morte

186 675 408 768 hominum,
442 684 480 758 et
509 677 748 757 animorum
776 675 968 787 periente
996 701 1116 785 saepe
1144 676 1366 786 provenie-

187 810 307 908 bunt;
342 809 458 916 (sunt
492 811 618 890 verba
653 811 755 920 Cap.
795 811 834 891 1.
873 809 916 890 b.
954 809 1005 917 t.)
1050 809 1157 889 unde
1197 808 1369 890 detesta-

187 943 286 1024 biles
316 943 553 1053 hujusmodi
585 944 670 1025 ludi
698 945 968 1027 vocabantur.
996 945 1137 1024 Poena
1159 943 1200 1024 in
1224 942 1370 1050 hujus-

187 1077 295 1158 modi
329 1081 617 1159 torneamentis
649 1077 946 1185 pugnantium,
982 1086 1084 1177 erat,
1129 1077 1255 1185 quod,
1298 1075 1367 1183 qui

185 1209 339 1290 inillis
370 1209 548 1317 aliquem
580 1209 811 1309 occidisset,
848 1236 945 1290 reus
978 1227 1066 1290 erat
1111 1209 1195 1290 veri
1226 1207 1366 1290 homi-

187 1342 298 1444 cidii,
333 1352 372 1423 et
403 1370 556 1449 poenas
588 1343 698 1425 illius
733 1353 905 1452 utroque
942 1344 1036 1452 jure
1080 1349 1257 1426 statutas
1298 1341 1367 1422 in-

188 1478 393 1560 currebat.
429 1477 615 1586 Pirhing.
650 1479 692 1560 b.
730 1487 759 1560 t.
796 1509 838 1560 n.
872 1483 918 1564 2.

273 1611 491 1692 Praeterea
522 1638 573 1692 ex
599 1612 693 1720 juro
724 1612 933 1694 Canonico
969 1611 1051 1712 ille,
1099 1612 1168 1720 qui
1211 1611 1368 1694 occide-

191 1745 325 1846 batur,
359 1747 394 1826 si
427 1753 514 1827 erat
535 1745 665 1828 laicus
688 1747 957 1828 Sacramenta
982 1746 1275 1828 Ecclesiastica
1297 1773 1370 1854 po·

188 1879 315 1960 sconti
348 1907 428 1960 non
462 1882 736 1988 negabantur,
772 1891 812 1963 at
843 1880 1059 1989 sepultura
1080 1879 1372 1962 Ecclesiastico

192 2013 447 2119 privabatur.
488 2019 555 2096 cit.
595 2017 698 2126 Cup.
734 2018 757 2097 1
790 2015 831 2096 h.
868 2023 896 2096 t.
943 2015 987 2095 si
1032 2039 1128 2094 vero
1168 2013 1367 2112 Clericus

190 2171 309 2226 sacra
339 2146 555 2254 sepultura
584 2146 694 2227 haud
716 2149 894 2247 carebat,
920 2147 1041 2227 modo
1067 2147 1280 2254 poenitens
1302 2147 1371 2226 do·

190 2280 399 2380 cessisset;
434 2285 476 2359 at
506 2277 750 2380 oblationeS,
780 2285 820 2359 et
839 2277 1045 2359 orationes
1070 2277 1260 2385 publicae
1280 2278 1369 2358 fieri

191 2413 301 2495 haud
335 2412 661 2521 permittebatur.
696 2412 821 2520 quue
863 2413 914 2492 ad
956 2411 1133 2494 aliorum
1174 2419 1370 2492 terrorem

193 2546 345 2628 lactum
378 2547 507 2626 luisse
537 2545 697 2628 eruitur
727 2573 779 2628 ex
813 2545 917 2656 Cup.
957 2549 980 2625 1
1015 2552 1051 2625 et
1076 2545 1160 2653 fin.
1196 2544 1237 2624 lt.
1274 2551 1302 2624 t.
1335 2553 1371 2626 et

191 2705 243 2760 ecc
279 2681 383 2790 Cep.
419 2688 446 2760 6
479 2681 528 2762 Si
558 2683 650 2789 qais
679 2685 740 2766 26
772 2688 926 2789 quaest.
963 2685 1007 2760 6.

278 2815 514 2897 Posteriora
536 2843 630 2896 vero
658 2821 954 2913 torneamenta,
981 2813 1137 2896 scilicet
1167 2840 1273 2922 quae
1296 2839 1371 2894 nec

193 2959 353 3048 temere,
378 2976 452 3030 nec
473 2976 569 3030 cum
592 2947 773 3056 periculo
801 2947 908 3027 vitae
929 2946 1096 3049 fiebant,
1121 2947 1216 3028 licet
1246 2947 1371 3029 etiam

194 3081 376 3162 aClem.
412 3081 466 3162 V.
503 3081 544 3160 in
576 3080 729 3162 Concil.
766 3079 915 3160 Vienu.
952 3105 1024 3186 per
1054 3078 1227 3162 Constit.
1263 3080 1373 3160 Pos-

196 3215 327 3298 sioncs
348 3213 427 3293 sub
449 3213 873 3296 excommunicatione
894 3211 1100 3318 prohibita
1127 3213 1293 3312 luerint,
1319 3241 1370 3294 ex

197 3376 245 3431 eo
276 3349 382 3458 quod
417 3347 588 3430 Nobiles
619 3349 670 3430 ad
706 3347 851 3429 illese
892 3353 1183 3454 praeparantes
1216 3346 1368 3425 immo-

195 3485 309 3565 dicos
334 3509 407 3591 pro
428 3482 661 3590 splendore,
685 3489 724 3564 et
746 3487 946 3590 apparatu
969 3477 1223 3587 profuderint
1247 3503 1368 3558 sum-

201 3624 312 3726 ptus,
347 3616 523 3724 indeque
552 3642 577 3695 a
608 3616 742 3698 dando
782 3613 968 3696 subsidio
1008 3613 1160 3693 Terrae
1196 3611 1371 3693 Sanctae

202 3749 403 3832 inhabiles
444 3747 596 3830 luerint
640 3749 802 3850 redditi,
844 3755 982 3830 tamen
1033 3772 1124 3827 eam
1166 3743 1373 3826 revocavit

194 3884 314 3965 Joan.
350 3883 482 3964 XXII.

281 4018 390 4098 Sane
421 4016 624 4099 habemus
656 4017 697 4097 in
729 4019 965 4128 Eaetrooup.
1000 4018 1108 4098 unic.
1134 4013 1176 4094 b.
1202 4021 1231 4092 t.
1262 4011 1370 4119 quod

194 4139 373 4233 Joannes
403 4151 521 4233 XXII
554 4161 600 4233 ut
629 4152 779 4232 milites
815 4157 1121 4248 exercerentur,
1156 4154 1278 4256 atque
1309 4146 1371 4226 in-

194 4295 452 4368 struerentur
487 4287 528 4368 in
562 4285 667 4368 bello
708 4286 903 4394 gerenda
947 4281 1188 4393 praesertim
1230 4286 1372 4363 contra

199 4417 373 4520 Turcas,
429 4419 615 4530 permisit
659 4419 894 4528 hujusmodi
937 4417 1025 4500 fieri
1071 4423 1368 4512 torneamenta,
