3178 5134
419 421 528 472 crona
550 425 594 474 tv.
617 445 639 460 -
661 425 801 476 rrrunus
824 425 883 474 xu.
1174 411 1237 473 221

89 553 238 634 familia.
272 551 325 633 Et
354 577 497 632 revera
526 579 621 634 oum
651 551 730 662 ipsi
761 553 921 634 codices
951 550 1092 632 civiles
1128 551 1235 632 inter

88 688 173 768 tales
201 710 399 794 personas
429 685 613 794 aliasque
645 711 854 767 connexas
884 683 1127 764 interdicant
1157 712 1236 765 nu-

88 821 188 928 poss,
222 845 276 900 an
307 819 545 926 putabimus
576 821 805 902 Ecclesiam
844 817 948 898 velle
990 817 1234 925 posthabere

90 951 254 1058 publicae
285 951 511 1034 honestatis
543 955 757 1053 rationem,
782 976 907 1060 quam
928 949 971 1028 in
991 975 1091 1029 casu
1113 948 1235 1031 Codi-

90 1113 143 1166 ces
159 1085 295 1167 civiles
316 1113 477 1196 quoque
506 1092 695 1169 servant?
727 1087 846 1168 Unde
876 1085 1038 1166 videtur
1067 1086 1237 1167 conclu·
1377 1071 1381 1080 ¹

92 1219 246 1300 dendum
277 1218 320 1300 in
350 1245 451 1300 casu
481 1221 578 1302 oriri
608 1219 946 1328 impedimentum
977 1217 1232 1323 cognationis

94 1351 227 1457 legalis.

188 1486 246 1564 3.⁰
276 1485 495 1566 Praeterea
524 1486 769 1568 affirmativa
798 1485 900 1566 haec
929 1485 1131 1565 sententia
1161 1513 1238 1566 au-

93 1616 252 1698 ctoritate
282 1627 453 1726 apparet
492 1620 660 1701 omnino
699 1625 856 1699 retenta
895 1625 935 1698 et
974 1619 1229 1701 confirmata.

94 1751 281 1859 Siquidem
313 1779 367 1832 ex
397 1754 500 1834 actis
530 1755 575 1835 S.
610 1753 952 1836 poenitentiarios
972 1753 1236 1860 Apostolicae

93 1891 228 1966 constat
258 1911 417 1966 morem
449 1913 538 1968 esse
569 1887 610 1967 in
640 1886 793 1968 talibus
823 1886 1138 1992 recognoscendi
1168 1913 1238 1966 co·

93 2018 274 2120 gnationis
296 2019 439 2127 legalis
460 2021 813 2128 impedimentum,
838 2027 878 2101 et
898 2021 1086 2127 exempla
1110 2020 1237 2101 habe-

94 2175 170 2230 mus
196 2179 270 2261 pro
302 2153 452 2254 Gallia,
485 2155 629 2262 Regno
661 2154 946 2261 Neapolitano,
981 2154 1152 2262 aliisque
1173 2183 1238 2237 re-

92 2281 261 2385 gionibus
278 2293 374 2366 tom.
395 2287 524 2367 XXV
536 2315 646 2368 num.
667 2287 721 2367 78
738 2294 776 2366 et
791 2286 1029 2368 tom.XXX
1040 2313 1149 2366 nam.
1161 2289 1232 2367 29.

20 2519 21 2524 Ν
91 2413 250 2525 Vulgata
278 2419 454 2502 habetur
483 2421 636 2502 decisio
666 2420 902 2502 doctrinalis
933 2421 1118 2527 ejusdem
1143 2419 1237 2500 Tri-

92 2545 230 2632 bunalis
261 2559 358 2632 tom.
392 2553 481 2634 XII
506 2581 616 2635 nunc.
651 2555 706 2634 20
737 2554 788 2634 ad
819 2553 870 2634 D.
896 2554 1090 2634 Lasserre
1111 2551 1237 2633 Vica-

91 2682 180 2764 rium
207 2687 448 2767 Generalem
479 2687 829 2787 Petrocorensem‚
862 2685 1056 2793 quicum
1087 2712 1237 2793 propo-

90 2816 219 2900 suisset
249 2820 439 2902 dubium:
481 2821 625 2902 «Cum
656 2822 698 2900 in
729 2807 872 2902 eodem
911 2846 1037 2925 regno
1078 2819 1235 2900 Galliae

90 2950 299 3060 adoptionis
324 2953 394 3062 jus
426 2957 547 3037 modo
576 2954 760 3060 legaiiter
789 2954 843 3035 sit
862 2963 1086 3061 receptum,
1111 2980 1237 3061 quae·

89 3081 175 3166 ritur
201 3115 251 3168 an
283 3089 528 3170 canonicum
558 3087 896 3196 impedimentum
923 3087 1153 3194 adoptionis
1174 3087 1237 3167 di-

90 3215 222 3300 rimens
250 3221 388 3302 locum
421 3222 545 3303 etiam
574 3221 725 3302 habere
755 3220 926 3301 debeat?
950 3251 968 3297 »
994 3221 1046 3300 Et
1065 3245 1237 3326 respon·

90 3372 167 3428 sum
194 3361 269 3435 est:
308 3354 604 3436 ‹Affirmative
634 3355 670 3434 si
699 3381 765 3436 res
795 3354 849 3434 sit
869 3355 919 3435 de
939 3351 1158 3460 adoptione
1179 3353 1237 3433 le-

90 3480 211 3585 gitime
241 3488 358 3568 inita.
383 3520 402 3562 a
437 3487 556 3570 Circa
581 3489 689 3596 quod
710 3488 973 3595 Rescriptum
994 3487 1237 3593 nescioquo

89 3617 225 3701 ratione
255 3647 281 3701 a
311 3623 520 3703 nonnullis
550 3622 796 3704 Doctoribus
817 3622 867 3702 de
888 3621 976 3729 ejus
997 3621 1135 3702 valore
1161 3621 1238 3702 du-

20 3757 21 3762 '
89 3746 244 3834 bitatum
274 3755 329 3834 sit
359 3755 408 3836 de
436 3782 519 3864 pao
549 3755 766 3867 adoptione
794 3763 998 3862 ageretur.
1033 3755 1123 3835 Hoc
1149 3761 1237 3847 erat

20 3939 21 3944 a
87 3881 424 3969 evidentissimum
454 3890 522 3998 agi
553 3891 602 3970 de
633 3889 865 3998 adoptione,
899 3915 1004 3998 quae
1034 3889 1076 3967 in
1102 3885 1237 3967 Gallia

20 4045 22 4136 3
88 4010 247 4104 habebat
275 4023 413 4105 locum
443 4049 495 4105 ex
528 4024 711 4107 articulis
740 4024 892 4106 codicis
921 4023 1111 4130 vigentis
1131 4045 1237 4130 quae

20 4137 22 4214 ί
87 4159 168 4232 ante
195 4157 346 4238 codicis
375 4161 647 4268 receptionem
678 4161 811 4242 suerat
830 4159 1018 4240 instituta
1038 4184 1091 4237 ex
1110 4156 1237 4238 mori-

20 4645 22 4692 l

20 4695 22 4734 l

20 4293 22 4312 '
87 4280 155 4366 bus
173 4296 243 4370 aut
263 4315 313 4370 ex
334 4293 647 4392 consuetudine;
660 4293 830 4400 proinde
850 4291 1020 4400 exponit
1038 4291 1235 4371 Lasserre

20 4465 22 4518 3
85 4411 194 4499 hodie
221 4419 350 4504 fuisse
380 4433 589 4533 receptum
620 4425 806 4533 legaliter
834 4425 897 4505 vel
922 4452 948 4506 a
966 4423 1105 4505 codice
1126 4418 1236 4503 civili
