3386 5126
6 4463 8 4502 l

6 4509 8 4532 t

561 409 662 456 arena
683 411 717 455 v.
740 427 783 438 -
807 409 947 458 nectus
970 413 1015 458 vi.
1309 388 1374 456 183

199 534 311 617 modi
343 535 645 616 infensissimos
681 535 819 616 hostes
842 561 959 616 arma
978 549 1201 633 sumerent,
1238 535 1375 616 debel-

200 674 343 752 larent.
380 669 543 750 Bellum
573 669 701 776 igitur
731 696 813 750 non
843 669 1092 751 offensivum
1114 669 1203 768 fuit,
1231 669 1291 750 uti
1322 697 1376 750 ex

198 804 374 884 adverso
415 801 650 903 buccinant,
694 805 768 884 sed
804 829 915 884 mere
956 801 1240 902 defensivum3
1279 802 1375 884 hinc

200 937 337 1018 media
366 937 506 1018 omnia
537 937 843 1046 proportionata
874 936 1059 1019 Ecclesia
1090 935 1295 1034 adhibuit,
1331 944 1377 1016 ut

201 1071 412 1152 victoriam
443 1069 594 1152 referre
625 1081 778 1180 posset.

287 1208 372 1286 Imo
404 1213 450 1286 ut
480 1206 519 1288 id
552 1206 715 1288 facilius
736 1206 953 1309 obtineret,
973 1207 1085 1314 leges
1106 1205 1253 1286 statuit
1273 1211 1377 1286 tem-

202 1365 350 1446 porum
382 1339 604 1420 conditioni
637 1341 939 1422 accomodatas.
975 1340 1027 1420 Et
1067 1342 1125 1419 1.⁰
1145 1336 1378 1446 specialiter

201 1473 412 1580 prohibuit
431 1473 691 1575 Christianis,
726 1503 776 1555 ne
807 1481 989 1582 tempore
1012 1473 1106 1554 belli
1137 1471 1242 1552 inter
1263 1496 1378 1552 sera-

201 1633 340 1708 cenos,
374 1615 414 1688 et
443 1608 688 1690 christianos
710 1610 999 1716 quodcumque
1020 1633 1159 1689 rerum
1177 1630 1378 1687 commer-

201 1739 312 1820 cium
344 1769 438 1822 cum
471 1741 661 1823 hostibus
696 1742 894 1824 haberent
925 1743 1005 1822 sub
1045 1766 1176 1848 poene
1211 1765 1379 1836 encom-

203 1872 495 1956 municationis
520 1875 627 1958 latae
652 1876 881 1958 sententiae
907 1881 1010 1987 Cap.
1036 1881 1068 1960 2
1098 1873 1140 1957 h.
1173 1880 1202 1954 t.
1224 1873 1379 1980 Estque

202 2003 304 2088 haec
334 2009 709 2091 excommunicatio
740 2017 952 2091 reservata
983 2011 1157 2088 Summo
1189 2007 1379 2088 Pontifici

202 2139 312 2220 circa
328 2167 412 2239 eoS,
434 2143 506 2248 qui
523 2149 705 2248 tempore
728 2143 820 2223 belli
844 2144 1064 2223 venderent
1081 2167 1211 2240 arma,
1233 2166 1377 2246 equoS,

204 2271 374 2374 ferrum,
399 2283 439 2356 et
455 2275 743 2383 quodcumque
769 2274 897 2376 aliud,
927 2275 1035 2382 quod
1063 2273 1181 2354 bellis
1208 2273 1379 2378 agendis

203 2405 401 2489 inservire
431 2418 585 2517 posset.
624 2409 729 2518 Cap.
765 2415 809 2500 6,
835 2415 870 2487 et
897 2410 969 2500 17,
995 2407 1035 2485 h.
1073 2413 1102 2488 t.
1138 2409 1375 2515 Eoetrccap.

202 2540 292 2624 cod.
329 2544 392 2624 tit.
428 2551 464 2623 et
494 2543 623 2624 Balla
656 2543 830 2624 Coenae.

291 2679 353 2756 2.⁰
369 2677 443 2777 llli,
464 2681 533 2785 qui
548 2685 812 2786 ¹quocumque
829 2677 966 2772 modo,
993 2673 1164 2774 auxilio,
1190 2673 1252 2753 vel
1284 2699 1382 2753 con·
1541 2757 1544 2762 Δ

202 2807 296 2888 silio
328 2809 629 2892 Saracenorum
677 2809 783 2890 bella
828 2809 1070 2889 adiuvarent
1105 2805 1382 2887 severissimis

204 2943 347 3050 poenis
378 2943 510 3052 puniti
543 2951 654 3042 sunt,
700 2968 776 3022 ceu
808 2947 919 3047 patet
954 2967 1003 3020 ex
1043 2941 1111 3022 cit.
1156 2937 1376 3052 capitibus,

204 3084 246 3156 et
277 3103 331 3156 ece
359 3103 479 3188 capp.
520 3083 593 3169 11,
628 3085 664 3158 et
698 3079 771 3169 12,
807 3073 849 3154 b.
886 3080 914 3152 1.

293 3210 394 3289 Post
415 3209 515 3290 haec
540 3216 730 3317 superest
753 3205 993 3287 resolvenda
1014 3203 1216 3312 quaestio,
1241 3211 1382 3284 utrum

204 3342 230 3422 J
234 3343 367 3444 udaei,
388 3353 428 3426 el
444 3343 655 3444 Saraceni,
674 3371 749 3424 seu
762 3337 913 3449 pagani
935 3339 1086 3420 directe
1109 3338 1200 3443 cogi
1223 3337 1383 3442 possint

205 3477 257 3556 ad
281 3477 591 3585 suscipiendum
610 3477 881 3583 baptismum,
906 3480 946 3556 et
965 3472 1088 3553 fidem
1110 3468 1382 3567 catholicam?

207 3609 317 3691 Huic
362 3609 670 3718 interrogationi
714 3610 936 3718 respondet
977 3604 1168 3688 Maschat
1209 3603 1280 3684 lib.
1327 3602 1380 3703 V,

205 3743 269 3827 til.
314 3743 370 3825 VI
401 3745 451 3826 de
489 3745 662 3828 Judaets
695 3753 731 3826 et
771 3743 996 3827 Saracenis
1036 3747 1112 3822 etc.
1158 3767 1200 3819 a.
1244 3742 1289 3830 8,
1326 3779 1384 3798 ·-

207 3877 608 3987 ibi—‹Negative
640 3907 693 3960 ex
726 3905 818 3960 can.
846 3881 891 3970 3,
917 3884 953 3957 et
975 3879 1020 3967 5,
1046 3875 1087 3954 d.
1115 3874 1191 3973 45,
1216 3879 1253 3951 et
1275 3898 1310 3952 c.
1336 3875 1380 3961 9,

212 4010 291 4092 »a
338 4021 366 4094 1.
413 4021 449 4093 ct
491 4042 526 4097 c.
573 4017 617 4106 3,
663 4019 688 4117 ἓ
733 4013 825 4092 item
857 4011 906 4091 cle
937 4009 1146 4120 baptism„
1191 4004 1386 4086 continua

211 4147 393 4256 ›praxi,
445 4155 485 4229 et
525 4174 605 4228 usu
638 4145 863 4246 Ecclesiae,
904 4143 1023 4224 nobis
1060 4137 1381 4237 declarantibus

212 4282 504 4364 »voluntatem
546 4280 697 4362 Christi
741 4307 857 4381 esse,
893 4285 938 4359 ut
979 4275 1130 4384 cuique
1171 4273 1301 4354 libera
1331 4271 1386 4351 sit
