3178 5134
279 375 345 440 230
567 383 859 435 ruasnucrrouus
881 381 974 432 rums
998 379 1167 432 cruorum

173 539 178 550 ·
292 514 485 597 »nefario
515 513 690 595 scienter
720 520 892 594 matrem
923 519 963 592 et
992 511 1119 591 filiam
1150 511 1237 590 sive
1258 512 1364 592 duas
1384 538 1452 593 so·

294 685 311 724 »
333 675 446 731 rores
462 673 681 756 germanas
698 647 916 729 carnaliter
932 645 1169 752 cognoverit
1185 646 1345 726 etiamsi
1363 671 1448 744 eae,

295 808 526 865 »earumve
547 782 674 863 altera
694 781 883 889 publicae
914 779 1148 861 meretrices
1179 779 1344 880 luerint,
1368 779 1455 860 sive

295 915 440 998 »clam
479 913 566 995 sive
607 915 758 1022 palam,
803 923 875 994 aut
912 913 1048 1020 figura
1086 912 1335 994 matrimonii
1376 913 1456 993 tale

296 1049 488 1130 »crimen
510 1048 737 1148 admiserit,
761 1047 849 1128 sive
880 1047 1002 1128 etiam
1034 1073 1130 1130 cum
1160 1047 1289 1128 altera
1312 1073 1454 1128 earum

296 1183 515 1290 »legitimo
546 1183 809 1263 matrimonio
835 1182 1078 1290 conjunctus
1108 1181 1299 1279 extiterit,
1326 1207 1457 1288 poena

294 1316 468 1397 »ultimi
499 1316 691 1425 supplicii
723 1317 939 1424 plectatur.
971 1362 992 1376 -
1023 1316 1116 1409 Qua
1145 1315 1285 1396 itidem
1327 1339 1457 1422 poena

297 1449 485 1566 »mulier
514 1450 726 1558 puniatur,
750 1475 855 1557 quae
876 1448 1011 1530 sciens
1042 1457 1215 1530 matrem
1238 1461 1310 1529 aut
1329 1448 1456 1528 filiam

297 1616 314 1656 »
336 1583 399 1663 vel
416 1609 597 1663 sororem
619 1608 738 1662 suam
757 1608 852 1663 cum
873 1582 1010 1689 aliquo
1026 1582 1113 1662 viro
1136 1608 1221 1662 rem
1242 1580 1453 1680 habuisse,

297 1715 468 1796 »eidem
489 1715 576 1795 viro
608 1716 698 1823 ipsa
727 1741 889 1822 quoque
919 1715 984 1794 sui
1006 1714 1188 1821 corporis
1209 1715 1370 1821 copiam
1403 1713 1458 1793 le-

300 1847 453 1931 »oerit
486 1894 507 1908 -
537 1848 733 1930 Similiter
762 1848 971 1948 volumus,
1005 1871 1339 1954 unamquamque
1369 1873 1460 1926 mu·

299 1983 493 2083 »liercm,
518 1982 679 2064 etiamsi
711 1981 932 2088 instigante
962 1982 1133 2062 humani
1159 1980 1320 2088 generis
1343 1979 1459 2061 hoste
1570 2016 1571 2030 r

298 2143 385 2198 »eo
416 2116 625 2197 devenerit
666 2116 960 2224 impudentiae,
1005 2123 1051 2196 ut
1092 2143 1259 2223 corpore
1300 2115 1460 2222 publice

300 2257 556 2358 »quaestum
589 2250 725 2350 faciat,
759 2277 863 2359 quae
894 2277 989 2332 cum
1020 2257 1150 2358 patre,
1179 2259 1218 2330 et
1247 2249 1346 2349 filio,
1376 2247 1460 2328 sive

301 2409 435 2464 »cum
462 2383 626 2463 duobus
657 2385 865 2490 germanis
896 2383 1091 2464 fratribus
1111 2384 1287 2465 scienter
1307 2410 1352 2463 se
1373 2407 1461 2463 car·
1574 2383 1576 2462 ζ

301 2514 486 2595 »naliter
515 2517 834 2615 commiscuerit,
868 2517 954 2596 sive
976 2543 1001 2596 a
1021 2517 1240 2625 praedictis
1261 2513 1397 2598 sciens
1417 2541 1459 2596 se
1576 2540 1577 2552 ¹

303 2683 321 2724 »
342 2649 560 2730 carnaliter
580 2649 772 2755 cognosci
794 2649 1037 2757 permiserit,
1058 2651 1219 2731 etiamsi
1241 2677 1385 2731 eorum
1406 2648 1463 2728 al-

303 2782 417 2864 »teri
447 2782 629 2889 legitimo
660 2793 748 2863 toro
780 2783 971 2890 copulata
1002 2785 1135 2883 luerit,
1169 2811 1300 2892 poena
1330 2783 1460 2864 ultimi

304 2916 532 3024 »supplicii
573 2917 724 3024 puniri.
758 2961 779 2978 -
807 2917 931 3026 quue
971 2917 1095 2998 etiam
1126 2919 1168 2998 in
1203 2945 1297 2999 eum
1330 2918 1463 2997 virum

304 3087 320 3124 »
342 3051 552 3132 observari
574 3051 768 3132 volumus
789 3053 858 3160 qui
876 3051 1025 3154 scienS,
1049 3061 1207 3160 patrem
1225 3062 1296 3134 aut
1316 3053 1461 3150 filium,

305 3184 405 3264 »vel
429 3185 594 3266 fratrem
625 3211 750 3265 suum
782 3213 877 3267 cum
909 3186 1080 3267 muliere
1112 3187 1250 3294 aliqua
1278 3159 1465 3266 rem'ha-

302 3322 496 3420 »buisse,
521 3321 608 3428 ipse
638 3321 762 3401 etiam
793 3321 980 3402 eamdem
1011 3322 1224 3402 mulierem
1246 3321 1464 3403 carnaliter

305 3489 321 3526 »
342 3479 588 3560 cognoscere
609 3480 690 3534 non
711 3453 935 3535 erubuerit.
962 3487 1019 3529 ›-
1035 3455 1149 3538 Haeo
1169 3464 1306 3537 autem
1328 3455 1464 3536 omnia

300 3585 436 3666 locum
467 3584 633 3685 habent,
657 3587 821 3692 quando
843 3586 922 3667 tale
947 3587 1141 3676 delictum
1163 3591 1392 3670 admissum
1413 3591 1465 3668 sit

302 3709 486 3816 scienter,
522 3725 567 3796 ut
597 3727 735 3799 monet
765 3746 854 3829 cop.
896 3723 912 3798 l
950 3721 990 3802 t.
1027 3731 1074 3822 t,
1110 3724 1217 3804 unde
1248 3723 1467 3830 requiritur

303 3863 342 3931 et
372 3849 563 3932 voluntas
594 3859 633 3931 et
662 3852 856 3957 cognitio:
891 3857 1060 3962 proinde
1081 3857 1116 3936 si
1139 3857 1317 3938 foemina
1349 3858 1469 3938 luerit

305 4009 330 4062 a
359 3985 665 4091 consanguineo
697 3986 832 4066 mariti
872 3991 1056 4096 pervim
1097 3990 1273 4096 cognita,
1309 4017 1358 4071 ea
1389 4017 1470 4071 non

303 4116 475 4198 incurrit
514 4107 868 4224 impedimentum,
912 4149 1007 4204 cum
1048 4150 1195 4231 expers
1235 4123 1379 4231 culpae
1420 4124 1470 4204 sit

305 4235 466 4358 quoque
486 4277 642 4358 poenae
664 4277 825 4359 expers.
847 4255 902 4337 Ut
919 4281 1014 4336 vero
1036 4255 1152 4338 docet
1173 4255 1239 4338 hic
1260 4257 1470 4337 Solimalz-
