3136 5138
414 451 523 501 risun
545 451 590 499 iv.
614 467 635 480 -
658 449 797 502 annuus
821 453 865 500 v1.
1167 440 1230 502 179

83 605 160 659 curn
188 578 285 658 haec
315 578 448 658 valeat
477 586 666 685 reputare
698 577 868 659 alteram
898 590 1071 687 partein,
1110 605 1159 660 ao
1188 583 1222 660 si

80 713 150 820 jam
176 697 432 793 valediirisset
462 713 668 820 prioribus
698 713 975 824 sponsalibus,
1011 715 1068 794 At
1105 717 1224 796 tertio

84 849 220 928 videtur
239 846 359 953 long'e
381 846 633 954 probabilius
653 873 726 955 per
746 855 887 928 votum
908 847 1080 955 simplex
1102 847 1226 927 easti-

83 979 158 1060 tatis
172 1007 250 1061 non
267 979 435 1059 dissolvi
451 981 661 1087 sponsalia
676 981 960 1061 antecedenter
977 980 1092 1079 inita,
1128 981 1225 1088 quia

83 1139 121 1191 en
147 1139 224 1193 una
244 1121 358 1221 parte
380 1140 462 1193 non
482 1122 615 1220 potest
637 1113 730 1220 quis
751 1113 937 1219 quaesito
954 1113 1124 1194 alterius
1141 1113 1223 1220 juri

84 1247 352 1352 praejudicare,
390 1256 430 1328 et
460 1273 510 1327 ex
542 1247 670 1328 altera
699 1273 781 1326 non
812 1247 974 1328 videtur
1013 1247 1126 1328 Deus
1157 1273 1228 1328 ao-

83 1391 219 1486 oeptare
250 1390 393 1462 votum
423 1381 473 1461 de
504 1407 547 1460 re
573 1381 660 1488 jam
691 1381 805 1462 alteri
827 1383 1031 1490 promissa
1050 1383 1093 1462 in
1109 1409 1227 1489 prae-

81 1513 258 1617 judieium
290 1514 425 1595 istius.
460 1513 603 1622 Neque
635 1515 795 1597 dicatur
824 1516 920 1596 huio
951 1543 1034 1596 non
1053 1515 1141 1595 fieri
1163 1515 1225 1594 in·

79 1647 221 1752 juriarn,
257 1675 353 1728 curn
384 1647 477 1756 quis
508 1648 705 1754 cogitaret
734 1651 783 1730 de
805 1649 962 1730 meliori
984 1657 1110 1748 statu;
1130 1677 1225 1730 nani

85 1779 149 1860 hoo
171 1782 275 1862 valet
305 1791 467 1892 tantum
498 1782 547 1862 de
578 1789 689 1862 statu
720 1783 927 1890 religiose,
972 1809 1054 1862 non
1085 1791 1224 1863 autern

85 1913 125 1993 de
149 1915 318 2024 simplici
350 1924 443 1997 voto
474 1916 689 2016 castitatis
713 1925 835 2023 prout
855 1916 897 1996 in
914 1915 1128 2025 hypothesi
1151 1945 1227 1997 nos

87 2045 272 2154 fingimuS,
307 2050 379 2130 sed
410 2051 451 2128 in
483 2048 559 2130 hoo
580 2048 810 2156 applicatur
829 2050 1076 2158 principium
1097 2049 1225 2148 aliud,

88 2208 207 2290 nempe
236 2190 335 2264 vota
363 2183 450 2263 fieri
481 2184 530 2264 de
561 2182 725 2292 proprio
757 2209 838 2265 non
869 2183 919 2264 de
951 2183 1083 2264 alieno
1106 2191 1229 2292 prout

86 2325 174 2396 esset
201 2317 243 2396 in
275 2343 390 2398 oasu.
