3386 5126
1393 30 1670 149 πῃ

379 292 443 360 156
681 307 951 356 ratmucmouus
972 309 1064 357 sutus
1087 309 1247 358 ememor

292 457 296 468 '
376 438 584 520 Ecclesias
626 439 727 517 satis
768 435 1011 543 locupleteS,
1060 436 1100 516 in
1142 437 1297 544 quibus
1339 438 1557 524 facultates

376 575 428 654 ad
458 571 569 653 hunc
599 570 847 677 magistrum
879 568 1214 652 constituendum
1248 571 1436 654 sufficere
1472 601 1553 681 po-

375 708 567 790 tuissent.

459 841 503 921 ld
519 837 756 948 perduravit
779 865 909 946 usque
930 838 982 919 ad
1003 837 1174 920 Concilii
1197 839 1425 921 Tridentini
1449 847 1554 922 tem-

372 999 488 1082 pora.
523 975 613 1055 Hoc
644 972 753 1053 enim
785 969 1013 1053 Concilium
1044 998 1144 1053 sess.
1168 975 1247 1066 23,
1276 973 1379 1084 Cap.
1415 976 1470 1055 18
1501 975 1553 1057 de

373 1107 609 1216 Resormat.
644 1113 801 1203 sancte,
835 1131 883 1187 ac
913 1105 1135 1187 salubriter
1165 1105 1326 1206 indixit,
1349 1115 1396 1188 ut
1425 1109 1552 1190 semi-

374 1241 490 1321 naria
519 1239 770 1322 Clericorum
801 1239 842 1320 in
874 1239 1069 1320 omnibus
1099 1239 1297 1322 Ecclesiis
1317 1239 1546 1324 Cathedra-

372 1375 483 1455 libus
524 1373 792 1481 erigerentur,
832 1373 970 1482 ibique
1012 1373 1304 1457 adolescentuli
1342 1375 1548 1457 alerentur

370 1507 610 1616 sumptibus
631 1508 816 1615 ipsorum
847 1507 1182 1610 seminariorum‚
1217 1513 1257 1588 et
1287 1509 1366 1588 sub
1397 1510 1543 1608 oculis,

371 1669 420 1723 ac
450 1641 671 1722 directione
712 1641 903 1750 Episcopi
945 1641 986 1721 in
1023 1642 1172 1722 studiis
1215 1642 1539 1724 instituerentur.

370 1774 514 1855 Voluit
544 1781 680 1854 tamen
723 1774 831 1854 idem
876 1781 1188 1856 sacrosanctum
1220 1773 1463 1876 Concilium,
1499 1785 1544 1857 ut

368 1908 410 1989 in
450 1909 563 1991 hisce
609 1909 844 1990 seminariis
891 1909 1205 1990 admitterentur
1250 1909 1543 1989 adolescentuli

366 2069 570 2152 pauperes
592 2044 724 2124 bonae
755 2041 920 2143 indolis,
940 2043 1009 2150 qui
1032 2069 1148 2151 spem
1180 2043 1310 2124 bonae
1342 2048 1542 2149 expecta-

366 2177 491 2259 tionis
520 2177 830 2287 praeseferrent,
872 2183 911 2258 et
941 2185 1079 2258 essent
1110 2204 1159 2258 ex
1189 2176 1371 2284 legitimo
1402 2176 1543 2256 matri-

366 2312 504 2391 monio
536 2309 635 2408 nati,
672 2317 710 2390 et
742 2312 794 2390 12
825 2334 1027 2389 annorum
1060 2309 1206 2391 aetatis
1238 2308 1384 2408 forent,
1419 2315 1539 2416 atquc

365 2443 516 2524 scirent
546 2443 695 2550 legere,
730 2449 770 2522 et
800 2443 994 2525 scribere.
1031 2443 1155 2524 Haud
1197 2441 1375 2524 exclusit
1404 2449 1540 2524 tamen

364 2577 469 2658 filios
500 2577 691 2675 divitum,
722 2576 843 2657 modo
874 2578 965 2664 suis
988 2578 1226 2686 sumptibus
1257 2577 1477 2658 alerentur.

449 2711 506 2791 Ut
526 2719 666 2790 autem
698 2709 1047 2792 administrationi
1079 2737 1220 2792 rerum
1250 2709 1537 2818 temporalium

363 2842 596 2939 Seminarii,
624 2851 663 2924 et
684 2841 926 2926 institutioni
948 2844 1201 2927 Clericorum
1234 2844 1532 2944 consuleretur,

361 2974 504 3057 statuit
535 2975 641 3057 idem
674 2976 842 3058 Concilii
874 2977 1161 3060 Tridentinum
1200 2978 1337 3060 varias
1377 2973 1537 3084 species
1662 3041 1663 3045 t

361 3109 664 3216 deputatorum,
702 3119 742 3194 et
771 3112 1012 3220 praesertim
1043 3113 1173 3194 voluit
1205 3113 1312 3194 duos
1342 3111 1395 3194 de
1426 3107 1538 3216 capi·
1661 3103 1662 3117 '

360 3241 446 3324 tulo
477 3245 755 3326 adsumendos
797 3273 902 3344 esse,
947 3273 1123 3354 quorum
1165 3273 1276 3328 unus
1317 3243 1539 3351 eligeretur

359 3376 411 3458 ab
443 3381 532 3487 ipso
563 3380 785 3488 Episcop0,
819 3380 922 3461 alter
953 3407 1049 3462 vero
1081 3382 1133 3461 ab
1165 3382 1255 3488 ipso
1286 3377 1415 3460 Claro.
1448 3375 1539 3456 Ho-

358 3535 451 3590 rum
492 3513 782 3618 deputatorum
813 3513 986 3595 consilio
1027 3514 1086 3596 uti
1129 3514 1248 3596 debet
1283 3511 1532 3620 Episcopus

357 3641 455 3749 quin
487 3651 675 3724 teneatur
706 3644 806 3727 illud
837 3648 970 3755 sequi,
1004 3674 1079 3728 ceu
1111 3647 1250 3729 docuit
1271 3647 1316 3727 S.
1353 3643 1536 3748 Congre-
1641 3735 1642 3742 Ν

356 3775 467 3883 gatio
498 3775 668 3859 Concilii
709 3779 751 3860 in
787 3779 996 3862 Fundano
1036 3785 1097 3866 26
1129 3783 1284 3864 Martii
1324 3779 1459 3867 1688,
1495 3783 1534 3855 et
1641 3869 1642 3876 Ν

355 3907 453 4017 quin
486 3909 551 3990 isti
586 3911 769 4020 deputati
813 3913 968 4021 aliquid
1010 3913 1225 4023 disponere
1265 3929 1533 4021 praesumere

354 4047 517 4128 valeant
538 4047 695 4156 absque
716 4047 938 4157 Episcop0,
957 4073 1032 4130 ceu
1065 4049 1215 4158 pariter
1245 4043 1410 4129 tradidit
1441 4041 1534 4122 lau·

354 4177 450 4262 data
465 4181 738 4288 Congregatio
761 4184 803 4263 in
822 4183 1037 4266 Ariminen
1053 4184 1109 4265 16
1126 4183 1228 4266 Feb.
1250 4183 1385 4264 1609.
1406 4175 1534 4258 Nunc
