3136 5138
430 383 539 436 arena
561 384 608 432 nr.
634 401 655 415 -
678 383 816 434 rnunns
840 384 887 433 rv.
1184 369 1248 452 129Ι

111 507 230 590 »Sede
249 508 357 592 anxii
380 509 654 618 postularunt,
682 537 735 591 an
756 537 808 592 ex
830 520 924 593 actu
945 511 1054 593 oivili
1076 511 1145 619 qui
1167 510 1242 590 ho·

15 669 17 728 t
111 643 352 724 ›norandum
383 651 558 751 usurpat·
597 643 848 724 matrimonii
887 671 1036 726 nomen
1068 643 1242 752 impedi-

15 829 17 866 ί
110 782 301 856 >mentum
341 775 526 882 justitiae
566 775 755 886 publicae
795 776 1020 858 honestatis
1061 776 1236 858 oriatur.

15 965 16 1012 Τ
109 907 237 1000 »Quae
256 908 551 1016 postulationes
571 887 668 990 eum
688 909 856 990 iteratae
888 909 1107 1017 postremis
1128 901 1241 991 hisee

15 1027 17 1110 l
108 1043 374 1152 »temporibus
395 1042 584 1142 fuissent,
606 1045 806 1124 Summus
822 1042 1014 1124 Pontifex
1030 1043 1242 1125 mandavit

15 1157 16 1238 Ᾰ
109 1183 174 1254 »ut
214 1173 447 1282 hujusmodi
494 1175 705 1284 negotium
751 1201 776 1254 a
821 1177 864 1256 S.
914 1175 1239 1282 Congregatione

111 1307 316 1388 »Eliorum
337 1334 385 1389 ae
405 1308 609 1389 Rnlorum
631 1307 910 1389 Cardinalium
932 1308 1100 1389 Concilii
1122 1307 1236 1389 Trid.

109 1437 387 1548 »interpretum
417 1441 492 1520 rite
523 1467 571 1522 ac
601 1439 745 1520 sedulo
777 1441 1088 1548 expenderetur.
1114 1441 1244 1521 Sacra

108 1579 254 1654 »autom
284 1573 557 1682 Congregatio
590 1573 805 1682 exquisitis
838 1574 1020 1655 virorum
1051 1575 1092 1654 in
1123 1574 1238 1654 theo-

108 1702 258 1812 »logieis
279 1717 318 1789 et
339 1699 547 1789 canonisis
577 1703 803 1816 disciplinis
825 1707 1049 1815 peritorum
1070 1707 1239 1788 oonsul-

108 1839 354 1940 »tati0nibus,
378 1867 426 1921 ae
448 1867 490 1920 re
511 1847 671 1921 mature
692 1841 882 1921 discussa
902 1841 944 1920 in
966 1839 1144 1948 generali
1166 1866 1236 1921 oo·

107 1972 232 2054 »nitio
256 1975 338 2054 diei
362 1979 414 2056 13
436 1977 592 2055 Martii
617 1975 725 2056 1879
754 1975 986 2084 propositae
1017 1975 1129 2056 dubii
1162 1975 1242 2054 lor·

107 2108 269 2190 »mulae
287 2155 308 2168 -
324 2109 393 2188 An
413 2116 531 2190 aetus
554 2109 622 2217 qui
645 2109 769 2216 vulgo
796 2110 911 2190 audit
931 2109 1240 2190 matrimonium

107 2239 253 2338 »civile
287 2242 421 2348 pariat
452 2242 790 2351 impedimentum
826 2242 1010 2348 justitiae
1050 2241 1239 2351 publicae

15 2423 16 2464 ;
106 2369 360 2484 »honestatis
394 2421 414 2436 -
444 2373 684 2484 Rescripsit:
719 2420 740 2436 -
768 2375 983 2482 Negative:
1019 2383 1058 2457 et
1092 2403 1243 2456 oonsu-

106 2502 285 2588 »lendum
316 2509 445 2589 SSmo
477 2519 521 2590 ut
551 2509 591 2590 id
627 2508 832 2589 declarare
873 2536 921 2590 aa
960 2516 1140 2589 statuere
1181 2509 1242 2589 di-

106 2647 280 2742 »gnetur
313 2685 335 2700 ·
365 2640 624 2748 Quapropter
653 2641 811 2722 ssnus
848 2640 1052 2721 Dominus
1093 2640 1243 2722 Noster

106 2770 204 2852 »Leo
234 2773 348 2882 Papa
366 2775 458 2854 XIII
489 2775 631 2856 audita
662 2774 854 2856 universa
884 2775 941 2854 rei
971 2775 1167 2856 relatione
1201 2775 1242 2854 in
1317 2814 1321 2823 ·

106 2907 328 2988 »audientia
357 2908 440 2988 diei
465 2911 515 2990 17
539 2908 715 3016 ejrrsclem
747 2910 891 2988 niensis
923 2909 964 2988 in
995 2917 1090 2990 voto
1122 2909 1167 2989 S.
1193 2909 1240 2990 C.

106 3065 119 3103 ³>
135 3042 346 3122 concedens
367 3067 440 3149 per
458 3067 655 3149 praesens
671 3025 879 3122 decretum
897 3042 1139 3123 declaratae
1159 3049 1246 3121 sta-

107 3171 200 3253 ›tuit
228 3184 600 3282 praememoratum
641 3183 794 3278 aetum,
828 3176 897 3284 qui
929 3176 1054 3282 vulgo
1095 3174 1246 3254 dieitur

15 3409 16 3412 p
106 3307 425 3390 »matrimonium
443 3309 576 3410 oivile,
591 3309 633 3390 in
649 3309 749 3391 loeis
767 3310 838 3430 ubi
857 3309 1162 3417 promulgatum
1180 3315 1243 3388 est

106 3435 328 3522 »decretum
358 3441 485 3522 Cone.
511 3443 626 3525 Trid.
651 3469 745 3524 sess.
768 3444 824 3522 24
841 3470 931 3554 rap.
957 3445 974 3521 l
997 3441 1046 3522 cle
1067 3441 1238 3549 reform.

106 3577 299 3657 »nrolrr'm
320 3575 408 3655 sive
437 3576 578 3659 fideles
610 3585 749 3658 aetum
780 3577 918 3684 ipsum
950 3575 1160 3682 explentes
1182 3574 1241 3654 in·

105 3708 288 3791 »tendant
323 3711 383 3792 uti
419 3737 495 3820 par
530 3719 606 3814 est,
647 3709 927 3820 (matrimonio
962 3708 1240 3791 ecclesiastico

105 3866 117 3902 ›
130 3835 205 3942 jam
234 3843 307 3924 rite
339 3844 560 3946 celebrate,
589 3843 652 3926 rel
684 3871 779 3925 eum
811 3844 949 3926 animo
980 3827 1081 3923 illud
1112 3867 1242 3949 quan·

104 3975 253 4058 »tocius
282 3978 534 4088 celebrandi)
566 4005 723 4060 meram
753 3967 1053 4060 coeremoniam
1080 3973 1243 4055 civilem

15 4181 16 4224 ,
105 4133 117 4170 »
132 4132 328 4222 peragere,
343 4115 431 4194 sive
448 4115 659 4196 intendant
675 4113 885 4221 sponsalia
900 4113 949 4192 de
968 4111 1105 4192 futuro
1123 4110 1243 4210 inire,

15 4227 16 4248 ‘
104 4239 209 4324 »sive
236 4247 400 4328 tandem
432 4275 483 4330 ex
515 4247 759 4356 ignorantia,
797 4246 938 4328 autin
971 4253 1247 4356 spretum‘eo·

103 4371 442 4462 ›elesiastioarum
464 4379 603 4488 legum
624 4381 840 4462 intendant
866 4378 1173 4461 matrimonium
1197 4376 1246 4455 de

228 4533 253 4578 Τ.
266 4535 308 4579 111.
322 4547 335 4562 ·
349 4535 376 4580 1³.
389 4535 411 4579 1.
1079 4533 1092 4576 9
