3388 5136
554 413 656 457 menn
678 413 709 457 v.
736 427 777 442 -
801 413 940 460 ‘ernanus
962 414 1010 459 111.
1313 395 1376 462 101

197 540 297 620 citer
327 537 565 643 contingere
583 546 728 644 potest,
756 537 941 618 videlicet
962 539 1258 641 antecedenter,
1284 567 1377 623 con-

198 673 455 772 comitanter,
474 681 514 752 et
530 678 829 780 consequenter,
848 671 995 780 dequo
1017 672 1168 781 pariter
1185 673 1372 757 inferius.

285 807 464 889 Additur
484 808 649 888 tandem
674 807 715 886 in
736 805 970 886 definitione
988 809 1121 918 pretio
1142 809 1373 918 temporali,

196 969 404 1051 per-quae
435 942 561 1022 verba
602 967 682 1020 non
724 947 885 1021 tantum
921 940 1162 1047 intelligitur
1201 942 1378 1049 pecunia

197 1087 428 1176 numerata,
469 1075 545 1166 sed,
583 1073 735 1174 omniS,
774 1082 814 1154 et
853 1073 943 1154 sola
983 1100 1269 1184 quaecumque
1313 1103 1376 1157 res

196 1211 447 1319 temporaliS,
485 1235 591 1318 quae
623 1209 744 1289 datur
774 1234 846 1316 pro
878 1235 921 1288 re
951 1209 1174 1316 spirituali,
1210 1209 1272 1290 vel
1293 1209 1378 1318 spi-

197 1345 333 1426 rituali
368 1371 544 1424 annexa.
581 1341 690 1421 Hinc
716 1341 825 1422 sicut
844 1343 924 1422 sub
946 1341 1113 1422 nomine
1141 1341 1374 1449 emptioniS,

197 1490 235 1562 et
266 1479 513 1561 venditionis
546 1476 786 1582 intelligitur
815 1475 952 1556 omnis
973 1485 1211 1558 contractus
1234 1504 1378 1558 onero-

196 1641 285 1713 sus,
320 1625 360 1695 et
391 1614 598 1718 utrimque
639 1609 924 1716 obligatoriuS,
967 1637 1042 1692 ceu
1084 1609 1276 1717 superius
1318 1611 1378 1692 vi-

197 1749 350 1844 dimus,
388 1746 444 1826 ita
474 1745 540 1825 hic
571 1746 650 1825 sub
683 1746 848 1824 nomine
891 1743 1008 1852 pretii
1051 1743 1162 1824 venit
1207 1745 1378 1852 quaevis

197 1909 263 1960 res
294 1880 530 1988 temporalis
562 1879 692 1987 pretio
725 1878 1008 1978 aestimabilis,
1039 1885 1078 1958 et
1099 1879 1276 1960 afferens
1298 1879 1378 1961 uti·
1467 1923 1469 1931 <

196 2017 352 2096 litatem
383 2015 665 2122 temporalem,
701 2015 750 2093 de
771 2040 852 2121 quo
875 2013 1026 2120 pariter
1047 2013 1220 2095 inferius
1243 2014 1378 2095 fusius

197 2151 431 2258 loquemur.
795 2229 799 2238 ,

284 2283 377 2386 Ipsa
407 2285 469 2358 est
501 2283 714 2384 peccatum
746 2301 798 2354 ex
829 2303 977 2382 genere
1012 2305 1109 2358 suo·
1132 2279 1305 2358 mortale
1336 2288 1376 2360 et

195 2414 507 2518 gravissimum,
557 2409 730 2517 eiusque
772 2409 926 2491 malitia
968 2410 1200 2491 essentialis
1241 2411 1283 2490 in
1324 2437 1373 2492 eo

195 2545 398 2644 consistit,
448 2543 557 2650 quod
604 2569 669 2622 res
715 2569 858 2644 sacra,
894 2569 942 2624 ac
991 2543 1220 2651 spiritualis
1272 2543 1377 2624 indi·

196 2705 289 2784 gne,
316 2789 317 2794 Ν
347 2685 467 2783 atque
518 2677 744 2784 irreligiose
786 2685 996 2780 tractetur,
1040 2680 1140 2759 dum
1182 2679 1224 2758 in
1266 2704 1379 2759 oom-

197 2812 468 2893 mutationem
501 2809 676 2891 trahitur
707 2839 781 2920 pro
812 2839 855 2891 re
882 2813 1112 2921 temporali,
1138 2812 1307 2919 perinde
1330 2839 1378 2894 ao

195 2948 231 3028 si
262 2956 346 3029 tam
380 2947 473 3040 vilis
505 2947 570 3046 sit,
608 2953 654 3028 ut
684 2947 813 3027 instar
835 2947 1123 3054 temporalium
1147 2973 1286 3028 rerum
1308 2973 1378 3027 ve-

196 3083 300 3163 nalis
331 3082 502 3189 proponi
536 3082 683 3189 possit.
706 3125 751 3136 -
781 3081 880 3171 Quis
912 3081 1017 3159 enim
1038 3107 1119 3160 non
1142 3081 1221 3160 cite
1235 3086 1374 3190 putet,

195 3216 303 3325 quod
332 3219 512 3298 emitur?
547 3217 646 3307 Quis
679 3221 894 3307 veneretur
920 3213 1028 3322 quod
1061 3213 1281 3294 uenditur?
1307 3215 1378 3294 Ait

194 3351 419 3431 Hormisda
450 3349 642 3431 Pontifex
665 3348 707 3428 in
729 3347 902 3455 epistola
923 3348 974 3427 ad
1002 3345 1231 3453 Episcopos
1252 3347 1372 3452 Hisp.

517 3616 581 3695 De
612 3613 811 3695 diuisione
840 3614 1055 3716 simoniae,

283 3883 471 3965 Simonia
488 3884 605 3965 iuxta
621 3883 895 3992 pragmaticos
912 3884 1061 3992 duplex
1077 3891 1155 3983 est,
1175 3908 1260 3962 una
1272 3881 1378 3989 juris

195 4021 424 4120 naturalis,
471 4029 507 4100 et
544 4021 717 4121 Dinini,
760 4021 889 4100 altera
916 4019 1033 4126 juris
1075 4017 1374 4098 Ecclesiastici.

196 4157 255 4236 lta
286 4154 400 4238 Glos.
436 4157 479 4234 tn
514 4156 616 4265 Cup.
646 4155 748 4234 Cum
775 4153 938 4264 pridem
970 4152 1019 4234 de
1049 4152 1194 4232 Poetis
1226 4179 1262 4231 c.
1287 4149 1380 4230 Illi·

198 4289 316 4390 citoe,
336 4299 372 4368 et
390 4290 432 4370 in
453 4291 557 4399 Cup.
573 4289 648 4370 Eos
657 4295 781 4400 perte
797 4287 846 4368 de
865 4287 1013 4396 Officio
1030 4285 1207 4394 delegati
1231 4285 1278 4366 V.
1299 4285 1380 4367 Dt-

197 4424 368 4506 mittere.
405 4423 593 4505 Simonia
617 4423 724 4531 juris
757 4421 973 4522 naturalis,
1009 4429 1048 4502 et
1078 4419 1234 4519 Divini,
1268 4417 1377 4524 quod
