3360 5126
350 362 416 430 2'12
659 380 931 428 rnauunomouus
954 380 1046 428 rame
1069 379 1223 426 cesoma

348 513 466 616 raptu
492 505 601 588 enirn
622 513 744 614 prout
765 515 827 586 est
847 505 1188 614 impedimentum
1220 505 1417 587 dirimens
1438 532 1544 586 ma-

347 641 528 722 trimonii
560 647 697 722 aetum
725 640 812 747 jam
845 640 923 721 fuit
954 641 1024 721 lib.
1061 643 1105 732 4,
1140 647 1170 722 t.
1208 644 1270 722 1.⁰

406 775 568 882 Raptus
609 799 879 883 personarum
922 772 965 854 in
1006 773 1148 855 ordine
1189 773 1240 853 ad
1281 771 1540 880 explendam
1632 802 1641 905 p

345 907 555 991 libidinem
577 907 776 988 delinitur
791 953 850 970 -
866 908 1042 988 uiolenta
1065 907 1253 1016 oirpinis,
1279 907 1342 987 ael
1356 906 1539 988 alterius
1635 907 1641 1038 l

346 1042 633 1150 cujuscumque
663 1039 853 1120 honestae
881 1041 1099 1151 foeminae
1129 1037 1318 1121 abductio
1359 1038 1408 1119 de
1441 1040 1536 1120 loeo
1640 1053 1641 1060 ‘

346 1175 402 1255 ad
432 1175 563 1255 locam
588 1174 803 1255 moraliter
823 1172 1029 1255 diuersum
1052 1173 1235 1255 libidinis
1256 1172 1531 1276 eaereendae,
1640 1197 1641 1200 ‘

345 1317 467 1416 atque
495 1307 725 1419 emplendae
754 1333 897 1390 caasa.

404 1441 464 1521 De
480 1441 574 1549 jure
599 1441 885 1523 Romanorum
914 1449 1059 1549 raptus
1080 1441 1148 1522 bio
1174 1464 1463 1549 personarum,
1491 1451 1532 1520 et

343 1575 585 1682 praesertim
612 1574 813 1655 foeminae
844 1575 1091 1683 eonjugatae
1124 1571 1372 1681 puniebatur
1393 1597 1530 1679 poena

343 1706 505 1805 mortis,
539 1717 697 1789 remota
726 1708 1017 1817 appellatione,
1043 1715 1082 1789 et
1103 1705 1281 1814 raptoris
1312 1706 1422 1786 bona
1453 1733 1527 1814 ap-

343 1841 604 1949 plicabantur
633 1850 774 1950 raptae
804 1841 1030 1950 ingenuae,
1055 1869 1138 1924 non
1166 1849 1303 1922 tamen
1334 1841 1520 1940 ancillae,

342 1973 405 2054 vel
437 1973 667 2057 libertinae.
704 1977 803 2084 Lep.
833 1977 928 2056 anie
962 1975 1064 2058 coa.
1090 1975 1140 2056 de
1160 1975 1299 2084 Rapta
1331 1975 1518 2083 airpinrir.

342 2105 403 2188 De
429 2106 522 2215 jure
554 2115 691 2188 autem
713 2107 937 2206 CanonieO,
962 2133 1066 2216 quas
1087 2133 1243 2216 poenas
1274 2107 1522 2188 seeumlerat
1640 2213 1641 2224 Ν

343 2249 487 2349 raptus
518 2242 742 2351 explendae
774 2242 954 2323 libidinis
986 2268 1114 2324 eausa
1144 2241 1410 2342 commissus
1436 2267 1517 2322 non
1640 2227 1641 2248 Ν

343 2376 593 2457 conveniunt
614 2377 719 2457 inter
733 2404 778 2458 se
794 2376 884 2458 DD.
901 2375 1092 2458 Maschat
1114 2375 1155 2456 h.
1173 2384 1201 2455 t.
1218 2405 1259 2457 n.
1282 2377 1326 2456 4.
1347 2401 1450 2486 resp.
1470 2379 1514 2457 3.

343 2509 478 2588 ait-
497 2509 624 2593 Nihil
643 2515 745 2592 eerti
764 2511 909 2619 eollipo
942 2537 995 2590 ea
1016 2510 1235 2592 canonibus
1242 2541 1258 2609 ‚·
1281 2538 1332 2591 ae
1345 2509 1516 2622 proinde

342 2645 588 2726 attendenda
616 2645 776 2726 uidetur
806 2645 1047 2726 consuetudo
1068 2649 1224 2756 optima
1250 2647 1414 2753 janiam
1443 2643 1517 2725 da·

341 2777 500 2858 bionum
532 2783 751 2888 interpres;
800 2779 988 2860 nonnulli
1020 2807 1117 2862 vero
1157 2781 1411 2879 existimant,
1444 2779 1517 2861 bas
1639 2777 1640 2784 ‘

339 2935 496 3017 poenas
527 2910 568 2990 in
588 2910 666 2992 hoe
691 2937 790 2994 casu
814 2911 982 3015 incurri,
1007 2913 1162 2996 seilicet
1184 2916 1518 2996 exeommunica-

340 3042 512 3144 tionem‚
532 3043 566 3124 si
589 3054 727 3152 raptor
742 3055 804 3128 est
824 3047 968 3146 laieuS,
994 3049 1028 3127 si
1052 3074 1152 3129 vero
1174 3048 1347 3130 clericus
1375 3049 1518 3158 degra-

339 3175 545 3259 dationem
578 3182 630 3260 ab
651 3179 795 3260 ordine
821 3181 1017 3262 elerieali.
1044 3184 1103 3263 lta
1133 3183 1239 3266 Can.
1270 3185 1308 3263 1.
1343 3193 1381 3266 et
1406 3212 1514 3295 seqq.

340 3335 450 3391 eaas.
486 3315 562 3404 36,
597 3342 636 3421 q.
676 3316 753 3406 12,
778 3320 815 3393 et
841 3314 945 3422 Cap.
973 3317 1017 3406 4,
1043 3315 1092 3394 de
1122 3315 1256 3426 Parp.
1291 3317 1514 3400 Canoniea.

395 3441 558 3550 Raptus
590 3471 687 3526 vero
718 3471 873 3544 rerum,
908 3471 983 3527 seu
1015 3447 1162 3555 rapina
1183 3449 1338 3549 striete,
1363 3459 1403 3531 et
1423 3477 1518 3558 pro·

338 3575 425 3680 prie
455 3585 624 3683 sumpta
654 3578 813 3658 deliniri
836 3587 970 3686 potest
994 3627 1039 3638 -
1076 3581 1230 3688 injusta
1263 3587 1325 3664 rei
1354 3583 1518 3664 alienae
1637 3559 1638 3570 l

338 3707 523 3800 mobilis,
568 3709 631 3789 ael
669 3715 905 3792 semoventis
948 3713 1106 3795 ablatio
1140 3739 1220 3824 per
1261 3715 1342 3794 aim
1381 3718 1509 3820 saeta.

394 3839 600 3949 Antiquae
621 3841 946 3927 Constitutiones
968 3850 1102 3955 quoad
1127 3850 1243 3933 hune
1263 3857 1426 3960 raptum
1455 3849 1514 3931 rei

314 3974 494 4057 'alienae
524 3977 831 4078 obsoleverunt,
866 4007 961 4061 eum
993 3982 1104 4090 leges
1136 3985 1281 4066 civiles
1315 3985 1436 4066 hodie
1467 3985 1517 4065 de

335 4104 413 4190 hoc
443 4109 642 4192 caverint:
677 4112 875 4193 remansit
905 4125 1042 4197 tamen
1075 4142 1207 4223 poena
1228 4117 1518 4200 exeommuni-

336 4241 510 4322 eationis
542 4243 734 4326 ferendae
764 4247 991 4328 sententiae
1013 4250 1065 4330 ab
1088 4249 1294 4360 Episcopo
1325 4251 1419 4350 loni,
1445 4251 1516 4332 ubi

336 4371 481 4480 rapina
511 4377 739 4459 commissa
770 4378 860 4482 luit,
885 4381 1006 4488 eujus
1028 4383 1231 4466 absolutio
1254 4385 1383 4466 eidem
1415 4383 1517 4491 Epi-
