<?xml version="1.0" encoding="UTF-8"?>
<!DOCTYPE html PUBLIC "-//W3C//DTD XHTML 1.0 Transitional//EN"
    "http://www.w3.org/TR/xhtml1/DTD/xhtml1-transitional.dtd">
<html xmlns="http://www.w3.org/1999/xhtml" xml:lang="en" lang="en">
 <head>
  <title>
</title>
<meta http-equiv="Content-Type" content="text/html;charset=utf-8" />
  <meta name='ocr-system' content='tesseract 3.04.00' />
  <meta name='ocr-capabilities' content='ocr_page ocr_carea ocr_par ocr_line ocrx_word'/>
</head>
<body>
  <div class='ocr_page' id='page_1' title='image "./praelectionesju00angegoog/praelectionesju00angegoog_0480.png"; bbox 0 0 3388 5136; ppageno 0'>
   <div class='ocr_carea' id='block_1_1' title="bbox 560 406 1377 475">
    <p class='ocr_par' dir='ltr' id='par_1_1' title="bbox 560 406 1377 475">
     <span class='ocr_line' id='line_1_1' title="bbox 560 406 1377 475; baseline 0.006 -5"><span class='ocrx_word' id='word_1_1' title='bbox 560 425 659 470; x_wconf 78' lang='lat' dir='ltr'>emsa</span> <span class='ocrx_word' id='word_1_2' title='bbox 682 427 715 472; x_wconf 84' lang='lat' dir='ltr'>v.</span> <span class='ocrx_word' id='word_1_3' title='bbox 741 443 783 454; x_wconf 93' lang='lat'><em>-</em></span> <span class='ocrx_word' id='word_1_4' title='bbox 807 425 947 473; x_wconf 82' lang='lat' dir='ltr'>mrunus</span> <span class='ocrx_word' id='word_1_5' title='bbox 969 428 1019 472; x_wconf 89' lang='lat'>111.</span> <span class='ocrx_word' id='word_1_6' title='bbox 1313 406 1377 475; x_wconf 74' lang='lat' dir='ltr'>ll?</span> 
     </span>
    </p>
   </div>
   <div class='ocr_carea' id='block_1_2' title="bbox 197 550 1382 4545">
    <p class='ocr_par' dir='ltr' id='par_1_2' title="bbox 202 550 1381 1201">
     <span class='ocr_line' id='line_1_2' title="bbox 204 550 1381 652; baseline 0.001 -18"><span class='ocrx_word' id='word_1_7' title='bbox 204 550 488 650; x_wconf 89' lang='lat' dir='ltr'>commutatio,</span> <span class='ocrx_word' id='word_1_8' title='bbox 504 561 576 631; x_wconf 84' lang='lat' dir='ltr'>aut</span> <span class='ocrx_word' id='word_1_9' title='bbox 597 550 820 631; x_wconf 78' lang='lat' dir='ltr'>transactio</span> <span class='ocrx_word' id='word_1_10' title='bbox 843 551 885 630; x_wconf 90' lang='lat' dir='ltr'>in</span> <span class='ocrx_word' id='word_1_11' title='bbox 902 551 1089 652; x_wconf 84' lang='lat' dir='ltr'>materia,</span> <span class='ocrx_word' id='word_1_12' title='bbox 1110 553 1381 636; x_wconf 89' lang='lat' dir='ltr'>committitur</span> 
     </span>
     <span class='ocr_line' id='line_1_3' title="bbox 202 683 1380 797; baseline 0.003 -31"><span class='ocrx_word' id='word_1_13' title='bbox 202 687 381 766; x_wconf 88' lang='lat' dir='ltr'>simonia</span> <span class='ocrx_word' id='word_1_14' title='bbox 406 683 514 791; x_wconf 88' lang='lat' dir='ltr'>juris</span> <span class='ocrx_word' id='word_1_15' title='bbox 544 684 839 785; x_wconf 83' lang='lat' dir='ltr'>Ecclesiastici,</span> <span class='ocrx_word' id='word_1_16' title='bbox 874 686 948 766; x_wconf 90' lang='lat' dir='ltr'>etsi</span> <span class='ocrx_word' id='word_1_17' title='bbox 980 685 1116 766; x_wconf 88' lang='lat' dir='ltr'>solum</span> <span class='ocrx_word' id='word_1_18' title='bbox 1148 688 1267 768; x_wconf 88' lang='lat' dir='ltr'>detur</span> <span class='ocrx_word' id='word_1_19' title='bbox 1296 689 1380 797; x_wconf 88' lang='lat' dir='ltr'>spi·</span> 
     </span>
     <span class='ocr_line' id='line_1_4' title="bbox 202 819 1377 936; baseline 0.006 -36"><span class='ocrx_word' id='word_1_20' title='bbox 202 820 352 902; x_wconf 75' lang='lat' dir='ltr'><strong>rituale</strong></span> <span class='ocrx_word' id='word_1_21' title='bbox 383 845 457 927; x_wconf 94' lang='lat' dir='ltr'>pro</span> <span class='ocrx_word' id='word_1_22' title='bbox 495 819 716 927; x_wconf 76' lang='lat' dir='ltr'>spirituali.</span> <span class='ocrx_word' id='word_1_23' title='bbox 762 821 865 931; x_wconf 88' lang='lat' dir='ltr'>Cap.</span> <span class='ocrx_word' id='word_1_24' title='bbox 911 821 1148 911; x_wconf 70' lang='lat' dir='ltr'><strong><em>Quaesitum</em></strong></span> <span class='ocrx_word' id='word_1_25' title='bbox 1184 825 1229 924; x_wconf 88' lang='lat'>5,</span> <span class='ocrx_word' id='word_1_26' title='bbox 1273 827 1377 936; x_wconf 85' lang='lat' dir='ltr'>Cap.</span> 
     </span>
     <span class='ocr_line' id='line_1_5' title="bbox 206 956 1380 1068; baseline 0.003 -32"><span class='ocrx_word' id='word_1_27' title='bbox 206 956 315 1036; x_wconf 83' lang='lat' dir='ltr'>Olim</span> <span class='ocrx_word' id='word_1_28' title='bbox 337 961 364 1036; x_wconf 93' lang='lat'><em>7</em></span> <span class='ocrx_word' id='word_1_29' title='bbox 386 957 451 1037; x_wconf 85' lang='lat' dir='ltr'>Dc</span> <span class='ocrx_word' id='word_1_30' title='bbox 473 981 608 1036; x_wconf 83' lang='lat' dir='ltr'>rerum</span> <span class='ocrx_word' id='word_1_31' title='bbox 635 965 815 1066; x_wconf 80' lang='lat' dir='ltr'>permut.</span> <span class='ocrx_word' id='word_1_32' title='bbox 855 957 959 1067; x_wconf 84' lang='lat' dir='ltr'>Cup.</span> <span class='ocrx_word' id='word_1_33' title='bbox 999 957 1102 1036; x_wconf 87' lang='lat' dir='ltr'>Cum</span> <span class='ocrx_word' id='word_1_34' title='bbox 1135 958 1380 1068; x_wconf 56' lang='lat' dir='ltr'>primumi!</span> 
     </span>
     <span class='ocr_line' id='line_1_6' title="bbox 203 1089 1231 1201; baseline 0.002 -30"><span class='ocrx_word' id='word_1_35' title='bbox 203 1093 267 1171; x_wconf 88' lang='lat' dir='ltr'>De</span> <span class='ocrx_word' id='word_1_36' title='bbox 281 1091 433 1201; x_wconf 84' lang='lat' dir='ltr'>pactis.</span> <span class='ocrx_word' id='word_1_37' title='bbox 465 1091 568 1200; x_wconf 85' lang='lat' dir='ltr'>Cup.</span> <span class='ocrx_word' id='word_1_38' title='bbox 610 1089 855 1171; x_wconf 82' lang='lat' dir='ltr'>Constitutio</span> <span class='ocrx_word' id='word_1_39' title='bbox 887 1093 1003 1172; x_wconf 81' lang='lat' dir='ltr'>4De</span> <span class='ocrx_word' id='word_1_40' title='bbox 1034 1097 1231 1173; x_wconf 83' lang='lat' dir='ltr'>transact.</span> 
     </span>
    </p>

    <p class='ocr_par' dir='ltr' id='par_1_3' title="bbox 197 1223 1382 2533">
     <span class='ocr_line' id='line_1_7' title="bbox 289 1223 1378 1332; baseline 0.001 -29"><span class='ocrx_word' id='word_1_41' title='bbox 289 1223 419 1305; x_wconf 86' lang='lat' dir='ltr'>Extra</span> <span class='ocrx_word' id='word_1_42' title='bbox 430 1231 568 1304; x_wconf 70' lang='lat' dir='ltr'>tanuen</span> <span class='ocrx_word' id='word_1_43' title='bbox 584 1223 800 1304; x_wconf 75' lang='lat' dir='ltr'>materiam</span> <span class='ocrx_word' id='word_1_44' title='bbox 819 1223 1128 1322; x_wconf 86' lang='lat' dir='ltr'>beneficiorum,</span> <span class='ocrx_word' id='word_1_45' title='bbox 1151 1250 1378 1332; x_wconf 86' lang='lat' dir='ltr'>numquam</span> 
     </span>
     <span class='ocr_line' id='line_1_8' title="bbox 202 1355 1381 1464; baseline 0.001 -29"><span class='ocrx_word' id='word_1_46' title='bbox 202 1355 472 1436; x_wconf 87' lang='lat' dir='ltr'>committitur</span> <span class='ocrx_word' id='word_1_47' title='bbox 512 1355 750 1462; x_wconf 89' lang='lat' dir='ltr'>hujusmodi</span> <span class='ocrx_word' id='word_1_48' title='bbox 793 1357 988 1457; x_wconf 88' lang='lat' dir='ltr'>simonia,</span> <span class='ocrx_word' id='word_1_49' title='bbox 1022 1356 1182 1436; x_wconf 88' lang='lat' dir='ltr'>etiamsi</span> <span class='ocrx_word' id='word_1_50' title='bbox 1215 1357 1381 1464; x_wconf 89' lang='lat' dir='ltr'>propria</span> 
     </span>
     <span class='ocr_line' id='line_1_9' title="bbox 202 1489 1375 1599; baseline 0.007 -33"><span class='ocrx_word' id='word_1_51' title='bbox 202 1489 443 1571; x_wconf 88' lang='lat' dir='ltr'>auctoritate</span> <span class='ocrx_word' id='word_1_52' title='bbox 485 1491 604 1572; x_wconf 90' lang='lat' dir='ltr'>detur</span> <span class='ocrx_word' id='word_1_53' title='bbox 644 1489 857 1599; x_wconf 89' lang='lat' dir='ltr'>spirituale</span> <span class='ocrx_word' id='word_1_54' title='bbox 897 1517 971 1599; x_wconf 95' lang='lat' dir='ltr'>pro</span> <span class='ocrx_word' id='word_1_55' title='bbox 1013 1489 1215 1599; x_wconf 78' lang='lat' dir='ltr'>spirituali</span> <span class='ocrx_word' id='word_1_56' title='bbox 1260 1517 1298 1569; x_wconf 88' lang='lat' dir='ltr'>v.</span> <span class='ocrx_word' id='word_1_57' title='bbox 1333 1519 1375 1597; x_wconf 85' lang='lat' dir='ltr'>g.</span> 
     </span>
     <span class='ocr_line' id='line_1_10' title="bbox 202 1621 1380 1735; baseline 0.004 -35"><span class='ocrx_word' id='word_1_58' title='bbox 202 1621 397 1732; x_wconf 84' lang='lat' dir='ltr'>Reliqniu</span> <span class='ocrx_word' id='word_1_59' title='bbox 431 1651 512 1735; x_wconf 82' lang='lat' dir='ltr'>pro</span> <span class='ocrx_word' id='word_1_60' title='bbox 553 1624 747 1734; x_wconf 78' lang='lat' dir='ltr'>reliquia,</span> <span class='ocrx_word' id='word_1_61' title='bbox 783 1625 900 1705; x_wconf 72' lang='lat' dir='ltr'>culice</span> <span class='ocrx_word' id='word_1_62' title='bbox 937 1651 1013 1735; x_wconf 85' lang='lat' dir='ltr'>pro</span> <span class='ocrx_word' id='word_1_63' title='bbox 1056 1624 1184 1705; x_wconf 85' lang='lat' dir='ltr'>culice</span> <span class='ocrx_word' id='word_1_64' title='bbox 1219 1632 1293 1706; x_wconf 85' lang='lat' dir='ltr'>etc.</span> <span class='ocrx_word' id='word_1_65' title='bbox 1328 1625 1380 1705; x_wconf 85' lang='lat' dir='ltr'>Et</span> 
     </span>
     <span class='ocr_line' id='line_1_11' title="bbox 200 1755 1374 1865; baseline 0.007 -33"><span class='ocrx_word' id='word_1_66' title='bbox 200 1755 305 1835; x_wconf 91' lang='lat' dir='ltr'>ratio</span> <span class='ocrx_word' id='word_1_67' title='bbox 337 1757 504 1838; x_wconf 84' lang='lat' dir='ltr'>evidens</span> <span class='ocrx_word' id='word_1_68' title='bbox 535 1767 611 1860; x_wconf 85' lang='lat' dir='ltr'>est,</span> <span class='ocrx_word' id='word_1_69' title='bbox 646 1786 741 1840; x_wconf 91' lang='lat' dir='ltr'>cum</span> <span class='ocrx_word' id='word_1_70' title='bbox 774 1759 813 1840; x_wconf 91' lang='lat' dir='ltr'>id</span> <span class='ocrx_word' id='word_1_71' title='bbox 848 1758 960 1839; x_wconf 94' lang='lat' dir='ltr'>nullo</span> <span class='ocrx_word' id='word_1_72' title='bbox 978 1759 1089 1865; x_wconf 89' lang='lat' dir='ltr'>jure,</span> <span class='ocrx_word' id='word_1_73' title='bbox 1115 1785 1190 1838; x_wconf 91' lang='lat' dir='ltr'>nec</span> <span class='ocrx_word' id='word_1_74' title='bbox 1210 1757 1374 1857; x_wconf 91' lang='lat' dir='ltr'>Divin0,</span> 
     </span>
     <span class='ocr_line' id='line_1_12' title="bbox 201 1887 1380 2000; baseline 0.005 -35"><span class='ocrx_word' id='word_1_75' title='bbox 201 1913 276 1967; x_wconf 93' lang='lat' dir='ltr'>nec</span> <span class='ocrx_word' id='word_1_76' title='bbox 305 1887 488 1972; x_wconf 87' lang='lat' dir='ltr'>humano</span> <span class='ocrx_word' id='word_1_77' title='bbox 519 1893 748 2000; x_wconf 82' lang='lat' dir='ltr'>reperiatur</span> <span class='ocrx_word' id='word_1_78' title='bbox 778 1891 1048 2000; x_wconf 89' lang='lat' dir='ltr'>prohibitum.</span> <span class='ocrx_word' id='word_1_79' title='bbox 1073 1891 1159 1972; x_wconf 91' lang='lat' dir='ltr'>lmo</span> <span class='ocrx_word' id='word_1_80' title='bbox 1196 1892 1235 1972; x_wconf 91' lang='lat' dir='ltr'>id</span> <span class='ocrx_word' id='word_1_81' title='bbox 1258 1891 1380 1974; x_wconf 86' lang='lat' dir='ltr'>licere</span> 
     </span>
     <span class='ocr_line' id='line_1_13' title="bbox 197 2025 1382 2134; baseline 0.003 -33"><span class='ocrx_word' id='word_1_82' title='bbox 197 2030 361 2106; x_wconf 86' lang='lat' dir='ltr'>constat</span> <span class='ocrx_word' id='word_1_83' title='bbox 376 2051 428 2105; x_wconf 87' lang='lat' dir='ltr'>ex</span> <span class='ocrx_word' id='word_1_84' title='bbox 444 2027 536 2134; x_wconf 85' lang='lat' dir='ltr'>ipsa</span> <span class='ocrx_word' id='word_1_85' title='bbox 551 2029 596 2108; x_wconf 89' lang='lat' dir='ltr'>S.</span> <span class='ocrx_word' id='word_1_86' title='bbox 614 2029 827 2134; x_wconf 84' lang='lat' dir='ltr'>Scriptura</span> <span class='ocrx_word' id='word_1_87' title='bbox 842 2052 969 2133; x_wconf 91' lang='lat' dir='ltr'>penes</span> <span class='ocrx_word' id='word_1_88' title='bbox 985 2027 1030 2106; x_wconf 90' lang='lat' dir='ltr'>S.</span> <span class='ocrx_word' id='word_1_89' title='bbox 1051 2025 1171 2108; x_wconf 88' lang='lat' dir='ltr'>Joan.</span> <span class='ocrx_word' id='word_1_90' title='bbox 1186 2025 1311 2105; x_wconf 85' lang='lat' dir='ltr'>--ibi</span> <span class='ocrx_word' id='word_1_91' title='bbox 1323 2069 1382 2090; x_wconf 89' lang='lat'><em>-</em></span> 
     </span>
     <span class='ocr_line' id='line_1_14' title="bbox 204 2153 1380 2268; baseline 0.002 -32"><span class='ocrx_word' id='word_1_92' title='bbox 204 2153 357 2237; x_wconf 82' lang='lat' dir='ltr'>Gratia</span> <span class='ocrx_word' id='word_1_93' title='bbox 365 2186 447 2268; x_wconf 85' lang='lat' dir='ltr'>pro</span> <span class='ocrx_word' id='word_1_94' title='bbox 463 2161 619 2268; x_wconf 71' lang='lat' dir='ltr'>pratia.</span> <span class='ocrx_word' id='word_1_95' title='bbox 640 2159 692 2238; x_wconf 88' lang='lat' dir='ltr'>Et</span> <span class='ocrx_word' id='word_1_96' title='bbox 709 2159 881 2258; x_wconf 80' lang='lat' dir='ltr'>merit03</span> <span class='ocrx_word' id='word_1_97' title='bbox 916 2157 1031 2238; x_wconf 85' lang='lat' dir='ltr'>nulle</span> <span class='ocrx_word' id='word_1_98' title='bbox 1052 2158 1256 2265; x_wconf 87' lang='lat' dir='ltr'>siquidem</span> <span class='ocrx_word' id='word_1_99' title='bbox 1279 2159 1380 2238; x_wconf 89' lang='lat' dir='ltr'>irro-</span> 
     </span>
     <span class='ocr_line' id='line_1_15' title="bbox 202 2290 1380 2398; baseline 0.001 -29"><span class='ocrx_word' id='word_1_100' title='bbox 202 2298 323 2396; x_wconf 86' lang='lat' dir='ltr'>gatur</span> <span class='ocrx_word' id='word_1_101' title='bbox 353 2290 505 2398; x_wconf 86' lang='lat' dir='ltr'>injuria</span> <span class='ocrx_word' id='word_1_102' title='bbox 535 2292 591 2372; x_wconf 88' lang='lat' dir='ltr'>rai</span> <span class='ocrx_word' id='word_1_103' title='bbox 624 2318 766 2373; x_wconf 88' lang='lat' dir='ltr'>sacrae</span> <span class='ocrx_word' id='word_1_104' title='bbox 802 2315 897 2373; x_wconf 88' lang='lat' dir='ltr'>oum</span> <span class='ocrx_word' id='word_1_105' title='bbox 920 2290 1136 2397; x_wconf 83' lang='lat' dir='ltr'>spirituale</span> <span class='ocrx_word' id='word_1_106' title='bbox 1157 2291 1278 2370; x_wconf 88' lang='lat' dir='ltr'>detur</span> <span class='ocrx_word' id='word_1_107' title='bbox 1298 2317 1380 2372; x_wconf 92' lang='lat' dir='ltr'>non</span> 
     </span>
     <span class='ocr_line' id='line_1_16' title="bbox 202 2422 1245 2533; baseline 0.003 -30"><span class='ocrx_word' id='word_1_108' title='bbox 202 2449 275 2531; x_wconf 91' lang='lat' dir='ltr'>pro</span> <span class='ocrx_word' id='word_1_109' title='bbox 306 2451 351 2506; x_wconf 90' lang='lat' dir='ltr'>re</span> <span class='ocrx_word' id='word_1_110' title='bbox 381 2425 609 2533; x_wconf 87' lang='lat' dir='ltr'>temporali,</span> <span class='ocrx_word' id='word_1_111' title='bbox 646 2425 718 2505; x_wconf 90' lang='lat' dir='ltr'>sed</span> <span class='ocrx_word' id='word_1_112' title='bbox 749 2423 887 2505; x_wconf 89' lang='lat' dir='ltr'>solum</span> <span class='ocrx_word' id='word_1_113' title='bbox 919 2449 992 2530; x_wconf 93' lang='lat' dir='ltr'>pro</span> <span class='ocrx_word' id='word_1_114' title='bbox 1024 2422 1245 2531; x_wconf 89' lang='lat' dir='ltr'>spirituali.</span> 
     </span>
    </p>

    <p class='ocr_par' dir='ltr' id='par_1_4' title="bbox 202 2557 1382 3871">
     <span class='ocr_line' id='line_1_17' title="bbox 288 2557 1378 2664; baseline 0 -26"><span class='ocrx_word' id='word_1_115' title='bbox 288 2559 473 2642; x_wconf 86' lang='lat' dir='ltr'>Pretium</span> <span class='ocrx_word' id='word_1_116' title='bbox 495 2567 632 2641; x_wconf 86' lang='lat' dir='ltr'>autem</span> <span class='ocrx_word' id='word_1_117' title='bbox 651 2559 729 2641; x_wconf 89' lang='lat' dir='ltr'>hoc</span> <span class='ocrx_word' id='word_1_118' title='bbox 749 2559 1026 2639; x_wconf 85' lang='lat' dir='ltr'>simoniacum</span> <span class='ocrx_word' id='word_1_119' title='bbox 1054 2558 1096 2636; x_wconf 93' lang='lat' dir='ltr'>in</span> <span class='ocrx_word' id='word_1_120' title='bbox 1123 2557 1217 2664; x_wconf 91' lang='lat' dir='ltr'>jure</span> <span class='ocrx_word' id='word_1_121' title='bbox 1240 2558 1378 2639; x_wconf 86' lang='lat' dir='ltr'>vocari</span> 
     </span>
     <span class='ocr_line' id='line_1_18' title="bbox 202 2691 1382 2801; baseline 0.004 -31"><span class='ocrx_word' id='word_1_122' title='bbox 202 2691 306 2772; x_wconf 85' lang='lat' dir='ltr'>solet</span> <span class='ocrx_word' id='word_1_123' title='bbox 335 2719 495 2794; x_wconf 86' lang='lat' dir='ltr'>munus,</span> <span class='ocrx_word' id='word_1_124' title='bbox 530 2720 612 2773; x_wconf 94' lang='lat' dir='ltr'>non</span> <span class='ocrx_word' id='word_1_125' title='bbox 643 2692 808 2801; x_wconf 91' lang='lat' dir='ltr'>quidem</span> <span class='ocrx_word' id='word_1_126' title='bbox 841 2701 963 2800; x_wconf 91' lang='lat' dir='ltr'>prout</span> <span class='ocrx_word' id='word_1_127' title='bbox 999 2718 1155 2790; x_wconf 85' lang='lat' dir='ltr'>munus</span> <span class='ocrx_word' id='word_1_128' title='bbox 1175 2691 1382 2798; x_wconf 83' lang='lat' dir='ltr'>significat</span> 
     </span>
     <span class='ocr_line' id='line_1_19' title="bbox 205 2824 1382 2933; baseline 0.002 -28"><span class='ocrx_word' id='word_1_129' title='bbox 205 2825 359 2906; x_wconf 91' lang='lat' dir='ltr'>donum</span> <span class='ocrx_word' id='word_1_130' title='bbox 391 2824 635 2932; x_wconf 84' lang='lat' dir='ltr'>gratuitum,</span> <span class='ocrx_word' id='word_1_131' title='bbox 669 2825 741 2906; x_wconf 88' lang='lat' dir='ltr'>sed</span> <span class='ocrx_word' id='word_1_132' title='bbox 771 2833 894 2933; x_wconf 88' lang='lat' dir='ltr'>prout</span> <span class='ocrx_word' id='word_1_133' title='bbox 923 2825 1156 2906; x_wconf 86' lang='lat' dir='ltr'>necessario</span> <span class='ocrx_word' id='word_1_134' title='bbox 1188 2824 1382 2933; x_wconf 86' lang='lat' dir='ltr'>importat</span> 
     </span>
     <span class='ocr_line' id='line_1_20' title="bbox 207 2959 1376 3067; baseline 0.002 -27"><span class='ocrx_word' id='word_1_135' title='bbox 207 2986 328 3062; x_wconf 88' lang='lat' dir='ltr'>onus,</span> <span class='ocrx_word' id='word_1_136' title='bbox 363 2969 403 3042; x_wconf 87' lang='lat' dir='ltr'>et</span> <span class='ocrx_word' id='word_1_137' title='bbox 432 2985 672 3067; x_wconf 85' lang='lat' dir='ltr'>gravamen,</span> <span class='ocrx_word' id='word_1_138' title='bbox 707 2987 779 3040; x_wconf 89' lang='lat' dir='ltr'>seu</span> <span class='ocrx_word' id='word_1_139' title='bbox 813 2959 996 3040; x_wconf 90' lang='lat' dir='ltr'>debitum</span> <span class='ocrx_word' id='word_1_140' title='bbox 1030 2987 1081 3040; x_wconf 90' lang='lat' dir='ltr'>ex</span> <span class='ocrx_word' id='word_1_141' title='bbox 1112 2959 1376 3066; x_wconf 86' lang='lat' dir='ltr'>obligatione.</span> 
     </span>
     <span class='ocr_line' id='line_1_21' title="bbox 202 3093 1376 3202; baseline 0.002 -29"><span class='ocrx_word' id='word_1_142' title='bbox 202 3096 363 3175; x_wconf 85' lang='lat' dir='ltr'>Munus</span> <span class='ocrx_word' id='word_1_143' title='bbox 395 3094 521 3196; x_wconf 91' lang='lat' dir='ltr'>enim,</span> <span class='ocrx_word' id='word_1_144' title='bbox 556 3101 602 3175; x_wconf 89' lang='lat' dir='ltr'>ut</span> <span class='ocrx_word' id='word_1_145' title='bbox 633 3093 783 3175; x_wconf 91' lang='lat' dir='ltr'>dicitur</span> <span class='ocrx_word' id='word_1_146' title='bbox 813 3095 856 3174; x_wconf 86' lang='lat' dir='ltr'>in</span> <span class='ocrx_word' id='word_1_147' title='bbox 887 3093 970 3202; x_wconf 75' lang='lat' dir='ltr'>lopo</span> <span class='ocrx_word' id='word_1_148' title='bbox 1003 3096 1078 3193; x_wconf 84' lang='lat'>18,</span> <span class='ocrx_word' id='word_1_149' title='bbox 1102 3095 1161 3201; x_wconf 82' lang='lat' dir='ltr'>ff.</span> <span class='ocrx_word' id='word_1_150' title='bbox 1187 3094 1376 3176; x_wconf 83' lang='lat' dir='ltr'>Deocrb.</span> 
     </span>
     <span class='ocr_line' id='line_1_22' title="bbox 202 3224 1379 3336; baseline 0.001 -30"><span class='ocrx_word' id='word_1_151' title='bbox 202 3227 348 3336; x_wconf 72' lang='lat' dir='ltr'>siquis.</span> <span class='ocrx_word' id='word_1_152' title='bbox 383 3227 516 3309; x_wconf 87' lang='lat' dir='ltr'>tribus</span> <span class='ocrx_word' id='word_1_153' title='bbox 547 3227 682 3308; x_wconf 89' lang='lat' dir='ltr'>modis</span> <span class='ocrx_word' id='word_1_154' title='bbox 714 3225 926 3334; x_wconf 79' lang='lat' dir='ltr'>accipitur.</span> <span class='ocrx_word' id='word_1_155' title='bbox 962 3224 1103 3306; x_wconf 90' lang='lat' dir='ltr'>Primo</span> <span class='ocrx_word' id='word_1_156' title='bbox 1134 3225 1291 3308; x_wconf 88' lang='lat' dir='ltr'>scilicet</span> <span class='ocrx_word' id='word_1_157' title='bbox 1305 3253 1379 3334; x_wconf 91' lang='lat' dir='ltr'>pro</span> 
     </span>
     <span class='ocr_line' id='line_1_23' title="bbox 203 3359 1376 3470; baseline -0.002 -28"><span class='ocrx_word' id='word_1_158' title='bbox 203 3363 310 3443; x_wconf 92' lang='lat' dir='ltr'>dono</span> <span class='ocrx_word' id='word_1_159' title='bbox 341 3363 537 3470; x_wconf 86' lang='lat' dir='ltr'>gratuito,</span> <span class='ocrx_word' id='word_1_160' title='bbox 571 3388 652 3469; x_wconf 92' lang='lat' dir='ltr'>quo</span> <span class='ocrx_word' id='word_1_161' title='bbox 683 3387 808 3441; x_wconf 89' lang='lat' dir='ltr'>sensu</span> <span class='ocrx_word' id='word_1_162' title='bbox 840 3359 1017 3441; x_wconf 89' lang='lat' dir='ltr'>dicimus</span> <span class='ocrx_word' id='word_1_163' title='bbox 1058 3385 1229 3440; x_wconf 82' lang='lat' dir='ltr'>munera</span> <span class='ocrx_word' id='word_1_164' title='bbox 1260 3359 1376 3440; x_wconf 85' lang='lat' dir='ltr'>dare.</span> 
     </span>
     <span class='ocr_line' id='line_1_24' title="bbox 203 3491 1382 3604; baseline 0 -30"><span class='ocrx_word' id='word_1_165' title='bbox 203 3496 392 3576; x_wconf 90' lang='lat' dir='ltr'>Secundo</span> <span class='ocrx_word' id='word_1_166' title='bbox 434 3523 509 3604; x_wconf 91' lang='lat' dir='ltr'>pro</span> <span class='ocrx_word' id='word_1_167' title='bbox 550 3495 698 3595; x_wconf 87' lang='lat' dir='ltr'>officio,</span> <span class='ocrx_word' id='word_1_168' title='bbox 742 3495 852 3575; x_wconf 92' lang='lat' dir='ltr'>unde</span> <span class='ocrx_word' id='word_1_169' title='bbox 892 3518 1066 3574; x_wconf 86' lang='lat' dir='ltr'>munera</span> <span class='ocrx_word' id='word_1_170' title='bbox 1097 3491 1307 3594; x_wconf 86' lang='lat' dir='ltr'>militaria,</span> <span class='ocrx_word' id='word_1_171' title='bbox 1342 3501 1382 3574; x_wconf 85' lang='lat' dir='ltr'>ct</span> 
     </span>
     <span class='ocr_line' id='line_1_25' title="bbox 205 3627 1376 3737; baseline -0.001 -28"><span class='ocrx_word' id='word_1_172' title='bbox 205 3627 343 3709; x_wconf 88' lang='lat' dir='ltr'>civilia</span> <span class='ocrx_word' id='word_1_173' title='bbox 358 3628 566 3709; x_wconf 90' lang='lat' dir='ltr'>dicuntur.</span> <span class='ocrx_word' id='word_1_174' title='bbox 586 3627 726 3709; x_wconf 87' lang='lat' dir='ltr'>Tertio</span> <span class='ocrx_word' id='word_1_175' title='bbox 747 3628 913 3710; x_wconf 88' lang='lat' dir='ltr'>tandem</span> <span class='ocrx_word' id='word_1_176' title='bbox 935 3627 1135 3737; x_wconf 84' lang='lat' dir='ltr'>accipitur</span> <span class='ocrx_word' id='word_1_177' title='bbox 1150 3654 1224 3736; x_wconf 92' lang='lat' dir='ltr'>pro</span> <span class='ocrx_word' id='word_1_178' title='bbox 1235 3653 1376 3730; x_wconf 88' lang='lat' dir='ltr'>onere,</span> 
     </span>
     <span class='ocr_line' id='line_1_26' title="bbox 205 3761 638 3871; baseline -0.002 -26"><span class='ocrx_word' id='word_1_179' title='bbox 205 3769 244 3845; x_wconf 88' lang='lat' dir='ltr'>et</span> <span class='ocrx_word' id='word_1_180' title='bbox 273 3761 527 3871; x_wconf 86' lang='lat' dir='ltr'>gravamine,</span> <span class='ocrx_word' id='word_1_181' title='bbox 561 3771 638 3844; x_wconf 87' lang='lat' dir='ltr'>eto.</span> 
     </span>
    </p>

    <p class='ocr_par' dir='ltr' id='par_1_5' title="bbox 202 3894 1382 4545">
     <span class='ocr_line' id='line_1_27' title="bbox 288 3894 1379 4006; baseline 0 -30"><span class='ocrx_word' id='word_1_182' title='bbox 288 3897 333 3977; x_wconf 93' lang='lat' dir='ltr'>ln</span> <span class='ocrx_word' id='word_1_183' title='bbox 364 3905 447 3978; x_wconf 89' lang='lat' dir='ltr'>tres</span> <span class='ocrx_word' id='word_1_184' title='bbox 478 3923 575 3979; x_wconf 88' lang='lat' dir='ltr'>vero</span> <span class='ocrx_word' id='word_1_185' title='bbox 606 3896 764 4006; x_wconf 87' lang='lat' dir='ltr'>species</span> <span class='ocrx_word' id='word_1_186' title='bbox 798 3923 953 3978; x_wconf 88' lang='lat' dir='ltr'>munus</span> <span class='ocrx_word' id='word_1_187' title='bbox 983 3895 1076 3996; x_wconf 89' lang='lat' dir='ltr'>hoo,</span> <span class='ocrx_word' id='word_1_188' title='bbox 1110 3922 1184 3977; x_wconf 86' lang='lat' dir='ltr'>seu</span> <span class='ocrx_word' id='word_1_189' title='bbox 1202 3894 1379 4004; x_wconf 89' lang='lat' dir='ltr'>pretium</span> 
     </span>
     <span class='ocr_line' id='line_1_28' title="bbox 202 4029 1382 4130; baseline 0 -19"><span class='ocrx_word' id='word_1_190' title='bbox 202 4030 477 4114; x_wconf 85' lang='lat' dir='ltr'>simoniacum</span> <span class='ocrx_word' id='word_1_191' title='bbox 499 4031 625 4113; x_wconf 91' lang='lat' dir='ltr'>dividi</span> <span class='ocrx_word' id='word_1_192' title='bbox 647 4033 877 4113; x_wconf 90' lang='lat' dir='ltr'>docuerunt</span> <span class='ocrx_word' id='word_1_193' title='bbox 900 4030 1054 4112; x_wconf 88' lang='lat' dir='ltr'>nedum</span> <span class='ocrx_word' id='word_1_194' title='bbox 1073 4029 1139 4110; x_wconf 75' lang='lat' dir='ltr'>Se.</span> <span class='ocrx_word' id='word_1_195' title='bbox 1160 4029 1321 4130; x_wconf 74' lang='lat' dir='ltr'>Patrae,</span> <span class='ocrx_word' id='word_1_196' title='bbox 1342 4037 1382 4111; x_wconf 86' lang='lat' dir='ltr'>et</span> 
     </span>
     <span class='ocr_line' id='line_1_29' title="bbox 202 4161 1380 4268; baseline -0.003 -21"><span class='ocrx_word' id='word_1_197' title='bbox 202 4166 364 4247; x_wconf 90' lang='lat' dir='ltr'>Summi</span> <span class='ocrx_word' id='word_1_198' title='bbox 396 4165 631 4268; x_wconf 78' lang='lat' dir='ltr'>PontificeS,</span> <span class='ocrx_word' id='word_1_199' title='bbox 665 4167 738 4248; x_wconf 89' lang='lat' dir='ltr'>sed</span> <span class='ocrx_word' id='word_1_200' title='bbox 769 4173 809 4246; x_wconf 89' lang='lat' dir='ltr'>et</span> <span class='ocrx_word' id='word_1_201' title='bbox 829 4165 1048 4265; x_wconf 79' lang='lat' dir='ltr'>DoctoreS,</span> <span class='ocrx_word' id='word_1_202' title='bbox 1072 4171 1112 4244; x_wconf 90' lang='lat' dir='ltr'>et</span> <span class='ocrx_word' id='word_1_203' title='bbox 1133 4161 1380 4246; x_wconf 85' lang='lat' dir='ltr'>Canonistae</span> 
     </span>
     <span class='ocr_line' id='line_1_30' title="bbox 203 4298 1381 4408; baseline 0 -28"><span class='ocrx_word' id='word_1_204' title='bbox 203 4300 466 4404; x_wconf 87' lang='lat' dir='ltr'>unanimiter,</span> <span class='ocrx_word' id='word_1_205' title='bbox 487 4301 643 4383; x_wconf 79' lang='lat' dir='ltr'>scillcet</span> <span class='ocrx_word' id='word_1_206' title='bbox 659 4299 701 4380; x_wconf 92' lang='lat' dir='ltr'>in</span> <span class='ocrx_word' id='word_1_207' title='bbox 721 4326 866 4382; x_wconf 82' lang='lat' dir='ltr'>munus</span> <span class='ocrx_word' id='word_1_208' title='bbox 887 4299 939 4380; x_wconf 85' lang='lat' dir='ltr'>ub</span> <span class='ocrx_word' id='word_1_209' title='bbox 956 4298 1158 4408; x_wconf 81' lang='lat' dir='ltr'>obsequie,</span> <span class='ocrx_word' id='word_1_210' title='bbox 1178 4298 1219 4379; x_wconf 93' lang='lat' dir='ltr'>in</span> <span class='ocrx_word' id='word_1_211' title='bbox 1236 4325 1381 4382; x_wconf 78' lang='lat' dir='ltr'>munus</span> 
     </span>
     <span class='ocr_line' id='line_1_31' title="bbox 203 4431 1381 4545; baseline 0 -33"><span class='ocrx_word' id='word_1_212' title='bbox 203 4459 230 4512; x_wconf 90' lang='lat' dir='ltr'><strong><em>a</em></strong></span> <span class='ocrx_word' id='word_1_213' title='bbox 261 4433 417 4545; x_wconf 68' lang='lat' dir='ltr'>linquo,</span> <span class='ocrx_word' id='word_1_214' title='bbox 451 4443 492 4517; x_wconf 91' lang='lat' dir='ltr'>et</span> <span class='ocrx_word' id='word_1_215' title='bbox 531 4435 574 4516; x_wconf 94' lang='lat' dir='ltr'>in</span> <span class='ocrx_word' id='word_1_216' title='bbox 614 4459 758 4517; x_wconf 80' lang='lat' dir='ltr'>munus</span> <span class='ocrx_word' id='word_1_217' title='bbox 799 4461 826 4515; x_wconf 84' lang='lat' dir='ltr'>a</span> <span class='ocrx_word' id='word_1_218' title='bbox 867 4459 1005 4531; x_wconf 78' lang='lat' dir='ltr'>uranu,</span> <span class='ocrx_word' id='word_1_219' title='bbox 1042 4439 1081 4514; x_wconf 87' lang='lat' dir='ltr'>et</span> <span class='ocrx_word' id='word_1_220' title='bbox 1110 4431 1211 4514; x_wconf 90' lang='lat' dir='ltr'>haec</span> <span class='ocrx_word' id='word_1_221' title='bbox 1241 4434 1381 4514; x_wconf 87' lang='lat' dir='ltr'>omnia</span> 
     </span>
    </p>
   </div>
   <div class='ocr_carea' id='block_1_3' title="bbox 0 0 1698 5136">
    <p class='ocr_par' dir='ltr' id='par_1_6' title="bbox 0 0 1698 5136">
     <span class='ocr_line' id='line_1_32' title="bbox 0 0 1698 5136; baseline 0 0"><span class='ocrx_word' id='word_1_222' title='bbox 0 0 1698 5136; x_wconf 95' lang='lat' dir='ltr'> </span> 
     </span>
    </p>
   </div>
  </div>
 </body>
</html>
