3388 5136
330 456 373 522 72
627 469 897 518 emannomouus
918 469 1011 516 rome
1033 469 1190 516 cruorum

336 636 353 678 »
373 601 539 684 Nician.
561 622 741 707 suspects.
757 597 935 696 Remot,
956 596 1017 675 cel
1033 595 1326 704 reintegratio
1343 595 1506 677 Parce-

337 737 483 818 ›ciam
506 737 563 814 17
587 734 750 814 Decem.
778 733 901 812 1874
923 735 948 834 ἓ
971 729 1214 811 Praeterea.
1244 759 1262 805 »
1292 727 1403 836 Ergo
1424 737 1503 813 etc.

390 869 506 962 Quae
537 893 633 949 oum
658 865 716 976 ita
745 863 828 945 sint
848 861 1036 945 concludi
1059 861 1204 943 merito
1235 869 1369 969 potest
1388 889 1507 971 prae-

335 1003 459 1085 fatam
486 1000 785 1107 Episcoporum
818 1003 1059 1105 potestatem
1081 1022 1162 1090 non
1184 994 1350 1105 publica
1370 995 1509 1076 crimi-

332 1162 387 1216 na
422 1132 652 1242 complecti,
684 1132 757 1212 sed
789 1131 949 1213 occulta
988 1137 1164 1212 lantum.
1210 1129 1382 1211 Occulta
1411 1157 1508 1212 vero

337 1269 509 1352 crimina
530 1265 600 1346 illa
621 1291 728 1348 esse:
756 1268 813 1347 l.⁰
835 1265 1002 1372 quaein
1025 1263 1112 1345 loro
1134 1270 1302 1344 externo
1325 1263 1505 1371 probari,

337 1411 376 1485 et
396 1401 582 1483 damnari
604 1427 687 1481 non
708 1404 895 1506 possunt.
937 1402 999 1480 2.⁰
1029 1397 1114 1500 illa,
1147 1422 1252 1506 quae
1284 1397 1377 1478 licet
1408 1397 1511 1504 legi-

336 1538 436 1619 time
477 1533 640 1640 probari
682 1541 847 1639 queant,
892 1531 932 1613 id
972 1538 1110 1614 tamen
1151 1531 1237 1613 fieri
1270 1558 1353 1612 non
1389 1558 1511 1639 posse

342 1667 498 1776 absque
534 1665 728 1748 scandalo
764 1666 963 1768 fidelium,
1002 1675 1042 1748 et
1072 1667 1161 1748 sine
1196 1665 1341 1772 majori
1384 1664 1513 1747 delin-

340 1801 504 1910 quentis
534 1799 678 1881 Clerici
711 1799 879 1902 damn0,
912 1808 1033 1908 atque
1063 1799 1328 1907 praejudicio.
1375 1867 1378 1876 .

421 1934 520 2036 Sed
537 1959 603 2049 res
634 1933 782 2016 clarior
803 1934 1016 2042 apparebit
1031 1933 1313 2041 respondendo
1335 1933 1512 2014 breviter

336 2067 500 2152 duobus
522 2067 778 2174 argumentis
800 2067 851 2147 ab
873 2067 1122 2149 adversariis
1143 2093 1241 2148 mox
1273 2063 1508 2174 propositis.

340 2202 393 2284 Et
421 2201 601 2312 primurn
634 2201 931 2310 respondemus
972 2209 1217 2310 argumento
1257 2201 1431 2282 deducto
1461 2225 1513 2279 ex

341 2336 544 2444 particula
584 2337 722 2437 elium,
757 2343 797 2416 et
836 2335 1028 2436 dicimuS,
1062 2337 1169 2443 quod
1201 2335 1235 2415 si
1271 2333 1349 2414 hoc
1388 2357 1515 2439 argu-

340 2476 523 2550 mentum
556 2468 691 2549 locum
732 2469 900 2550 haberet
929 2495 1004 2577 pro
1044 2467 1202 2550 delictis
1243 2496 1407 2578 quoque
1437 2495 1514 2575 pu-

338 2601 470 2700 blicis,
507 2603 645 2710 ipsum
686 2627 838 2683 novum
880 2601 1046 2685 omnino
1088 2603 1210 2704 foret,
1244 2630 1340 2684 cum
1370 2627 1514 2683 omnes

337 2736 492 2843 antiqui
524 2734 768 2843 particulam
800 2735 911 2816 illam
942 2738 1067 2817 etium
1087 2764 1169 2819 non
1201 2737 1260 2818 uti
1293 2763 1513 2844 argumen-

336 2879 440 2969 tum,
484 2869 556 2950 sed
596 2868 655 2950 uti
697 2868 981 2950 difficultatem
1020 2869 1099 2951 sibi
1140 2870 1441 2980 proposuerint,
1476 2875 1516 2948 et

342 3028 485 3084 omnes
516 3001 604 3082 sive
634 3027 731 3100 una,
758 3004 846 3084 sive
868 3004 996 3085 altera
1015 3005 1172 3085 ratione
1203 3005 1254 3086 ed
1275 3001 1514 3111 hujusmodi

344 3135 625 3219 difficultatem
656 3136 893 3218 diluendam
919 3138 1027 3218 vires
1058 3138 1344 3246 impenderint.
1365 3137 1516 3217 Reser-

345 3277 487 3351 vatum
520 3270 615 3352 hinc
654 3277 813 3352 tentum
861 3279 948 3353 erat
979 3273 1132 3353 nostris
1172 3271 1285 3354 hisce
1325 3269 1517 3378 tempori·

345 3403 442 3505 bus,
475 3411 522 3484 ut
551 3403 606 3504 id,
641 3404 749 3512 quod
781 3411 869 3486 erat
897 3405 1132 3507 difficultas,
1167 3405 1356 3486 evaderet
1391 3429 1516 3510 argu·

338 3543 539 3616 mmmm.
1373 3538 1375 3542 ’

427 3667 728 3750 Verumtamen
759 3671 837 3754 hoc
858 3673 1163 3780 praetermisso,
1186 3671 1424 3780 hujusmodi
1452 3695 1518 3750 ar·
1679 3678 1684 3710 l

343 3808 586 3908 gumentum
605 3809 690 3884 tota
710 3804 817 3885 mole
837 3818 1042 3908 sua-root,
1060 3805 1094 3886 si
1117 3807 1343 3915 paullisper
1372 3803 1518 3886 sedula

347 3941 484 4017 mente
506 3938 795 4045 perpendatur,
815 3949 854 4022 et
876 3941 917 4020 in
933 3941 1069 4048 seipso
1092 3941 1385 4022 consideretur.
1408 3939 1517 4019 Sane

343 4076 429 4150 lota
459 4069 523 4151 vis
554 4071 806 4154 difficultatis
836 4073 962 4183 hujus
993 4075 1224 4183 argumenti
1257 4075 1297 4154 in
1328 4101 1413 4154 una
1447 4071 1517 4152 illa

344 4203 548 4307 particula
563 4208 687 4287 etiam
708 4207 908 4292 consistit.
928 4211 1053 4318 Atqui
1076 4209 1278 4318 particula
1298 4208 1378 4290 ista
1392 4209 1518 4288 etium

339 4335 501 4416 nonnisi
525 4339 585 4419 uti
607 4341 843 4432 redundans
863 4343 1020 4445 haberi,
1045 4353 1084 4426 et
1105 4342 1355 4426 considerari
1377 4340 1513 4441 debet,

338 4469 671 4580 quandoquidem
692 4475 803 4582 (utor
825 4485 1078 4585 argumento
1100 4480 1152 4560 ad
1168 4477 1396 4584 hominem)
1415 4475 1516 4555 haec
