3136 5138
412 445 520 499 Luna
543 447 587 496 ιν.
615 465 635 479 -
658 447 796 498 rrrunus
819 448 853 497 v.
1157 433 1219 496 151

71 603 162 656 utrm.
199 578 265 656 10.
299 576 435 682 Atque
466 575 515 656 de
544 573 621 655 hac
652 603 695 656 re
727 577 904 684 amplius
934 575 1112 657 dubitari
1143 603 1216 656 ne-

73 711 155 818 quit.
186 709 306 803 Quod
336 707 470 789 adhuc
500 734 650 816 anceps
680 735 805 816 penes
838 711 1034 792 Doctores
1060 709 1213 810 existit,

76 853 123 924 est
145 842 342 950 judicium
372 841 630 942 conditionis,
666 869 747 950 qua
773 843 1058 924 contrahentes
1078 844 1120 922 in
1142 869 1218 922 an-

76 992 257 1058 tecessum
303 976 382 1057 sibi
427 976 674 1058 interdicunt
717 977 954 1086 hujusmodi
1004 979 1219 1085 potestatis

81 1140 180 1192 usum
209 1119 248 1193 et
277 1119 416 1192 actum
446 1111 681 1219 quemlibet.
726 1112 839 1192 Haec
881 1111 1008 1192 altera
1039 1111 1218 1192 conditio

13 1221 16 1232 ³
76 1247 174 1350 juxta
200 1245 417 1327 nonnullos
448 1246 647 1327 Doctores
677 1245 949 1326 identificatur
969 1272 1064 1327 cum
1086 1245 1219 1354 prima

80 1390 110 1460 et
126 1407 198 1461 non
216 1379 356 1460 minus
376 1389 438 1460 est
458 1380 663 1462 contraria
677 1380 931 1460 substantiae
949 1379 1214 1480 matrimonii,

80 1541 158 1593 cum
184 1513 258 1594 sibi
282 1539 464 1594 asserere
485 1521 743 1622 potestatem,
767 1515 990 1621 eodemque
1011 1520 1222 1593 momento

81 1647 148 1726 sihi
173 1647 387 1754 quemlibet
417 1657 553 1728 actum
586 1648 649 1728 vel
679 1675 804 1728 usum
844 1648 963 1728 istius
1004 1646 1219 1755 potestatis

81 1791 252 1886 expecto
284 1781 523 1862 interdicere
553 1782 660 1863 idem
692 1783 745 1863 sit
776 1808 823 1861 ac
844 1781 956 1860 illam
977 1787 1218 1889 potestatem

79 1913 146 1992 sibi
170 1941 243 1996 non
273 1915 498 2022 acquirere,
532 1917 640 2023 quod
671 1925 733 1996 est
762 1923 904 1996 contra
943 1914 1218 1996 substantiam

80 2049 304 2130 matrimonii
325 2075 374 2129 ex
395 2048 528 2151 dictiS,
553 2051 742 2158 quodque
763 2076 844 2130 non
872 2049 1104 2130 verificatur
1124 2073 1222 2128 cum

79 2189 237 2290 tempore
266 2182 500 2264 successivo
530 2183 617 2263 sive
648 2172 901 2290 singillatim,
926 2183 1013 2264 sive
1043 2210 1096 2263 ex
1121 2208 1221 2262 con·

79 2315 168 2395 dicto
196 2316 389 2423 conjuges
424 2316 520 2396 usui
560 2316 809 2398 matrimonii
851 2316 1101 2396 renuntiant.
1135 2313 1218 2394 Alii

61 2474 158 2566 'tero
183 2453 384 2530 Auctores
414 2449 561 2530 acriter
591 2450 786 2530 dimicant
806 2452 1094 2530 contendentes
1115 2448 1223 2528 hanc

78 2583 327 2664 conditionem
360 2611 450 2664 esse
484 2592 569 2666 toto
609 2585 721 2665 coelo
761 2611 787 2663 a
826 2583 958 2693 prima
997 2584 1215 2680 diversam,

79 2723 221 2798 etcum
252 2745 302 2798 ea
339 2744 460 2825 posse
499 2719 807 2799 matrimonium
849 2745 941 2800 vere
976 2719 1220 2817 subsistere3

79 2859 181 2950 prout
199 2850 377 2931 defendit
396 2849 589 2930 Ballerini
611 2852 720 2958 apud
741 2851 856 2959 Gury
876 2853 941 2931 De
960 2851 1226 2930 matrimonio

77 3006 168 3060 num.
201 2983 285 3062 752
315 2991 411 3063 notu
441 2985 517 3088 (c).
551 2981 828 3090 Disputationi
860 2983 1085 3065 Doctorum
1114 2983 1221 3062 hanc

79 3113 338 3216 quaestionem
369 3115 655 3223 relinquimus3
689 3124 810 3223 atque
842 3115 882 3196 id
912 3123 1072 3198 tantum
1104 3126 1223 3197 nota-

79 3269 170 3347 muS,
211 3275 282 3329 eos
322 3249 390 3355 qui
432 3273 506 3355 pro
547 3247 797 3330 admissione
837 3248 931 3329 talis
978 3247 1226 3329 conditionis

78 3389 245 3485 pugnant
288 3405 371 3460 non
410 3407 532 3487 posse
572 3407 694 3462 suam
733 3381 965 3489 opinionem
1012 3405 1059 3460 eo
1099 3403 1224 3488 argu-

78 3520 194 3594 mento
222 3513 402 3614 firmare,
442 3514 550 3622 quod
570 3619 572 3624 ι
590 3514 632 3592 in
663 3513 791 3594 altera
829 3512 1044 3622 hypothesi
1085 3521 1222 3594 actum

78 3656 167 3727 esset
194 3647 244 3728 de
265 3649 435 3729 veritate
456 3647 707 3729 matrimonii
729 3647 834 3728 inter
853 3647 902 3728 B.
928 3647 1105 3727 Mariam
1128 3647 1226 3726 Vir·
1317 3683 1321 3690 ⁴

77 3777 194 3882 ginem
223 3790 263 3862 et
293 3783 338 3864 S.
372 3781 615 3890 Josephum3
638 3807 921 3890 quaecumque
941 3781 1145 3889 siquidem
1166 3791 1227 3864 te-

77 3925 204 3995 neatur
232 3915 435 3998 sententia
464 3916 551 3997 sive
582 3917 631 3997 de
660 3917 868 3998 validitate
900 3917 986 3998 sive
1028 3918 1077 3998 de
1108 3917 1225 3996 inva-

79 4043 213 4130 liditate
243 4047 493 4130 matrimonii
525 4051 604 4130 sub
621 4050 690 4130 illa
710 4049 956 4150 conditione,
981 4075 1144 4157 semper
1163 4048 1227 4130 in·
1305 4105 1308 4112 -

79 4207 263 4266 concussa
288 4192 426 4265 manet
446 4185 597 4266 veritas
618 4183 794 4294 praelati
812 4184 1078 4286 matrimonii,
1102 4192 1225 4291 prout

81 4309 309 4398 Benedictus
338 4314 438 4396 XIV
467 4317 681 4426 perspicue
711 4317 962 4399 demonstrat
982 4343 1047 4428 op.
1073 4325 1109 4396 et
1131 4343 1220 4425 cup.

83 4449 137 4528 rit.
168 4479 276 4532 num.
315 4453 367 4531 13
397 4450 462 4532 his
492 4451 641 4533 verbis:
681 4449 802 4545 «Qui
824 4452 1041 4550 affirmant,
1068 4447 1227 4530 Beatis-
