3136 5138
447 411 554 462 uruca
575 413 622 462 rr.
645 429 667 442 -
689 411 826 464 rrrucus
852 414 895 462 tv.
1196 396 1258 460 133

8 517 9 612 ἶ
110 541 280 622 exactis
320 539 552 648 praedictae
592 538 932 648 Congregationis
972 539 1249 621 Cardinalium

8 659 10 694 l
111 675 296 783 praecepit
310 673 524 782 Episcopis
545 682 584 756 et
600 675 791 782 parochis
812 683 857 756 ut
877 675 1016 756 fideles
1038 677 1252 758 edocerent

8 905 10 924 ‚
109 809 149 888 de
176 807 307 888 valore
338 816 378 888 et
398 815 547 888 natura
566 806 690 915 hujus
711 815 829 889 actus
851 806 997 908 civilis,
1017 834 1139 914 quem
1159 835 1252 917 per-

8 979 9 1052 3
110 969 213 1050 agere
242 941 495 1048 cogebantur
524 969 597 1049 pro
619 943 773 1050 nuptiis
794 940 1097 1044 contrahendis
1117 970 1167 1024 ne
1188 971 1252 1024 er-

113 1101 187 1156 rore
214 1075 322 1156 ducti
354 1083 543 1183 putarent
573 1101 716 1155 verum
737 1073 1044 1164 matrimonium
1066 1075 1248 1156 contrahi

8 1199 10 1266 l
112 1234 231 1288 coram
261 1208 424 1290 officiali
455 1208 578 1310 civili,
597 1209 706 1316 quod
727 1207 953 1288 invalidum
974 1234 1143 1317 prorsus
1163 1219 1249 1289 erat
1373 1254 1376 1260 ,

8 1325 9 1416 ζ
114 1349 232 1449 utpote
262 1341 409 1422 initum
441 1349 582 1422 contra
617 1341 790 1422 formam
830 1339 1073 1440 Tridentini3
1117 1366 1248 1448 neque

112 1476 260 1584 proinde
290 1483 384 1584 post
404 1476 514 1556 hunc
534 1475 742 1583 expletum
763 1475 888 1554 ritum
908 1500 1029 1581 posse
1051 1475 1246 1583 conjuges

111 1638 150 1690 se
175 1618 357 1718 reputare
387 1608 504 1709 talea,
538 1635 586 1689 ac
617 1607 746 1690 multo
768 1609 906 1686 minus
927 1607 1061 1686 valere
1082 1607 1140 1686 rei
1162 1633 1251 1687 ma-

111 1743 204 1824 ritali
228 1769 395 1850 operam
426 1743 537 1843 dare,
571 1769 665 1823 eum
695 1742 768 1822 filii
798 1769 850 1824 ex
880 1743 949 1823 tali
981 1743 1128 1850 copula
1162 1743 1246 1824 nati

108 1878 279 1959 censendi
310 1885 446 1958 essent
476 1876 676 1983 illegitimi
697 1876 777 1957 nisi
798 1901 937 1959 coram
957 1877 1142 1958 Ecclesia
1161 1903 1250 1956 ma-

109 2009 330 2090 trimonium
366 2009 686 2091 contraheretur.
721 2009 877 2091 Deinde
908 2009 1092 2116 permisit
1121 2007 1250 2088 fideli-

8 2201 9 2204 .
109 2142 190 2243 bna,
211 2151 255 2224 ut
275 2142 435 2224 adirent
465 2142 626 2224 civilem
645 2141 953 2248 Magistratum,
977 2143 1050 2222 sed
1080 2167 1129 2222 ea
1158 2149 1248 2222 tan·

108 2285 185 2354 tum
212 2276 431 2357 intentione
462 2275 693 2357 declarandi
723 2300 843 2356 suam
874 2274 1126 2356 voluntatem
1154 2299 1251 2356 con-

8 2415 9 2422 ‘
107 2408 272 2490 trahendi
305 2410 347 2488 in
377 2418 587 2517 posterum
617 2409 659 2488 in
695 2407 796 2490 facie
836 2408 1042 2490 Ecclesiae
1082 2406 1247 2514 nuptias

8 2565 9 2572 ¹
107 2569 201 2624 nunc
230 2571 324 2625 vero
346 2544 482 2624 solum
503 2542 750 2650 adimplendi
776 2542 936 2623 civilem
956 2541 1245 2641 ceremoniam,

105 2674 256 2758 minime
285 2702 382 2758 vero
412 2675 465 2757 ad
494 2675 585 2756 illas
614 2674 815 2756 ineundas
845 2701 917 2782 per
937 2683 1129 2755 mutuum
1150 2699 1248 2754 con-

105 2833 256 2890 sensum
297 2811 347 2891 de
387 2809 605 2916 praesenti.
641 2809 751 2915 Ergo
792 2815 1083 2915 argumentum
1119 2807 1248 2888 addu-

106 2947 202 3021 ctum
217 2969 299 3022 non
315 2968 437 3049 posse
453 2941 647 3022 conlundi
663 2941 972 3023 matrimonium
988 2940 1120 3041 civile,
1140 2940 1248 3049 quod

104 3085 157 3156 est
175 3078 344 3177 licitum,
368 3104 463 3158 cum
485 3077 746 3158 matrimonio
767 3077 1034 3178 clandestino,
1058 3075 1167 3183 quod
1188 3082 1250 3154 est

8 3241 9 3248 Ν
105 3208 304 3312 illicitum,
344 3211 524 3293 continet
564 3237 726 3292 merum
766 3210 1111 3318 paralogismum;
1153 3231 1249 3286 nam

105 3349 309 3452 utrumque
351 3354 413 3426 est
455 3343 640 3426 illicitum
674 3352 713 3424 et
743 3343 835 3423 odio
874 3341 1059 3424 habitum
1092 3339 1143 3420 ab
1173 3339 1252 3420 Ec-

102 3473 225 3560 clesia:
261 3485 303 3558 at
333 3477 513 3586 primum
544 3478 700 3559 ratione
732 3475 955 3558 coactionis
985 3471 1246 3581 permittitur,

101 3616 133 3688 et
160 3611 379 3694 dummodo
410 3619 547 3719 partes
577 3638 825 3694 consensum
855 3611 1060 3692 internum
1091 3615 1251 3688 contra·

8 3813 9 3856 p
102 3738 207 3824 leudi
236 3746 286 3826 de
316 3747 519 3854 praesenti
551 3774 632 3828 non
663 3753 883 3856 praestent.
919 3744 1007 3826 Sub
1033 3741 1145 3822 hisce
1176 3765 1249 3849 pa-

8 3971 9 4000 p
101 3875 186 3958 riter
212 3880 516 3962 conditionibus
548 3881 593 3964 S.
632 3879 953 3963 Poenitentiaria
993 3875 1249 3958 Officialibus

8 4017 10 4098 ζ
99 4010 273 4096 civilibus
303 4016 506 4098 concessit
537 4025 583 4097 ut
612 4015 709 4098 huic
749 4013 1009 4096 matrimonio
1049 4008 1247 4091 adsistere

101 4145 266 4230 valerent
295 4157 417 4257 prout
447 4177 499 4231 ex
520 4150 780 4258 infrascripta
801 4146 1006 4230 facultate:
1036 4144 1117 4224 «S.
1142 4143 1248 4222 Poe·

104 4282 361 4366 ›nitentiaria
397 4285 446 4366 de
486 4284 653 4392 speciali
693 4295 733 4366 et
773 4307 971 4390 expressa
1008 4275 1247 4387 Apostolica

104 4417 384 4500 »auctoritate
415 4417 633 4500 Ordinario
664 4417 761 4500 N...
797 4415 1031 4498 facultatem
1061 4407 1246 4494 concedit
