3178 5134
352 367 416 431 286
638 375 927 427 enannncrronns
950 373 1043 426 sorus
1066 357 1233 422 canonici

358 533 410 588 no
436 505 559 584 1816.
586 501 833 582 Novissimis
854 508 993 582 autem
1013 499 1125 581 hisce
1141 500 1284 581 diebus
1304 526 1388 581 ecce
1406 500 1485 581 novi

357 641 575 745 insurgunt
605 642 776 716 conatus
805 627 878 742 pro
910 635 980 714 illa
1011 635 1289 735 instauranda,
1314 642 1351 714 et
1369 633 1406 713 in
1424 632 1491 713 Co-

357 771 482 852 mitiis
504 767 670 849 Gallicis
691 794 740 847 ea
759 767 1001 875 proponitur
1020 775 1188 874 rogante
1204 767 1399 874 Deputato
1420 764 1493 844 Na·
1580 757 1581 766 ‘

299 985 301 988 ,
356 912 451 1015 quet
470 903 642 1003 Judaeo,
668 909 787 1009 atque
818 901 858 980 in
880 901 1051 1008 Camena
1070 901 1210 981 Italica
1238 909 1398 1008 rogante
1423 899 1491 980 De·
1580 1009 1581 1012 Ν

356 1045 498 1148 putato
528 1035 701 1117 Morelli.
733 1034 818 1116 Nec
848 1035 975 1116 defuit
1005 1034 1261 1142 Scriptorum
1291 1034 1486 1133 auxilium,

357 1173 426 1282 qui
457 1169 575 1252 editis
604 1167 718 1249 libris
748 1169 789 1248 in
820 1168 1000 1249 favorem
1031 1167 1149 1248 istius
1179 1167 1281 1275 legis
1302 1167 1488 1276 publicam

359 1313 403 1388 ut
433 1306 548 1414 ajunt
568 1303 800 1411 opinionem
830 1309 1146 1402 commoverent,
1171 1301 1275 1384 inter
1304 1330 1402 1411 quos
1423 1301 1494 1410 pri-

358 1465 447 1518 mas
487 1444 623 1545 partes
662 1435 741 1516 sibi
783 1434 959 1516 vindicat
993 1435 1226 1516 Alexander
1262 1435 1413 1516 Dumas
1441 1435 1494 1514 Lu

360 1571 541 1678 question
561 1569 615 1650 du
632 1569 806 1670 dicorce,
824 1577 865 1650 et
880 1569 965 1676 jam
982 1576 1125 1676 parata
1138 1577 1235 1649 sunt
1252 1574 1491 1678 argumenta,
1580 1647 1581 1660 ι

302 1744 307 1752 ·
359 1704 509 1812 quibus
538 1701 792 1808 legislatores
814 1701 1027 1809 utriusque
1058 1701 1237 1808 regionis
1268 1701 1498 1782 inducantur
1580 1689 1581 1700 ‘

359 1836 409 1917 nd
441 1835 553 1914 illam
583 1833 713 1940 legem
744 1831 1031 1940 recipiendam.
1056 1877 1076 1893 -
1094 1834 1151 1913 At
1182 1860 1255 1914 nec
1284 1860 1359 1940 pro
1388 1853 1499 1912 causa

360 1967 540 2047 veritatis
561 1972 601 2046 et
625 1963 847 2046 catholicae
877 1963 969 2044 fidei
1001 1965 1252 2072 apologistae
1283 1965 1498 2060 defuerunt,

360 2107 400 2180 ct
420 2126 502 2208 qua
532 2099 650 2180 editis
671 2098 711 2178 in
733 2096 1052 2178 confutationem
1080 2099 1382 2206 praedictorum
1401 2095 1504 2176 volu-

361 2232 519 2313 minum
536 2231 627 2311 aliis
644 2230 745 2311 satis
762 2229 889 2311 doctis
905 2229 1021 2310 libris
1042 2231 1220 2311 maxime
1242 2229 1502 2314 accomodatis

363 2365 503 2445 nostri·
520 2365 607 2444 aevi
640 2363 778 2464 indoli,
811 2373 855 2444 ut
875 2363 987 2444 Puul
1008 2364 1139 2444 Fecul
1157 2365 1245 2444 Pus
1276 2365 1327 2446 de
1356 2364 1504 2444 dinorce

359 2499 539 2608 Reponsc
574 2525 600 2575 u
635 2499 698 2593 M.
732 2497 972 2578 Aleuundre
1002 2499 1173 2598 Ductus,
1216 2525 1299 2606 qua
1339 2493 1506 2603 vulgatis

360 2629 401 2707 in
431 2629 606 2737 publicis
636 2629 852 2737 periodicis
884 2629 991 2710 foliis
1023 2656 1150 2737 aeque
1182 2631 1314 2712 doctis
1336 2625 1507 2711 articulis

362 2764 523 2874 illorum
553 2762 806 2872 sophismata
837 2763 1056 2864 diluerunt,
1081 2773 1120 2844 et
1149 2760 1510 2845 indissolubilitatis

361 2896 606 2976 matrimonii
628 2896 843 2976 utilitatem
865 2896 947 2976 imo
965 2907 1003 2977 et
1020 2897 1304 2978 necessitatem
1327 2895 1509 2977 socialem

362 3030 756 3110 demonstraverunt.
775 3029 995 3112 indicanda
1015 3039 1151 3112 tamen
1173 3039 1234 3112 est
1255 3031 1472 3112 methodus
1492 3051 1515 3104 a

362 3162 644 3243 defensoribus
662 3162 822 3243 divortii
835 3172 1010 3244 servata.
1021 3164 1082 3244 Ea
1093 3163 1243 3272 duplex
1255 3173 1335 3268 est,
1346 3191 1441 3245 nam
1452 3158 1511 3239 alii

360 3297 578 3378 divortium
600 3300 819 3379 ostendunt
840 3299 963 3380 veluti
981 3299 1178 3407 optimam
1195 3299 1328 3406 legem
1353 3321 1514 3406 respon·

360 3432 521 3510 <lentem
563 3430 741 3511 hominis
776 3432 955 3538 juribuS,
990 3441 1029 3514 et
1060 3435 1411 3541 quemadmodum
1449 3455 1516 3539 pro

360 3563 449 3643 istis
466 3565 692 3671 proprietas
714 3573 775 3647 est
787 3566 967 3674 furtum,
989 3567 1050 3648 sic
1070 3565 1414 3648 indissolubilitas
1435 3589 1515 3644 ma·

231 3805 235 3811 ¹
361 3695 537 3774 trimonii
560 3704 622 3776 est
640 3699 855 3804 injustitia.
870 3699 988 3780 ¹Haec
1009 3711 1145 3780 tamen
1167 3701 1383 3807 pugnandi
1401 3697 1515 3795 ratio,

363 3837 500 3937 utpote
530 3857 633 3937 quae
665 3833 1051 3914 internetionnlismi
1075 3834 1264 3942 putidum
1294 3857 1524 3916 errorema

362 3965 480 4070 longe
501 3964 647 4072 sapiat,
673 3991 697 4046 a
716 3951 918 4075 plerisque
939 3968 1176 4076 despicitur,
1202 3995 1294 4049 cum
1318 3979 1426 4050 tunc
1447 3992 1523 4047 non

360 4097 495 4178 solum
527 4100 787 4207 impugnetur
817 4101 1156 4182 indissolubilitas
1196 4102 1518 4198 connubiorum,

360 4233 431 4313 sed
462 4233 551 4340 ipsa
580 4235 683 4314 ratio
714 4236 977 4327 matrimonii.
1011 4244 1049 4317 ct
1075 4235 1141 4316 via
1171 4243 1305 4344 pateat
1339 4239 1397 4319 ad
1429 4261 1518 4316 exc-

361 4373 518 4446 cratum
549 4376 729 4475 systema
759 4369 879 4449 tiberi
908 4369 1075 4449 umoris.
1115 4368 1420 4450 Moderatiorcs
1452 4393 1525 4448 au-
