3356 5118
324 445 392 510 322
618 462 889 510 rmucacmouas
913 463 1006 509 sums
1027 463 1188 511 carrorum

319 596 504 670 torrorem
536 587 848 698 privilegiorum
878 615 1068 690 suorum,
1101 595 1142 670 et
1170 589 1263 669 aliis
1288 592 1503 696 gravami-

319 726 446 806 nibus
461 749 533 804 eos
553 725 780 824 onerand0,
798 749 905 831 quae
925 732 1197 805 numerantur
1219 725 1261 804 in
1286 726 1389 836 Cap.
1419 733 1501 820 16,

319 861 393 960 17,
413 859 455 940 h.
475 866 507 939 t.
531 865 570 938 et
591 859 634 938 in
659 857 786 938 Clam.
811 859 922 939 uuio.
947 859 1018 937 ubi
1046 857 1277 966 injungitur
1302 859 1501 966 gravibus

318 992 473 1091 verbis,
505 1017 558 1071 ne
587 990 781 1098 Episcopi
813 991 1011 1072 invadant
1048 992 1303 1098 provinciam
1333 993 1501 1099 regula-

318 1127 429 1208 rium
460 1133 749 1231 exemptorum
781 1131 859 1206 etc.

378 1260 461 1340 Sed
491 1287 574 1340 non
599 1259 721 1340 modo
742 1258 953 1366 Episcopi,
978 1285 1123 1339 verum
1153 1259 1278 1340 etiam
1309 1268 1348 1340 et
1368 1261 1496 1341 Prae-

319 1395 391 1477 lati
423 1393 637 1475 inferiores
668 1402 842 1500 possunt
881 1393 1077 1474 excedere
1117 1393 1268 1474 limites
1308 1393 1499 1502 propriae

317 1531 533 1638 potestatis
554 1531 614 1609 l.⁰
635 1527 680 1607 Si
700 1528 858 1635 absque
879 1554 1085 1608 consensu
1107 1527 1317 1635 Episcopi,
1343 1535 1383 1608 et
1402 1553 1499 1634 pro-

318 1663 411 1770 pria
449 1660 692 1742 auctoritate
733 1660 879 1741 uniant
912 1659 1120 1740 Ecclesias
1150 1660 1230 1740 sibi
1270 1660 1493 1766 subjectas,

323 1795 430 1906 Cup.
463 1796 579 1876 Sicut
610 1799 654 1892 8,
692 1794 732 1873 h.
773 1803 823 1888 t,
859 1795 923 1876 vel
953 1821 1062 1875 nova
1105 1793 1321 1876 aedificent
1350 1821 1495 1876 mona-

319 1929 460 2010 steria.
499 1928 655 2008 Conctl.
695 1927 812 2010 Trid.
846 1953 944 2009 sess.
968 1931 1046 2021 25,Ι
1081 1929 1130 2008 de
1159 1927 1305 2037 Repu-l.
1332 1955 1423 2038 cap.
1448 1933 1495 2010 3.

318 2065 382 2145 2.⁰
413 2061 458 2142 Si
481 2068 732 2168 cognoscant
753 2085 904 2161 causas
929 2061 1269 2161 matrimoniales,
1298 2087 1403 2168 quae
1433 2061 1496 2140 vi-

318 2195 404 2276 deri
436 2203 612 2303 possunt
642 2220 667 2274 a
695 2195 785 2274 solo
816 2195 1038 2303 Episcopo,
1072 2193 1137 2274 vel
1167 2193 1356 2275 Praelato
1392 2193 1499 2274 Nul-

318 2329 414 2426 lius,
450 2329 521 2436 qui
547 2328 835 2436 jurisdictione
875 2329 995 2436 quasi
1031 2327 1267 2436 Episcopali
1298 2329 1492 2434 gaudeat.

321 2462 382 2542 3.ο
412 2461 458 2541 Si
489 2461 704 2569 imponant
724 2461 997 2568 poenitentias
1018 2460 1207 2567 publicas
1236 2460 1497 2542 concedendo

318 2593 611 2702 indulgentias.
652 2597 756 2703 Cap.
777 2595 849 2693 12,
874 2593 916 2674 h.
941 2601 972 2675 t.
998 2593 1111 2674 Haec
1142 2595 1252 2674 enim
1283 2597 1335 2676 ad
1359 2592 1496 2673 solum

317 2726 571 2834 Episcopum
602 2727 821 2833 pertinent,
844 2735 884 2822 et
904 2726 1083 2808 Praelati
1102 2727 1315 2809 inferiores
1338 2729 1498 2836 absque

317 2861 516 2970 peculiari
545 2860 760 2968 privilegio
790 2889 985 2969 peragere
1016 2871 1238 2971 nequeunt.

375 2995 490 3076 Haec
529 2995 733 3104 pertinent
774 2997 826 3076 ad
866 3023 1065 3078 excessus
1104 2995 1420 3104 Episcoporum,
1459 3005 1499 3078 et

316 3131 604 3211 praelatorum
640 3129 881 3210 inferiorum
896 3163 907 3233 ;
940 3158 1051 3211 nunc
1081 3157 1216 3239 pauca
1246 3132 1296 3212 de
1317 3133 1501 3212 excessi-

316 3262 399 3343 bus
424 3262 685 3344 subditorum
707 3263 750 3342 in
770 3263 999 3365 praelatos,
1024 3290 1099 3346 seu
1120 3265 1356 3372 superiores
1376 3291 1495 3345 suos.

316 3395 571 3505 Delinquunt
602 3397 680 3504 ipsi
716 3401 774 3476 l.⁰
805 3397 849 3478 Si
881 3397 1034 3478 violant
1065 3397 1283 3479 interdicta
1313 3399 1366 3478 ab
1397 3397 1501 3506 Epi-

315 3531 454 3638 scopis
484 3532 581 3630 lata,
616 3531 725 3639 quod
764 3530 999 3611 verificatur
1037 3531 1161 3612 etiam
1193 3531 1494 3640 de'Episcopis

315 3663 420 3768 ipsis
440 3663 566 3743 relate
584 3665 635 3744 ad
652 3664 825 3772 Papam,
845 3664 981 3772 prouti
998 3673 1226 3746 constater
1241 3691 1333 3778 cup.
1359 3667 1496 3746 Tanta

317 3798 394 3887 18,
428 3803 464 3875 et
496 3797 570 3878 ult.
606 3796 648 3879 b.
684 3805 712 3878 t.
746 3801 809 3878 2.⁰
840 3798 884 3878 Si
918 3799 960 3878 in
990 3797 1224 3903 collegium,
1261 3825 1336 3879 seu
1361 3797 1496 3878 socie-

314 3934 441 4009 tatem
461 3930 671 4038 publicam
692 3958 737 4013 se
758 3931 1005 4013 constituere
1027 3932 1252 4033 attendant,
1274 3957 1494 4012 commune

313 4061 515 4168 sigillum,
539 4073 579 4146 et
599 4065 682 4145 alia
702 4065 860 4172 collegii
878 4065 975 4172 jura
1001 4066 1257 4173 usurpando,
1276 4092 1354 4146 ceu
1375 4065 1495 4145 docet

314 4217 406 4303 cap.
432 4198 505 4290 14,
530 4197 571 4280 h.
597 4207 626 4279 t.
654 4201 713 4281 3.⁰
745 4199 789 4279 Si
820 4207 981 4280 mutent
1010 4199 1090 4279 sibi
1121 4225 1294 4280 causam
1324 4223 1491 4306 posses-

315 4326 461 4429 sionis,
496 4331 555 4412 uti
577 4341 686 4414 esset
706 4333 742 4413 si
764 4333 943 4414 vicarius
973 4332 1051 4413 sibi
1084 4340 1294 4441 arrogaret
1323 4332 1492 4414 titulum

314 4463 485 4545 rectoris
524 4465 777 4575 principalis,
810 4495 894 4576 qua
932 4469 982 4548 de
1013 4493 1056 4548 re
1090 4467 1152 4550 uti
1192 4465 1417 4576 perjuriuS,
1452 4473 1495 4544 et
