3136 5138
330 324 394 387 164
617 335 910 387 rnnunucnonus
934 335 1027 385 runis
1052 333 1220 385 annosior

339 473 493 546 »sante
524 473 637 546 metu
669 463 843 545 clericus
873 469 1008 544 ratum
1038 461 1187 542 habeat
1217 462 1353 560 libere,
1386 461 1481 569 quod

339 599 473 706 »ogit
499 598 846 706 quemadmodum
872 596 1140 703 contingeret,
1165 595 1201 676 si
1222 595 1399 676 officium
1422 622 1483 675 su-

341 741 517 840 »soepto
547 730 679 812 ordini
711 731 918 811 adnexum
949 739 1094 837 sponte
1124 737 1385 810 exemeret.»

451 868 510 946 3.⁰
540 863 605 944 Ex
636 891 717 972 quo
747 865 841 944 tulis
871 864 1075 944 sententia
1096 862 1217 944 fuerit
1237 861 1415 970 praelata
1434 861 1484 940 al-

334 1001 408 1082 tori
430 999 602 1081 edicenti
626 997 752 1078 fuisse
774 998 889 1078 irrita
910 998 1017 1078 lacta
1032 997 1273 1078 clericorum
1296 996 1483 1102 majorum

333 1133 541 1228 connubia
553 1131 719 1212 saeoulo
735 1133 825 1232 XII,
845 1133 963 1212 facile
980 1132 1219 1238 intelligitur
1234 1157 1309 1210 cur
1324 1131 1371 1212 ea
1386 1155 1485 1209 com·

334 1265 557 1373 prehendat
573 1290 734 1372 quoque
745 1263 971 1344 Ecclesiam
984 1291 1190 1370 graecam.
1207 1261 1373 1344 Certum
1388 1261 1483 1342 enim

334 1408 396 1479 est
417 1399 606 1478 Oenones
623 1396 821 1477 aLutinis
842 1397 973 1478 editos
994 1396 1277 1504 disciplinares
1298 1405 1388 1503 post
1406 1420 1485 1473 sue-

334 1533 472 1613 onlum
491 1533 549 1612 IX
566 1559 648 1612 non
669 1533 901 1640 respexisse
917 1531 1143 1612 Ecclesiam
1166 1555 1372 1636 graecam,
1390 1528 1483 1635 quod

332 1667 383 1748 ab
413 1664 607 1745 omnibus
638 1664 879 1744 admittitur.
916 1664 1052 1757 Quam
1082 1664 1327 1744 sententiam
1358 1669 1484 1742 secuta

332 1809 394 1880 est
415 1800 458 1879 S.
485 1798 756 1904 Congregetio
787 1799 836 1878 de
857 1799 1130 1906 Propaganda
1149 1799 1250 1878 Fide
1282 1797 1323 1876 in
1343 1798 1485 1876 lustru-

332 1935 462 2014 ctioue
492 1934 734 2012 transmisso
774 1932 831 2011 ud
860 1932 1221 2042 Arclu'episcopum
1251 1931 1486 2012 Provinciae

330 2057 645 2146 Ec'etesiascieae
665 2066 978 2173 Fogyorusicusis
1010 2071 1046 2143 et
1073 2065 1397 2146 Albo-Julicusis
1423 2060 1484 2140 sul>

329 2200 397 2280 dic
429 2201 485 2278 24
515 2199 668 2278 Martii
698 2199 822 2297 18583
857 2197 976 2304 cujus
1006 2205 1187 2277 tenorem
1219 2203 1400 2304 praestat
1427 2192 1483 2272 hic

330 2333 495 2412 referre:
509 2377 529 2390 -
545 2365 562 2406 «
579 2331 672 2411 Non
689 2329 787 2412 latet
802 2331 1128 2438 Amplitudinem
1145 2331 1278 2410 Tuam
1297 2336 1485 2437 quantum

334 2465 612 2573 »Apostolica
631 2463 759 2545 Sedes
791 2464 1076 2566 elaboraverit,
1112 2474 1157 2546 ut
1187 2464 1331 2545 fideles
1361 2463 1487 2570 cujus-

334 2625 548 2707 »oumqne
593 2599 697 2678 ritus
737 2625 785 2678 ao
825 2597 1090 2706 disciplinae,
1139 2599 1264 2679 veluti
1311 2597 1485 2679 membra

333 2733 554 2840 »ejusdem
586 2732 747 2840 mystici
778 2732 961 2839 eorporis
991 2733 1070 2814 sub
1104 2758 1185 2812 uno
1215 2733 1257 2811 in
1288 2733 1409 2812 terris
1428 2754 1487 2810 cu-

334 2899 350 2939 »
374 2864 454 2972 pite
475 2865 613 2946 divina
634 2863 890 2945 institutione
912 2865 1144 2972 conjuncta,
1170 2865 1211 2945 in
1235 2864 1392 2946 unitate
1411 2862 1487 2970 spi-

332 3034 349 3074 »
373 2999 476 3080 ritus
497 2997 689 3078 inviolate
710 3007 954 3106 perstarent3
975 3007 1097 3106 atque
1119 3007 1165 3079 ut
1185 2997 1309 3079 etiem
1334 2999 1389 3078 illi
1407 2997 1483 3106 qui,

333 3169 349 3206 »
372 3161 395 3213 n
411 3133 580 3215 veritate
597 3131 861 3233 declinantes
881 3134 934 3212 ab
954 3134 1107 3214 unitate
1124 3133 1328 3214 catholiea
1345 3133 1486 3214 disces-

334 3301 349 3336 »
371 3276 524 3370 serant,
558 3266 723 3348 tandem
762 3267 982 3374 aliquando
1024 3269 1075 3348 ad
1106 3266 1314 3348 Ecclesiae
1357 3267 1484 3347 sinum

332 3399 561 3500 »redirent;
594 3400 768 3508 denique
791 3407 836 3479 ut
856 3398 995 3480 unitas
1025 3399 1118 3481 fidei
1147 3427 1195 3481 ao
1215 3401 1414 3482 sanctitas
1434 3397 1488 3478 di-

333 3563 349 3602 »
371 3531 567 3638 soiplinae
590 3531 742 3639 ubique
763 3538 965 3612 terrarum
982 3532 1159 3614 floreret.
1179 3533 1376 3613 -Etenim
1399 3555 1484 3612 cum

333 3663 487 3764 »lidos
521 3691 593 3772 per
623 3663 834 3746 infallibile
855 3665 1063 3748 Ecclesiae
1093 3667 1381 3774 magisterium
1402 3691 1487 3773 pro-

332 3795 527 3902 »posita,
571 3825 652 3879 non
693 3797 886 3880 humanis
931 3800 1186 3902 rationibus,
1229 3800 1301 3881 sed
1343 3798 1487 3881 divinis

331 3961 349 4002 »
371 3954 539 4034 prorsus
560 3929 739 4012 oraculis
754 3931 910 4042 Deique
931 3934 1150 4016 revelantis
1173 3934 1414 4019 auctoritate
1431 3933 1485 4011 in-

330 4061 540 4165 «nitatur,
576 4065 698 4146 unica
736 4067 903 4148 omnino
944 4069 1167 4177 eademque
1199 4068 1307 4176 apud
1348 4091 1486 4146 omnes

331 4221 461 4278 »esse
491 4198 609 4279 debet
640 4199 708 4307 qui
740 4199 890 4282 Christi
912 4201 1070 4310 Corpus
1101 4202 1348 4284 constituere
1379 4209 1419 4281 et
1448 4199 1485 4277 in

330 4332 490 4414 »unico
521 4333 610 4441 ejus
645 4334 750 4415 ovile
782 4335 916 4416 vivere
957 4345 1167 4445 exoptant:
1213 4335 1486 4418 ecclesiastica
