3386 5126
310 364 373 430 172
609 382 879 432 nmmuomoues
903 385 996 431 sums
1018 383 1174 430 cauom

395 515 638 595 Judaismus
671 539 765 594 vero
797 520 859 594 est
889 511 1122 612 infidelitas,
1158 513 1221 593 vel
1253 540 1367 594 error
1397 515 1487 596 illc-

311 675 421 749 rum,
456 648 525 756 qui
557 648 690 754 legem
722 647 940 729 dumtaxat
969 647 1197 728 Mosaicam
1229 649 1385 757 absque
1406 649 1488 730 fide

315 781 357 862 in
399 781 606 862 Christum
648 789 872 884 scetantur,
906 808 982 863 seu
1014 782 1195 863 Judaeos
1226 808 1318 864 esse
1353 783 1488 865 adhuc

315 915 463 996 veteris
475 916 705 998 testamenti
728 916 907 996 cultores
928 925 1126 1024 negantes
1137 915 1346 998 Christum
1360 917 1487 998 luisse

315 1051 449 1130 Deum
489 1059 529 1130 et
568 1050 886 1157 Redemptorem
927 1061 1114 1134 nostrum
1154 1052 1257 1133 satis
1293 1051 1488 1132 omnibus

310 1191 456 1266 uotum
490 1194 565 1268 est.

403 1319 612 1427 Quidquid
644 1319 741 1402 olim
775 1320 897 1402 luerit
916 1322 966 1402 de
986 1320 1171 1420 ludaeis
1191 1328 1231 1402 et
1251 1321 1487 1422 Saracenis,

316 1453 434 1534 multi
476 1453 586 1534 enim
627 1454 758 1535 multa
794 1454 948 1555 dic-unt,
983 1455 1103 1538 hodie
1135 1454 1489 1536 indiscriminatim

318 1589 668 1698 quemadmodum
691 1590 904 1670 Hebraeos
920 1590 1095 1671 dicimus
1112 1615 1397 1700 quoscumque
1412 1590 1491 1672 sei-

319 1749 413 1803 mus
444 1732 563 1804 vetus
595 1722 730 1804 adhuc
761 1730 1050 1805 testamentum
1082 1749 1263 1822 servare,
1297 1731 1337 1805 et
1357 1723 1493 1804 Evan-

318 1855 473 1963 gelium
504 1855 740 1958 abhorrere,
776 1855 831 1938 ita
862 1857 1090 1940 Saracenos
1128 1882 1325 1939 vocamus
1366 1881 1493 1965 paga-

319 2016 409 2089 nos,
443 1989 643 2092 ethnicos,
677 1991 931 2099 gentilesque
971 2018 1253 2102 quoscumque
1289 1990 1491 2071 idolorum

319 2123 556 2232 superstitio
587 2124 756 2226 detinet,
790 2153 864 2206 seu
895 2125 1047 2234 supina
1082 2125 1229 2207 misere
1250 2123 1388 2205 obruit
1409 2122 1493 2204 reri

327 2257 402 2338 Dei
444 2259 664 2366 ignoratio,
698 2286 802 2368 quos
837 2261 997 2369 jamdiu
1039 2261 1165 2342 lerme
1195 2285 1339 2340 omnes
1370 2257 1495 2364 impia

323 2391 572 2471 Mahometis
602 2395 789 2474 doctrina
819 2395 1012 2502 pervasit,
1047 2394 1196 2475 Persas
1218 2393 1322 2493 dice,
1349 2391 1496 2472 Tarta-

323 2550 406 2624 rOS,
450 2527 626 2628 Arabes
671 2529 914 2636 Aegyptios
957 2529 1191 2629 AsricanoS,
1227 2529 1415 2628 Mauros
1458 2531 1496 2606 et

320 2665 516 2756 caeteros,
538 2686 642 2767 quos
664 2687 738 2742 nec
759 2663 1017 2744 circumcisio
1039 2663 1232 2744 Abrahae
1254 2661 1361 2742 filios
1384 2659 1492 2760 feeit,

325 2822 400 2875 nee
431 2796 690 2901 baptismatis
721 2798 833 2877 unda
863 2795 1025 2877 Christo
1059 2796 1327 2904 regeneravit.
1365 2795 1497 2876 Nemo

324 2927 419 3010 inde
436 2956 518 3010 non
535 2929 702 3037 colligit,
720 2932 893 3038 gentiles
916 2932 1118 3012 idolorum
1135 2928 1497 3038 superstitionibus

326 3065 551 3146 servientes
568 3074 762 3174 perpetuo
786 3067 913 3147 luisse
937 3063 1197 3148 detestabiles
1219 3065 1329 3172 apud
1345 3063 1494 3160 Deum,

323 3199 497 3304 judaeos
539 3209 677 3280 autem
719 3227 849 3309 usque
890 3201 942 3281 ad
978 3197 1128 3280 Christi
1161 3198 1382 3290 adventum
1414 3193 1500 3275 Deo

329 3343 482 3440 gratoS,
517 3341 639 3441 atque
669 3333 852 3434 dilectoS,
890 3340 988 3414 tune
1018 3332 1198 3441 primum
1221 3357 1316 3412 vero
1342 3326 1502 3410 abomi-

331 3467 488 3549 nabiles
507 3469 651 3572 lactos,
671 3470 836 3578 quando
853 3467 1002 3549 Christi
1019 3466 1251 3548 Servatoris
1268 3471 1498 3574 praecepta,

329 3601 370 3678 in
403 3601 554 3706 quibus
584 3603 741 3707 figurae
773 3593 942 3683 veteres¹
961 3589 1285 3710 complebantur,
1322 3597 1503 3706 recipere

332 3731 674 3816 detrectaverunt.
709 3737 967 3843 Siquidema
997 3735 1145 3816 Christi
1179 3733 1411 3815 Servatoris
1432 3731 1505 3811 ad-

337 3873 459 3946 ventu
484 3893 567 3948 une
587 3867 811 3951 christiana
832 3871 975 3979 religio
998 3896 1136 3950 veram
1158 3893 1320 3976 semper
1341 3863 1502 3966 habuit,

332 4007 371 4081 et
402 4027 643 4109 germanam
687 4003 806 4086 iidem
843 4003 1008 4112 judaeis
1043 4031 1188 4112 aeque,
1222 4027 1270 4082 ac
1301 3997 1507 4082 universis

333 4136 525 4240 gentibus
558 4139 888 4246 praedicandam,
915 4140 1023 4248 qnod
1045 4139 1185 4220 divina
1205 4161 1305 4217 sane
1326 4133 1508 4214 illustra-

333 4276 443 4356 tione
462 4275 678 4384 perlecturi
698 4275 887 4382 apostoli,
899 4275 1048 4355 Petrus
1066 4271 1323 4382 praesertim,
1338 4267 1509 4349 aoPau-

334 4408 416 4512 lus,
451 4417 491 4490 et
522 4418 678 4515 gentes,
713 4416 752 4490 et
777 4409 951 4517 judaeos
982 4409 1023 4489 in
1045 4404 1195 4488 Christi
1218 4403 1297 4484 fide
1317 4398 1511 4484 erudien-
