3386 5126
310 377 378 444 202
616 393 883 441 mmmmm
906 391 1179 440 manassem

312 523 520 632 scopalem
540 521 739 602 habentos
768 521 809 598 in
840 519 1043 600 territorio
1072 544 1168 616 suc,
1206 523 1269 598 4.ο
1288 520 1485 602 Proelcti

313 658 479 739 tandem
497 657 705 766 repuleras
724 655 901 762 exempti
925 680 975 734 ex
997 653 1262 734 concessione
1283 653 1330 734 S.
1349 653 1412 734 Pii
1424 655 1481 738 V.

316 792 377 872 Ila
408 789 778 896 Schmalzgrueber
807 789 849 870 h.
884 797 915 871 t.
947 817 990 870 n.
1025 789 1131 880 187,
1163 797 1200 868 et
1233 815 1394 898 sequen.

713 1314 952 1396 TITULUS
982 1313 1088 1395 VIII.

462 1585 527 1664 Dc
560 1581 848 1676 schismatica,
881 1591 919 1663 et
948 1582 1154 1665 ordinatis
1183 1582 1234 1662 ab
1269 1583 1343 1662 cis.
1451 1599 1455 1604 '

407 1849 658 1957 Compilator
688 1849 953 1932 decretalium
975 1857 1195 1959 postquam
1226 1849 1268 1930 in
1289 1849 1491 1957 superiori

321 1984 440 2065 titulo
457 1984 655 2091 loquutus
676 1991 738 2064 est
759 1984 809 2064 de
830 1984 1060 2084 haereticis,
1086 1984 1230 2064 merito
1252 2009 1361 2064 nunc
1379 1991 1493 2064 tran·

321 2117 448 2200 situm
472 2117 569 2200 lacit
598 2119 650 2200 ad
673 2126 929 2227 praesentem
952 2119 1133 2216 titulum,
1160 2117 1267 2198 idest
1286 2117 1338 2198 ad
1363 2117 1496 2200 schis-

323 2253 511 2354 maticos,
546 2253 644 2360 quia
673 2253 766 2334 licet
795 2252 1046 2333 schismatici
1079 2277 1161 2331 non
1181 2251 1264 2331 sint
1284 2249 1489 2351 haeretici,

324 2393 503 2465 attamen
534 2387 611 2494 ipsi
643 2387 885 2494 plerumque
916 2386 957 2464 in
999 2384 1203 2466 haeresim
1225 2383 1424 2482 incidunt,
1450 2393 1495 2466 ut

324 2516 477 2597 Iactum
508 2546 633 2600 suum
666 2519 950 2619 cohonestare,
984 2526 1023 2600 et
1060 2518 1275 2599 defendere
1317 2518 1493 2619 valcant,

323 2675 399 2733 ceu
431 2677 528 2731 mox
562 2653 602 2732 in
635 2650 774 2757 aprico
805 2651 1086 2734 collocabitur.

410 2785 588 2864 Duabus
619 2783 805 2891 partibus
836 2791 999 2866 constat
1027 2809 1223 2891 praesens
1255 2783 1434 2866 rubrica.
1453 2784 1497 2863 In

324 2915 457 3025 prima
497 2925 612 3023 parte
651 2917 877 3025 quaeritur,
916 2944 1121 3026 quaenam
1163 2945 1318 3027 poenae
1358 2926 1500 2999 contra

322 3049 608 3132 schismaticos
638 3053 690 3133 ab
721 3053 907 3134 Ecclesia
936 3053 1183 3134 constitutae
1219 3051 1322 3152 sint,
1357 3051 1398 3132 in
1434 3077 1500 3132 se·

323 3184 460 3264 cunda
491 3211 586 3266 vero
618 3187 844 3295 quaeritur,
873 3187 971 3296 quid
993 3187 1244 3268 censendum
1266 3186 1315 3266 de
1337 3185 1500 3268 actibus

325 3315 498 3400 istorum
519 3318 893 3433 schismaticorum,
928 3327 967 3400 et
987 3319 1229 3427 praesertim
1262 3320 1312 3400 de
1336 3317 1502 3399 ordina·
1656 3323 1659 3376 ἑ

325 3451 434 3532 tione
471 3454 523 3534 ab
556 3453 658 3561 ipsis
688 3452 897 3560 impertita
926 3453 1087 3534 Harum
1123 3460 1265 3534 tamen
1296 3451 1503 3561 quaestIQ-
1654 3451 1656 3456 ’

329 3611 430 3664 num
453 3585 744 3666 resolutionem
766 3586 920 3667 claram
950 3585 1101 3666 habere
1122 3587 1234 3668 haud
1256 3586 1499 3694 poterimuS,

328 3715 406 3795 nisi
445 3717 559 3824 prius
595 3728 781 3801 exactam
823 3719 1058 3802 schismatis
1100 3720 1306 3802 nollonem
1349 3720 1504 3800 habue-

328 3874 474 3932 rimus.

414 3981 604 4066 Schisma
626 3986 829 4092 generice,
855 3994 895 4067 et
920 3987 1031 4094 large
1062 3995 1276 4095 sumptum
1309 4013 1503 4094 graecum

328 4140 478 4196 nomen
499 4125 575 4218 est,
601 4121 709 4226 quod
731 4119 974 4219 scissuram,
1009 4127 1049 4202 et
1079 4120 1323 4202 divisionem
1346 4119 1507 4228 signifi·

335 4253 414 4328 cat.
435 4249 494 4330 Ita
514 4251 618 4361 Cap.
640 4255 718 4352 34,
738 4281 849 4336 caus.
868 4257 947 4348 24,
967 4283 1006 4363 q.
1031 4259 1093 4336 1.ει
1107 4255 1301 4334 -ibi—
1316 4255 1508 4336 Schisma
1666 4255 1667 4260 ‘

332 4379 532 4488 etquidem
564 4383 709 4494 ipsum,
745 4386 854 4494 quod
887 4415 1077 4497 praecum
1099 4415 1242 4470 nomeu
1263 4396 1334 4481 est,
1357 4390 1509 4470 scissu-
1665 4489 1666 4506 Ν
