<?xml version="1.0" encoding="UTF-8"?>
<!DOCTYPE html PUBLIC "-//W3C//DTD XHTML 1.0 Transitional//EN"
    "http://www.w3.org/TR/xhtml1/DTD/xhtml1-transitional.dtd">
<html xmlns="http://www.w3.org/1999/xhtml" xml:lang="en" lang="en">
 <head>
  <title>
</title>
<meta http-equiv="Content-Type" content="text/html;charset=utf-8" />
  <meta name='ocr-system' content='tesseract 3.04.00' />
  <meta name='ocr-capabilities' content='ocr_page ocr_carea ocr_par ocr_line ocrx_word'/>
</head>
<body>
  <div class='ocr_page' id='page_1' title='image "./praelectionesju00angegoog/praelectionesju00angegoog_0481.png"; bbox 0 0 3388 5136; ppageno 0'>
   <div class='ocr_carea' id='block_1_1' title="bbox 305 357 1165 426">
    <p class='ocr_par' dir='ltr' id='par_1_1' title="bbox 305 357 1165 426">
     <span class='ocr_line' id='line_1_1' title="bbox 305 357 1165 426; baseline -0.009 -2"><span class='ocrx_word' id='word_1_1' title='bbox 305 357 370 426; x_wconf 80' lang='lat'>118</span> <span class='ocrx_word' id='word_1_2' title='bbox 600 371 871 419; x_wconf 77' lang='lat' dir='ltr'>ranunuormnus</span> <span class='ocrx_word' id='word_1_3' title='bbox 893 371 985 417; x_wconf 84' lang='lat' dir='ltr'>Juars</span> <span class='ocrx_word' id='word_1_4' title='bbox 1007 369 1165 416; x_wconf 71' lang='lat' dir='ltr'>canorum</span> 
     </span>
    </p>
   </div>
   <div class='ocr_carea' id='block_1_2' title="bbox 186 497 1535 4495">
    <p class='ocr_par' dir='ltr' id='par_1_2' title="bbox 186 497 1483 2350">
     <span class='ocr_line' id='line_1_2' title="bbox 297 497 1478 608; baseline -0.002 -22"><span class='ocrx_word' id='word_1_5' title='bbox 297 507 498 588; x_wconf 84' lang='lat' dir='ltr'>rationem</span> <span class='ocrx_word' id='word_1_6' title='bbox 530 502 682 582; x_wconf 89' lang='lat' dir='ltr'>habere</span> <span class='ocrx_word' id='word_1_7' title='bbox 713 499 832 608; x_wconf 92' lang='lat' dir='ltr'>pretii</span> <span class='ocrx_word' id='word_1_8' title='bbox 865 497 1121 606; x_wconf 87' lang='lat' dir='ltr'>temporalis,</span> <span class='ocrx_word' id='word_1_9' title='bbox 1155 505 1196 591; x_wconf 86' lang='lat' dir='ltr'>et</span> <span class='ocrx_word' id='word_1_10' title='bbox 1215 499 1403 583; x_wconf 86' lang='lat' dir='ltr'>sufficere</span> <span class='ocrx_word' id='word_1_11' title='bbox 1426 504 1478 585; x_wconf 87' lang='lat' dir='ltr'>ad</span> 
     </span>
     <span class='ocr_line' id='line_1_3' title="bbox 298 631 1483 721; baseline -0.003 0"><span class='ocrx_word' id='word_1_12' title='bbox 298 637 629 721; x_wconf 79' lang='lat' dir='ltr'>constituendam</span> <span class='ocrx_word' id='word_1_13' title='bbox 646 635 866 715; x_wconf 85' lang='lat' dir='ltr'><strong>simoniam</strong></span> <span class='ocrx_word' id='word_1_14' title='bbox 885 632 1157 713; x_wconf 90' lang='lat' dir='ltr'>tradiderunt.</span> <span class='ocrx_word' id='word_1_15' title='bbox 1184 631 1353 713; x_wconf 77' lang='lat' dir='ltr'><strong>Primus</strong></span> <span class='ocrx_word' id='word_1_16' title='bbox 1373 635 1483 716; x_wconf 89' lang='lat' dir='ltr'>inter</span> 
     </span>
     <span class='ocr_line' id='line_1_4' title="bbox 297 765 1481 879; baseline -0.003 -25"><span class='ocrx_word' id='word_1_17' title='bbox 297 775 458 870; x_wconf 87' lang='lat' dir='ltr'>Patres,</span> <span class='ocrx_word' id='word_1_18' title='bbox 494 771 564 879; x_wconf 92' lang='lat' dir='ltr'>qui</span> <span class='ocrx_word' id='word_1_19' title='bbox 598 769 827 850; x_wconf 88' lang='lat' dir='ltr'>docuerunt</span> <span class='ocrx_word' id='word_1_20' title='bbox 858 793 1011 847; x_wconf 91' lang='lat' dir='ltr'>munus</span> <span class='ocrx_word' id='word_1_21' title='bbox 1042 765 1120 848; x_wconf 90' lang='lat' dir='ltr'>hoc</span> <span class='ocrx_word' id='word_1_22' title='bbox 1151 766 1193 846; x_wconf 92' lang='lat' dir='ltr'>in</span> <span class='ocrx_word' id='word_1_23' title='bbox 1214 773 1298 848; x_wconf 90' lang='lat' dir='ltr'>tres</span> <span class='ocrx_word' id='word_1_24' title='bbox 1319 771 1481 876; x_wconf 87' lang='lat' dir='ltr'>species</span> 
     </span>
     <span class='ocr_line' id='line_1_5' title="bbox 297 900 1476 1017; baseline -0.004 -28"><span class='ocrx_word' id='word_1_25' title='bbox 297 905 491 1017; x_wconf 80' lang='lat' dir='ltr'>dispesci,</span> <span class='ocrx_word' id='word_1_26' title='bbox 525 904 604 984; x_wconf 84' lang='lat' dir='ltr'>fuit</span> <span class='ocrx_word' id='word_1_27' title='bbox 625 905 669 985; x_wconf 89' lang='lat' dir='ltr'>S.</span> <span class='ocrx_word' id='word_1_28' title='bbox 690 901 986 1012; x_wconf 79' lang='lat' dir='ltr'>HyeronimuS‚</span> <span class='ocrx_word' id='word_1_29' title='bbox 1011 900 1080 1008; x_wconf 94' lang='lat' dir='ltr'>qui</span> <span class='ocrx_word' id='word_1_30' title='bbox 1104 901 1249 982; x_wconf 89' lang='lat' dir='ltr'>aetatis</span> <span class='ocrx_word' id='word_1_31' title='bbox 1271 929 1374 982; x_wconf 87' lang='lat' dir='ltr'>suae</span> <span class='ocrx_word' id='word_1_32' title='bbox 1390 903 1476 1010; x_wconf 91' lang='lat' dir='ltr'>jam</span> 
     </span>
     <span class='ocr_line' id='line_1_6' title="bbox 298 1035 1476 1140; baseline 0 -20"><span class='ocrx_word' id='word_1_33' title='bbox 298 1042 596 1123; x_wconf 78' lang='lat' dir='ltr'>invalescentes</span> <span class='ocrx_word' id='word_1_34' title='bbox 618 1037 778 1119; x_wconf 88' lang='lat' dir='ltr'>abusus</span> <span class='ocrx_word' id='word_1_35' title='bbox 799 1035 943 1116; x_wconf 93' lang='lat' dir='ltr'>dolens</span> <span class='ocrx_word' id='word_1_36' title='bbox 963 1035 1064 1116; x_wconf 88' lang='lat' dir='ltr'>haec</span> <span class='ocrx_word' id='word_1_37' title='bbox 1095 1035 1198 1118; x_wconf 81' lang='lat' dir='ltr'>dixit</span> <span class='ocrx_word' id='word_1_38' title='bbox 1230 1037 1273 1114; x_wconf 90' lang='lat' dir='ltr'>in</span> <span class='ocrx_word' id='word_1_39' title='bbox 1298 1037 1404 1119; x_wconf 87' lang='lat' dir='ltr'>Can.</span> <span class='ocrx_word' id='word_1_40' title='bbox 1430 1045 1476 1140; x_wconf 83' lang='lat'>6,</span> 
     </span>
     <span class='ocr_line' id='line_1_7' title="bbox 186 1169 1479 1281; baseline -0.004 -24"><span class='ocrx_word' id='word_1_41' title='bbox 186 1249 193 1258; x_wconf 91' lang='lat'>.</span> <span class='ocrx_word' id='word_1_42' title='bbox 299 1200 410 1256; x_wconf 83' lang='lat' dir='ltr'>caus.</span> <span class='ocrx_word' id='word_1_43' title='bbox 446 1178 491 1276; x_wconf 87' lang='lat'>8,</span> <span class='ocrx_word' id='word_1_44' title='bbox 525 1201 565 1281; x_wconf 81' lang='lat' dir='ltr'>q.</span> <span class='ocrx_word' id='word_1_45' title='bbox 603 1178 647 1272; x_wconf 84' lang='lat'>1,</span> <span class='ocrx_word' id='word_1_46' title='bbox 683 1171 813 1251; x_wconf 90' lang='lat' dir='ltr'>-ibi</span> <span class='ocrx_word' id='word_1_47' title='bbox 843 1217 886 1230; x_wconf 84' lang='lat'>-—</span> <span class='ocrx_word' id='word_1_48' title='bbox 915 1169 1076 1251; x_wconf 79' lang='lat' dir='ltr'>«Nunc</span> <span class='ocrx_word' id='word_1_49' title='bbox 1106 1169 1316 1251; x_wconf 90' lang='lat' dir='ltr'>cernimus</span> <span class='ocrx_word' id='word_1_50' title='bbox 1338 1171 1479 1278; x_wconf 89' lang='lat' dir='ltr'>plures</span> 
     </span>
     <span class='ocr_line' id='line_1_8' title="bbox 302 1303 1479 1412; baseline 0.002 -27"><span class='ocrx_word' id='word_1_51' title='bbox 302 1307 449 1390; x_wconf 82' lang='lat' dir='ltr'>&gt;hanc</span> <span class='ocrx_word' id='word_1_52' title='bbox 489 1333 575 1388; x_wconf 90' lang='lat' dir='ltr'>rem</span> <span class='ocrx_word' id='word_1_53' title='bbox 617 1305 863 1386; x_wconf 87' lang='lat' dir='ltr'>beneficium</span> <span class='ocrx_word' id='word_1_54' title='bbox 906 1303 1038 1386; x_wconf 87' lang='lat' dir='ltr'>lacere</span> <span class='ocrx_word' id='word_1_55' title='bbox 1081 1304 1206 1412; x_wconf 89' lang='lat' dir='ltr'>(hanc</span> <span class='ocrx_word' id='word_1_56' title='bbox 1237 1331 1340 1405; x_wconf 91' lang='lat' dir='ltr'>rem,</span> <span class='ocrx_word' id='word_1_57' title='bbox 1376 1305 1479 1388; x_wconf 80' lang='lat' dir='ltr'>idest</span> 
     </span>
     <span class='ocr_line' id='line_1_9' title="bbox 302 1437 1476 1546; baseline 0.003 -30"><span class='ocrx_word' id='word_1_58' title='bbox 302 1441 606 1522; x_wconf 73' lang='lat' dir='ltr'>»tributionem</span> <span class='ocrx_word' id='word_1_59' title='bbox 636 1438 1023 1519; x_wconf 83' lang='lat' dir='ltr'>Ecclesiasticorum</span> <span class='ocrx_word' id='word_1_60' title='bbox 1053 1437 1283 1546; x_wconf 85' lang='lat' dir='ltr'>muncrum)</span> <span class='ocrx_word' id='word_1_61' title='bbox 1317 1445 1364 1520; x_wconf 90' lang='lat' dir='ltr'>ut</span> <span class='ocrx_word' id='word_1_62' title='bbox 1395 1465 1476 1521; x_wconf 91' lang='lat' dir='ltr'>non</span> 
     </span>
     <span class='ocr_line' id='line_1_10' title="bbox 302 1571 1478 1681; baseline 0.003 -31"><span class='ocrx_word' id='word_1_63' title='bbox 302 1607 319 1650; x_wconf 81' lang='lat'><strong>»</strong></span> <span class='ocrx_word' id='word_1_64' title='bbox 342 1579 543 1681; x_wconf 87' lang='lat' dir='ltr'>quaerant</span> <span class='ocrx_word' id='word_1_65' title='bbox 560 1599 630 1652; x_wconf 87' lang='lat' dir='ltr'>eos</span> <span class='ocrx_word' id='word_1_66' title='bbox 647 1571 688 1650; x_wconf 91' lang='lat' dir='ltr'>in</span> <span class='ocrx_word' id='word_1_67' title='bbox 711 1571 920 1653; x_wconf 75' lang='lat' dir='ltr'>Ecclesiae</span> <span class='ocrx_word' id='word_1_68' title='bbox 941 1572 1096 1678; x_wconf 87' lang='lat' dir='ltr'>erigere</span> <span class='ocrx_word' id='word_1_69' title='bbox 1117 1571 1349 1672; x_wconf 71' lang='lat' dir='ltr'>columnas²</span> <span class='ocrx_word' id='word_1_70' title='bbox 1374 1600 1478 1680; x_wconf 91' lang='lat' dir='ltr'>quos</span> 
     </span>
     <span class='ocr_line' id='line_1_11' title="bbox 303 1704 1481 1816; baseline 0.006 -35"><span class='ocrx_word' id='word_1_71' title='bbox 303 1706 437 1816; x_wconf 78' lang='lat' dir='ltr'>»plus</span> <span class='ocrx_word' id='word_1_72' title='bbox 477 1713 729 1813; x_wconf 84' lang='lat' dir='ltr'>cognoscant</span> <span class='ocrx_word' id='word_1_73' title='bbox 769 1704 980 1788; x_wconf 86' lang='lat' dir='ltr'>Ecclesiae</span> <span class='ocrx_word' id='word_1_74' title='bbox 1026 1707 1236 1813; x_wconf 77' lang='lat' dir='ltr'>prodesse,</span> <span class='ocrx_word' id='word_1_75' title='bbox 1270 1707 1341 1788; x_wconf 83' lang='lat' dir='ltr'>scd</span> <span class='ocrx_word' id='word_1_76' title='bbox 1374 1733 1481 1816; x_wconf 89' lang='lat' dir='ltr'>quos</span> 
     </span>
     <span class='ocr_line' id='line_1_12' title="bbox 303 1837 1479 1948; baseline 0.004 -31"><span class='ocrx_word' id='word_1_77' title='bbox 303 1841 405 1922; x_wconf 79' lang='lat' dir='ltr'>»vel</span> <span class='ocrx_word' id='word_1_78' title='bbox 437 1839 513 1948; x_wconf 90' lang='lat' dir='ltr'>ipsi</span> <span class='ocrx_word' id='word_1_79' title='bbox 547 1845 703 1940; x_wconf 91' lang='lat' dir='ltr'>amant,</span> <span class='ocrx_word' id='word_1_80' title='bbox 738 1837 802 1919; x_wconf 90' lang='lat' dir='ltr'>vel</span> <span class='ocrx_word' id='word_1_81' title='bbox 834 1865 1012 1947; x_wconf 91' lang='lat' dir='ltr'>quorum</span> <span class='ocrx_word' id='word_1_82' title='bbox 1043 1848 1142 1921; x_wconf 91' lang='lat' dir='ltr'>sunt</span> <span class='ocrx_word' id='word_1_83' title='bbox 1171 1841 1382 1948; x_wconf 86' lang='lat' dir='ltr'>obsequiis</span> <span class='ocrx_word' id='word_1_84' title='bbox 1408 1842 1479 1922; x_wconf 89' lang='lat' dir='ltr'>de-</span> 
     </span>
     <span class='ocr_line' id='line_1_13' title="bbox 304 1973 1478 2084; baseline 0.004 -35"><span class='ocrx_word' id='word_1_85' title='bbox 304 1974 462 2076; x_wconf 80' lang='lat' dir='ltr'>»liniti,</span> <span class='ocrx_word' id='word_1_86' title='bbox 497 1973 558 2054; x_wconf 86' lang='lat' dir='ltr'>vel</span> <span class='ocrx_word' id='word_1_87' title='bbox 591 2000 664 2081; x_wconf 92' lang='lat' dir='ltr'>pro</span> <span class='ocrx_word' id='word_1_88' title='bbox 696 1973 849 2081; x_wconf 88' lang='lat' dir='ltr'>quibus</span> <span class='ocrx_word' id='word_1_89' title='bbox 880 1974 1084 2082; x_wconf 89' lang='lat' dir='ltr'>majorum</span> <span class='ocrx_word' id='word_1_90' title='bbox 1115 1975 1333 2084; x_wconf 87' lang='lat' dir='ltr'>quisquam</span> <span class='ocrx_word' id='word_1_91' title='bbox 1354 1999 1478 2082; x_wconf 85' lang='lat' dir='ltr'>roga-</span> 
     </span>
     <span class='ocr_line' id='line_1_14' title="bbox 302 2107 1476 2217; baseline 0.003 -35"><span class='ocrx_word' id='word_1_92' title='bbox 302 2107 465 2209; x_wconf 61' lang='lat' dir='ltr'>»veris</span> <span class='ocrx_word' id='word_1_93' title='bbox 509 2116 563 2208; x_wconf 90' lang='lat' dir='ltr'>et,</span> <span class='ocrx_word' id='word_1_94' title='bbox 608 2115 653 2190; x_wconf 88' lang='lat' dir='ltr'>ut</span> <span class='ocrx_word' id='word_1_95' title='bbox 692 2107 895 2188; x_wconf 88' lang='lat' dir='ltr'>deteriora</span> <span class='ocrx_word' id='word_1_96' title='bbox 935 2117 1110 2210; x_wconf 87' lang='lat' dir='ltr'>taccam,</span> <span class='ocrx_word' id='word_1_97' title='bbox 1144 2107 1231 2217; x_wconf 91' lang='lat' dir='ltr'>qui,</span> <span class='ocrx_word' id='word_1_98' title='bbox 1266 2115 1312 2189; x_wconf 90' lang='lat' dir='ltr'>ut</span> <span class='ocrx_word' id='word_1_99' title='bbox 1341 2107 1476 2190; x_wconf 91' lang='lat' dir='ltr'>clerici</span> 
     </span>
     <span class='ocr_line' id='line_1_15' title="bbox 301 2241 1124 2350; baseline 0.01 -34"><span class='ocrx_word' id='word_1_100' title='bbox 301 2273 318 2316; x_wconf 65' lang='lat' dir='ltr'>r</span> <span class='ocrx_word' id='word_1_101' title='bbox 339 2241 483 2323; x_wconf 89' lang='lat' dir='ltr'>fierent</span> <span class='ocrx_word' id='word_1_102' title='bbox 515 2241 760 2324; x_wconf 90' lang='lat' dir='ltr'>muneribus</span> <span class='ocrx_word' id='word_1_103' title='bbox 792 2241 1124 2350; x_wconf 71' lang='lat' dir='ltr'>impetrarunt».</span> 
     </span>
    </p>

    <p class='ocr_par' dir='ltr' id='par_1_3' title="bbox 255 2374 1480 3692">
     <span class='ocr_line' id='line_1_16' title="bbox 384 2374 1480 2482; baseline 0.006 -31"><span class='ocrx_word' id='word_1_104' title='bbox 384 2375 581 2482; x_wconf 89' lang='lat' dir='ltr'>Apertius</span> <span class='ocrx_word' id='word_1_105' title='bbox 597 2384 733 2456; x_wconf 88' lang='lat' dir='ltr'>tamen</span> <span class='ocrx_word' id='word_1_106' title='bbox 751 2374 1048 2482; x_wconf 77' lang='lat' dir='ltr'>posterioribus</span> <span class='ocrx_word' id='word_1_107' title='bbox 1062 2375 1181 2456; x_wconf 89' lang='lat' dir='ltr'>annis</span> <span class='ocrx_word' id='word_1_108' title='bbox 1193 2375 1356 2457; x_wconf 89' lang='lat' dir='ltr'>Summi</span> <span class='ocrx_word' id='word_1_109' title='bbox 1369 2376 1480 2458; x_wconf 89' lang='lat' dir='ltr'>Pon·</span> 
     </span>
     <span class='ocr_line' id='line_1_17' title="bbox 296 2493 1471 2618; baseline 0.003 -32"><span class='ocrx_word' id='word_1_110' title='bbox 296 2507 426 2588; x_wconf 89' lang='lat' dir='ltr'>tifices</span> <span class='ocrx_word' id='word_1_111' title='bbox 443 2507 684 2607; x_wconf 90' lang='lat' dir='ltr'>docuerunt,</span> <span class='ocrx_word' id='word_1_112' title='bbox 712 2515 752 2588; x_wconf 88' lang='lat' dir='ltr'>et</span> <span class='ocrx_word' id='word_1_113' title='bbox 767 2509 1008 2616; x_wconf 88' lang='lat' dir='ltr'>praesertim</span> <span class='ocrx_word' id='word_1_114' title='bbox 1027 2509 1253 2618; x_wconf 84' lang='lat' dir='ltr'>Gregorius</span> <span class='ocrx_word' id='word_1_115' title='bbox 1275 2493 1471 2618; x_wconf 81' lang='lat' dir='ltr'>Magnus,</span> 
     </span>
     <span class='ocr_line' id='line_1_18' title="bbox 255 2639 1479 2751; baseline 0.004 -32"><span class='ocrx_word' id='word_1_116' title='bbox 255 2679 258 2685; x_wconf 52' lang='lat'><strong><em>¹</em></strong></span> <span class='ocrx_word' id='word_1_117' title='bbox 297 2639 366 2747; x_wconf 91' lang='lat' dir='ltr'>qui</span> <span class='ocrx_word' id='word_1_118' title='bbox 399 2640 564 2722; x_wconf 90' lang='lat' dir='ltr'>intuens</span> <span class='ocrx_word' id='word_1_119' title='bbox 595 2639 797 2722; x_wconf 75' lang='lat' dir='ltr'>simoniae</span> <span class='ocrx_word' id='word_1_120' title='bbox 828 2640 975 2723; x_wconf 93' lang='lat' dir='ltr'>vitium</span> <span class='ocrx_word' id='word_1_121' title='bbox 1006 2643 1132 2726; x_wconf 86' lang='lat' dir='ltr'>latius</span> <span class='ocrx_word' id='word_1_122' title='bbox 1162 2644 1362 2751; x_wconf 84' lang='lat' dir='ltr'>grassari,</span> <span class='ocrx_word' id='word_1_123' title='bbox 1395 2651 1479 2724; x_wconf 88' lang='lat' dir='ltr'>tra·</span> 
     </span>
     <span class='ocr_line' id='line_1_19' title="bbox 297 2772 1478 2886; baseline 0.005 -34"><span class='ocrx_word' id='word_1_124' title='bbox 297 2772 412 2873; x_wconf 82' lang='lat' dir='ltr'>didit,</span> <span class='ocrx_word' id='word_1_125' title='bbox 447 2772 668 2853; x_wconf 91' lang='lat' dir='ltr'>simoniam</span> <span class='ocrx_word' id='word_1_126' title='bbox 701 2800 806 2875; x_wconf 88' lang='lat' dir='ltr'>esse,</span> <span class='ocrx_word' id='word_1_127' title='bbox 843 2775 911 2855; x_wconf 91' lang='lat' dir='ltr'>ubi</span> <span class='ocrx_word' id='word_1_128' title='bbox 935 2801 1089 2856; x_wconf 91' lang='lat' dir='ltr'>munus</span> <span class='ocrx_word' id='word_1_129' title='bbox 1111 2777 1354 2886; x_wconf 83' lang='lat' dir='ltr'>praestitum</span> <span class='ocrx_word' id='word_1_130' title='bbox 1378 2804 1478 2859; x_wconf 93' lang='lat' dir='ltr'>con-</span> 
     </span>
     <span class='ocr_line' id='line_1_20' title="bbox 296 2905 1478 3011; baseline 0.004 -25"><span class='ocrx_word' id='word_1_131' title='bbox 296 2905 471 2986; x_wconf 87' lang='lat' dir='ltr'>cessioni</span> <span class='ocrx_word' id='word_1_132' title='bbox 512 2930 725 2988; x_wconf 85' lang='lat' dir='ltr'>secrarum</span> <span class='ocrx_word' id='word_1_133' title='bbox 767 2933 906 2990; x_wconf 89' lang='lat' dir='ltr'>rerum</span> <span class='ocrx_word' id='word_1_134' title='bbox 938 2935 1111 2991; x_wconf 87' lang='lat' dir='ltr'>causam</span> <span class='ocrx_word' id='word_1_135' title='bbox 1142 2911 1270 3011; x_wconf 88' lang='lat' dir='ltr'>daret,</span> <span class='ocrx_word' id='word_1_136' title='bbox 1308 2919 1347 2993; x_wconf 92' lang='lat' dir='ltr'>et</span> <span class='ocrx_word' id='word_1_137' title='bbox 1377 2937 1478 2993; x_wconf 93' lang='lat' dir='ltr'>con-</span> 
     </span>
     <span class='ocr_line' id='line_1_21' title="bbox 296 3037 1476 3152; baseline 0.003 -32"><span class='ocrx_word' id='word_1_138' title='bbox 296 3039 419 3121; x_wconf 87' lang='lat' dir='ltr'>clusit</span> <span class='ocrx_word' id='word_1_139' title='bbox 459 3039 501 3120; x_wconf 94' lang='lat' dir='ltr'>in</span> <span class='ocrx_word' id='word_1_140' title='bbox 547 3041 650 3124; x_wconf 81' lang='lat' dir='ltr'>Can.</span> <span class='ocrx_word' id='word_1_141' title='bbox 699 3045 804 3142; x_wconf 77' lang='lat'>114,</span> <span class='ocrx_word' id='word_1_142' title='bbox 851 3070 962 3125; x_wconf 83' lang='lat' dir='ltr'>cans.</span> <span class='ocrx_word' id='word_1_143' title='bbox 1006 3037 1124 3152; x_wconf 81' lang='lat' dir='ltr'><strong><em>1,&#39;q.</em></strong></span> <span class='ocrx_word' id='word_1_144' title='bbox 1163 3051 1205 3146; x_wconf 90' lang='lat'>1,</span> <span class='ocrx_word' id='word_1_145' title='bbox 1240 3046 1476 3128; x_wconf 88' lang='lat' dir='ltr'>aliudesse</span> 
     </span>
     <span class='ocr_line' id='line_1_22' title="bbox 296 3175 1474 3285; baseline 0.004 -33"><span class='ocrx_word' id='word_1_146' title='bbox 296 3200 439 3254; x_wconf 79' lang='lat' dir='ltr'>manns</span> <span class='ocrx_word' id='word_1_147' title='bbox 481 3175 532 3254; x_wconf 83' lang='lat' dir='ltr'>ab</span> <span class='ocrx_word' id='word_1_148' title='bbox 573 3175 776 3285; x_wconf 59' lang='lat' dir='ltr'>obsequia</span> <span class='ocrx_word' id='word_1_149' title='bbox 811 3176 923 3258; x_wconf 89' lang='lat' dir='ltr'>aliud</span> <span class='ocrx_word' id='word_1_150' title='bbox 954 3204 1156 3259; x_wconf 78' lang='lat' dir='ltr'>manusc</span> <span class='ocrx_word' id='word_1_151' title='bbox 1187 3207 1327 3280; x_wconf 83' lang='lat' dir='ltr'>manu,</span> <span class='ocrx_word' id='word_1_152' title='bbox 1363 3176 1474 3260; x_wconf 92' lang='lat' dir='ltr'>aliud</span> 
     </span>
     <span class='ocr_line' id='line_1_23' title="bbox 295 3309 1474 3424; baseline 0.003 -37"><span class='ocrx_word' id='word_1_153' title='bbox 295 3333 439 3388; x_wconf 82' lang='lat' dir='ltr'>munus</span> <span class='ocrx_word' id='word_1_154' title='bbox 479 3335 507 3388; x_wconf 89' lang='lat' dir='ltr'>a</span> <span class='ocrx_word' id='word_1_155' title='bbox 549 3309 705 3418; x_wconf 63' lang='lat' dir='ltr'>linqua.</span> <span class='ocrx_word' id='word_1_156' title='bbox 750 3311 904 3392; x_wconf 80' lang='lat' dir='ltr'>Manus</span> <span class='ocrx_word' id='word_1_157' title='bbox 945 3338 973 3392; x_wconf 87' lang='lat' dir='ltr'>a</span> <span class='ocrx_word' id='word_1_158' title='bbox 1012 3340 1155 3415; x_wconf 75' lang='lat' dir='ltr'>uranu,</span> <span class='ocrx_word' id='word_1_159' title='bbox 1182 3314 1360 3424; x_wconf 82' lang='lat' dir='ltr'>pecnnia</span> <span class='ocrx_word' id='word_1_160' title='bbox 1400 3318 1474 3408; x_wconf 83' lang='lat' dir='ltr'>est,</span> 
     </span>
     <span class='ocr_line' id='line_1_24' title="bbox 296 3445 1477 3557; baseline 0.006 -40"><span class='ocrx_word' id='word_1_161' title='bbox 296 3467 442 3523; x_wconf 82' lang='lat' dir='ltr'>munus</span> <span class='ocrx_word' id='word_1_162' title='bbox 482 3469 509 3523; x_wconf 87' lang='lat' dir='ltr'>n</span> <span class='ocrx_word' id='word_1_163' title='bbox 550 3445 713 3554; x_wconf 70' lang='lat' dir='ltr'>linqua,</span> <span class='ocrx_word' id='word_1_164' title='bbox 746 3445 896 3555; x_wconf 79' lang='lat' dir='ltr'>saror,</span> <span class='ocrx_word' id='word_1_165' title='bbox 940 3472 1084 3527; x_wconf 83' lang='lat' dir='ltr'>munus</span> <span class='ocrx_word' id='word_1_166' title='bbox 1118 3447 1170 3528; x_wconf 86' lang='lat' dir='ltr'>ob</span> <span class='ocrx_word' id='word_1_167' title='bbox 1202 3445 1387 3557; x_wconf 80' lang='lat' dir='ltr'>obsequio</span> <span class='ocrx_word' id='word_1_168' title='bbox 1418 3451 1477 3524; x_wconf 82' lang='lat' dir='ltr'>est</span> 
     </span>
     <span class='ocr_line' id='line_1_25' title="bbox 296 3573 1445 3692; baseline 0.01 -41"><span class='ocrx_word' id='word_1_169' title='bbox 296 3573 489 3679; x_wconf 82' lang='lat' dir='ltr'>subjectio</span> <span class='ocrx_word' id='word_1_170' title='bbox 521 3576 607 3680; x_wconf 88' lang='lat' dir='ltr'>(alii</span> <span class='ocrx_word' id='word_1_171' title='bbox 640 3577 783 3684; x_wconf 86' lang='lat' dir='ltr'>legunt</span> <span class='ocrx_word' id='word_1_172' title='bbox 803 3580 1005 3688; x_wconf 82' lang='lat' dir='ltr'>seruitus)</span> <span class='ocrx_word' id='word_1_173' title='bbox 1039 3579 1216 3662; x_wconf 83' lang='lat' dir='ltr'>indebite</span> <span class='ocrx_word' id='word_1_174' title='bbox 1247 3583 1445 3692; x_wconf 78' lang='lat' dir='ltr'>impenso.</span> 
     </span>
    </p>

    <p class='ocr_par' dir='ltr' id='par_1_4' title="bbox 286 3705 1535 4495">
     <span class='ocr_line' id='line_1_26' title="bbox 384 3705 1480 3822; baseline 0.007 -38"><span class='ocrx_word' id='word_1_175' title='bbox 384 3705 464 3786; x_wconf 89' lang='lat' dir='ltr'>Per</span> <span class='ocrx_word' id='word_1_176' title='bbox 494 3734 639 3789; x_wconf 82' lang='lat' dir='ltr'>munus</span> <span class='ocrx_word' id='word_1_177' title='bbox 672 3709 799 3818; x_wconf 63' lang='lat' dir='ltr'>icitur</span> <span class='ocrx_word' id='word_1_178' title='bbox 829 3737 856 3790; x_wconf 85' lang='grc' dir='ltr'>α</span> <span class='ocrx_word' id='word_1_179' title='bbox 886 3739 1011 3794; x_wconf 81' lang='lat' dir='ltr'>manu</span> <span class='ocrx_word' id='word_1_180' title='bbox 1037 3713 1279 3822; x_wconf 83' lang='lat' dir='ltr'>intelligitur</span> <span class='ocrx_word' id='word_1_181' title='bbox 1303 3711 1480 3822; x_wconf 82' lang='lat' dir='ltr'>pecunia</span> 
     </span>
     <span class='ocr_line' id='line_1_27' title="bbox 295 3840 1478 3950; baseline 0.007 -32"><span class='ocrx_word' id='word_1_182' title='bbox 295 3840 364 3920; x_wconf 86' lang='lat' dir='ltr'>cit.</span> <span class='ocrx_word' id='word_1_183' title='bbox 400 3867 491 3950; x_wconf 81' lang='lat' dir='ltr'>cup.</span> <span class='ocrx_word' id='word_1_184' title='bbox 526 3841 633 3924; x_wconf 83' lang='lat' dir='ltr'>Sunt</span> <span class='ocrx_word' id='word_1_185' title='bbox 663 3845 852 3926; x_wconf 79' lang='lat' dir='ltr'>nonnulii</span> <span class='ocrx_word' id='word_1_186' title='bbox 879 3847 1013 3928; x_wconf 91' lang='lat' dir='ltr'>-ibi</span> <span class='ocrx_word' id='word_1_187' title='bbox 1036 3893 1093 3910; x_wconf 90' lang='lat'><em>-</em></span> <span class='ocrx_word' id='word_1_188' title='bbox 1123 3851 1277 3930; x_wconf 78' lang='lat' dir='ltr'>Munus</span> <span class='ocrx_word' id='word_1_189' title='bbox 1308 3875 1334 3927; x_wconf 86' lang='lat' dir='ltr'>a</span> <span class='ocrx_word' id='word_1_190' title='bbox 1354 3873 1478 3926; x_wconf 82' lang='lat' dir='ltr'>mann</span> 
     </span>
     <span class='ocr_line' id='line_1_28' title="bbox 286 3975 1479 4088; baseline 0.005 -35"><span class='ocrx_word' id='word_1_191' title='bbox 286 3975 467 4083; x_wconf 78' lang='lat' dir='ltr'>pecunia</span> <span class='ocrx_word' id='word_1_192' title='bbox 497 3981 568 4058; x_wconf 82' lang='lat' dir='ltr'>est.</span> <span class='ocrx_word' id='word_1_193' title='bbox 604 3977 686 4060; x_wconf 91' lang='lat' dir='ltr'>Pro</span> <span class='ocrx_word' id='word_1_194' title='bbox 723 3979 901 4088; x_wconf 89' lang='lat' dir='ltr'>pecunia</span> <span class='ocrx_word' id='word_1_195' title='bbox 932 3989 1070 4063; x_wconf 88' lang='lat' dir='ltr'>autem</span> <span class='ocrx_word' id='word_1_196' title='bbox 1104 3983 1216 4064; x_wconf 89' lang='lat' dir='ltr'>venit</span> <span class='ocrx_word' id='word_1_197' title='bbox 1246 3980 1382 4062; x_wconf 90' lang='lat' dir='ltr'>omnis</span> <span class='ocrx_word' id='word_1_198' title='bbox 1413 4005 1479 4060; x_wconf 88' lang='lat' dir='ltr'>res</span> 
     </span>
     <span class='ocr_line' id='line_1_29' title="bbox 293 4109 1479 4219; baseline 0.004 -32"><span class='ocrx_word' id='word_1_199' title='bbox 293 4109 532 4215; x_wconf 87' lang='lat' dir='ltr'>temporalis</span> <span class='ocrx_word' id='word_1_200' title='bbox 563 4112 693 4219; x_wconf 85' lang='lat' dir='ltr'>pretio</span> <span class='ocrx_word' id='word_1_201' title='bbox 726 4115 1017 4218; x_wconf 86' lang='lat' dir='ltr'>aestimabilis,</span> <span class='ocrx_word' id='word_1_202' title='bbox 1052 4115 1139 4198; x_wconf 86' lang='lat' dir='ltr'>sive</span> <span class='ocrx_word' id='word_1_203' title='bbox 1176 4115 1357 4216; x_wconf 89' lang='lat' dir='ltr'>mobilis,</span> <span class='ocrx_word' id='word_1_204' title='bbox 1392 4113 1479 4193; x_wconf 89' lang='lat' dir='ltr'>sive</span> 
     </span>
     <span class='ocr_line' id='line_1_30' title="bbox 294 4243 1476 4360; baseline 0.009 -39"><span class='ocrx_word' id='word_1_205' title='bbox 294 4243 535 4346; x_wconf 91' lang='lat' dir='ltr'>immobilis,</span> <span class='ocrx_word' id='word_1_206' title='bbox 571 4254 615 4327; x_wconf 92' lang='lat' dir='ltr'>ut</span> <span class='ocrx_word' id='word_1_207' title='bbox 646 4257 746 4332; x_wconf 89' lang='lat' dir='ltr'>sunt</span> <span class='ocrx_word' id='word_1_208' title='bbox 777 4251 889 4360; x_wconf 89' lang='lat' dir='ltr'>equi,</span> <span class='ocrx_word' id='word_1_209' title='bbox 925 4279 1091 4354; x_wconf 79' lang='lat' dir='ltr'>curruS,</span> <span class='ocrx_word' id='word_1_210' title='bbox 1125 4277 1228 4332; x_wconf 85' lang='lat' dir='ltr'>vasa</span> <span class='ocrx_word' id='word_1_211' title='bbox 1266 4257 1476 4358; x_wconf 85' lang='lat' dir='ltr'>argentea,</span> 
     </span>
     <span class='ocr_line' id='line_1_31' title="bbox 294 4377 1535 4495; baseline 0.006 -40"><span class='ocrx_word' id='word_1_212' title='bbox 294 4401 438 4478; x_wconf 89' lang='lat' dir='ltr'>aurea,</span> <span class='ocrx_word' id='word_1_213' title='bbox 472 4377 581 4458; x_wconf 89' lang='lat' dir='ltr'>dolia</span> <span class='ocrx_word' id='word_1_214' title='bbox 621 4380 720 4483; x_wconf 93' lang='lat' dir='ltr'>vini,</span> <span class='ocrx_word' id='word_1_215' title='bbox 752 4383 864 4490; x_wconf 89' lang='lat' dir='ltr'>jura,</span> <span class='ocrx_word' id='word_1_216' title='bbox 908 4413 1078 4488; x_wconf 87' lang='lat' dir='ltr'>consus,</span> <span class='ocrx_word' id='word_1_217' title='bbox 1112 4385 1348 4495; x_wconf 75' lang='lat' dir='ltr'>pensioneS,</span> <span class='ocrx_word' id='word_1_218' title='bbox 1387 4408 1482 4464; x_wconf 91' lang='lat' dir='ltr'>mu·</span> <span class='ocrx_word' id='word_1_219' title='bbox 1533 4411 1535 4416; x_wconf 86' lang='lat'><em>·</em></span> 
     </span>
    </p>
   </div>
   <div class='ocr_carea' id='block_1_3' title="bbox 0 0 1698 5136">
    <p class='ocr_par' dir='ltr' id='par_1_5' title="bbox 0 0 1698 5136">
     <span class='ocr_line' id='line_1_32' title="bbox 0 0 1698 5136; baseline 0 1"><span class='ocrx_word' id='word_1_220' title='bbox 0 0 1698 5136; x_wconf 95' lang='lat' dir='ltr'> </span> 
     </span>
    </p>
   </div>
  </div>
 </body>
</html>
