3386 5126
327 369 391 436 186
623 389 892 434 ramuncmonns
914 389 1007 436 culus
1032 387 1190 436 onnomcl

324 517 480 596 tarium
512 515 740 596 cathotc'cce
761 516 926 596 ucri‘toti
946 517 1215 607 contrariam,
1240 541 1359 624 quem
1386 515 1507 599 homo

325 650 462 732 aalide
492 651 718 762 baptizatus
750 677 839 731 cnm
871 649 1090 731 uoluntatis
1110 651 1351 762 pertinacia
1365 677 1447 763 pro
1443 652 1510 760 fi»

326 794 448 866 tetur.

417 921 497 1017 Qui
544 919 668 1001 talem
710 943 890 998 errorem
933 915 1199 1024 pervicaciter
1239 917 1502 1025 profitentur,

325 1058 525 1141 haeretici
545 1060 826 1160 nuncupatur,
851 1051 1000 1132 erroris
1032 1059 1173 1133 autem
1194 1061 1400 1156 auotoreS,
1434 1057 1504 1163 qui

325 1219 421 1276 eum
452 1188 616 1300 publice
648 1188 809 1286 docent,
850 1211 898 1266 ac
939 1192 1122 1288 tuentur,
1167 1195 1367 1268 vocantur
1407 1188 1507 1270 hae-

324 1324 572 1424 resiarchae,
616 1321 734 1428 quasi
775 1319 1075 1400 haereticorum
1110 1326 1262 1426 patreS,
1300 1349 1347 1403 ac
1384 1321 1506 1403 Prin-

324 1461 450 1569 cipes
492 1461 595 1539 Can.
631 1457 702 1565 qui
732 1455 913 1535 otiorum
942 1455 1020 1545 24,
1045 1463 1202 1562 quaest.
1228 1459 1273 1536 3.
1298 1455 1385 1536 Imo
1406 1455 1505 1538 hae-

324 1592 534 1675 resiarcha
564 1617 726 1700 quoque
758 1589 908 1670 dicitur
938 1587 1170 1696 Episcopus
1213 1588 1254 1668 in
1300 1589 1503 1672 haeresim

324 1728 482 1836 lapsus,
517 1725 667 1834 quippe
698 1722 767 1831 qui
800 1747 894 1804 oum
918 1747 969 1801 ex
993 1746 1162 1803 munere
1184 1722 1264 1802 sibi
1282 1724 1507 1806 commisso

324 1861 592 1942 orthodoxam
624 1857 746 1938 fidem
778 1857 922 1937 docere
954 1853 1133 1956 deberet,
1163 1854 1343 1962 pessimo
1364 1883 1508 1939 exem-

290 1971 406 2102 plo,
441 2004 480 2075 et
512 1991 648 2092 factis,
682 1990 717 2070 si
750 2015 831 2070 non
869 1989 1009 2090 verbo,
1044 1987 1293 2072 haereticam
1323 1990 1508 2098 pravita-

323 2135 405 2210 tem
438 2128 591 2210 docuit.
626 2129 693 2207 Ita
723 2125 852 2207 Paul.
887 2125 966 2218 IV,
1006 2123 1506 2234 Constit.19,cttep.ub

329 2263 494 2346 Urbano
520 2263 627 2344 VIII
644 2261 686 2342 in
711 2261 837 2368 Conp.
864 2260 910 2342 S.
935 2259 1092 2368 Inquis.
1115 2259 1158 2339 in
1179 2283 1306 2338 cansa
1326 2259 1389 2340 M.
1415 2264 1504 2340 An-

324 2403 406 2475 ton.
450 2399 515 2476 De
552 2397 760 2476 Dominis.
811 2397 977 2502 Ursuya
1017 2393 1152 2474 Instit.
1193 2395 1311 2475 ortm.
1348 2393 1419 2474 tib.
1457 2398 1501 2485 1,

324 2528 388 2610 tit.
424 2535 468 2622 6,
503 2556 613 2610 num.
653 2534 697 2608 9.

410 2663 571 2744 Dicitur
602 2669 742 2742 autem
772 2659 954 2741 haeresis
990 2662 1048 2741 l.⁰
1068 2661 1208 2762 Error,
1234 2661 1340 2742 idest
1361 2687 1505 2742 assen-

322 2823 413 2896 suS,
446 2823 522 2876 seu
549 2795 752 2901 judicium
785 2793 936 2875 falsum
968 2794 1210 2894 intellectus
1258 2794 1356 2902 quia
1395 2795 1505 2877 sicut

324 2938 442 3009 actus
471 2927 565 3008 fidei
597 2935 658 3010 est
689 2955 900 3029 assensus,
925 2925 1012 3009 'sive
1029 2928 1233 3036 judicium
1260 2935 1416 3010 certum
1438 2929 1506 3008 in-

321 3061 525 3164 tellectus
560 3061 635 3144 etsi
667 3063 908 3164 obscurum,
933 3061 989 3143 ita
1009 3061 1192 3143 haeresis
1214 3070 1276 3142 est
1301 3087 1503 3144 assensus

322 3222 396 3277 seu
423 3195 628 3304 judicium
660 3223 876 3278 erroneum
908 3193 1157 3278 intellectus:
1198 3195 1307 3278 unde
1339 3195 1374 3276 si
1407 3196 1503 3306 quis

321 3329 502 3439 proferat
531 3329 851 3442 propositionem
884 3329 1114 3411 secundum
1147 3355 1192 3410 se
1233 3329 1500 3432 haereticam,

321 3467 385 3547 vel
417 3476 538 3574 neget
568 3466 790 3548 articulum
821 3463 1027 3566 fidei—sine
1050 3489 1224 3545 assensu
1247 3490 1414 3546 erroneo
1435 3465 1504 3544 in-

321 3598 524 3700 tellectus
558 3617 641 3679 non
672 3607 734 3680 est
765 3597 1011 3680 haereticus
1046 3597 1208 3680 Dicitur
1227 3599 1292 3681 2.⁰
1316 3597 1502 3680 colunto-

322 3732 424 3832 rius,
461 3731 560 3840 quia
589 3731 697 3814 sicut
727 3739 845 3814 actus
875 3731 969 3814 fidei
1001 3732 1131 3813 oritur
1161 3757 1214 3813 ex
1245 3731 1313 3840 pio
1354 3732 1504 3814 volun-

321 3866 418 3947 tatis
448 3867 611 3967 affectu,
648 3867 706 3949 ita
735 3867 860 3949 etiam
891 3865 1074 3948 haeresis
1106 3874 1169 3948 est
1208 3892 1408 3947 assensus
1439 3892 1502 3946 or·

319 4027 472 4083 roneus
493 4002 718 4109 procedens
740 4029 791 4083 ex
808 4001 953 4103 libera,
974 4005 1013 4082 et
1029 3999 1254 4082 deliberata
1276 3998 1502 4081 voluntatis

321 4133 531 4238 electione,
552 4135 734 4245 alioquin
752 4163 833 4218 non
846 4143 908 4218 est
919 4133 1346 4245 peccatumhaeresis.
1361 4131 1501 4227 Quare

321 4266 390 4374 qui
421 4269 709 4372 involuntarie,
734 4277 774 4351 et
794 4269 1059 4352 indeliberata
1090 4275 1199 4349 errat
1229 4267 1339 4350 circa
1364 4293 1431 4348 res
1451 4265 1501 4346 fi-

320 4397 401 4502 dei,
435 4399 501 4482 hic
531 4403 712 4510 proiecto
743 4403 975 4486 haereticus
1016 4403 1094 4486 diei
1136 4403 1291 4512 nequit.
1337 4399 1501 4483 Dicitur
