3380 5132
578 379 678 425 crana
701 381 732 426 v.
758 397 802 410 -
825 381 965 428 rrrunuc
988 380 1011 425 1.
1343 357 1386 424 17

212 529 314 638 Cap.
351 529 410 607 31
454 523 504 604 de
525 525 682 606 Simon.
698 555 713 623 ,·
747 552 924 634 cumque
956 525 1272 606 denunciatores
1303 551 1385 606 non

207 667 443 741 tenerentur
464 656 599 764 prouti
618 681 880 740 accusatores
903 658 1127 740 inscribere
1150 658 1190 738 in
1212 657 1382 758 crimen,

206 792 382 901 quisquc
414 791 666 872 denunciare
698 791 859 894 maluit,
894 818 1020 901 quam
1053 816 1263 872 accusare.

292 923 459 1006 Interim
490 923 712 1005 identidem
744 923 851 1006 facta
884 924 961 1005 luit
981 926 1033 1004 ab
1064 923 1384 1030 Imperatoribus

205 1058 381 1139 facultas
412 1056 725 1163 magistratibus
757 1057 1007 1165 quibusdam
1031 1055 1071 1137 in
1094 1055 1262 1138 casibus
1289 1083 1385 1164 pro·

206 1190 374 1272 cedendi
415 1215 468 1271 cx
507 1190 657 1273 officio.
692 1191 792 1272 Ida
833 1191 909 1272 SS.
959 1189 1189 1272 canonibus
1236 1190 1385 1272 confir·

205 1325 362 1406 matum
401 1323 615 1431 paullatim
657 1325 759 1406 adeo
796 1325 876 1407 late
912 1323 1105 1425 obtinuit,
1141 1335 1186 1406 ut
1221 1324 1383 1430 judices

203 1458 245 1538 iu
276 1457 471 1540 omnibus
502 1457 585 1538 fcrc
616 1457 773 1540 delictis
803 1485 856 1539 ex
887 1457 1021 1539 officio
1053 1457 1315 1565 inquirerent,
1343 1467 1382 1540 et

203 1592 481 1700 procederent.
536 1591 627 1673 Hac
666 1592 716 1673 de
758 1617 801 1672 re
832 1593 873 1671 in
916 1591 1051 1673 lucem
1087 1599 1287 1672 venerunt
1317 1619 1385 1672 ce-

203 1723 423 1804 leberrima
466 1723 575 1830 juris
626 1723 812 1806 canonici
858 1724 1023 1833 capita,
1072 1733 1111 1806 et
1160 1723 1384 1832 praecipue

210 1857 315 1967 Cup.
345 1859 423 1956 21,
448 1861 525 1958 22,
560 1865 596 1937 et
627 1860 704 1943 24.
740 1857 790 1939 de
819 1859 1012 1940 Accusat.
1047 1857 1156 1938 Hinc
1186 1883 1383 1965 processu

203 1989 463 2072 accusatorio
505 1990 791 2099 inquisitorius
832 1990 962 2073 multo
995 1990 1244 2099 frequentior
1285 1989 1374 2088 tuit,

203 2131 242 2204 et
277 2123 379 2205 adeo
410 2123 599 2225 invaluit,
626 2133 671 2206 ut
692 2151 798 2232 quae
819 2125 918 2205 olim
950 2133 1036 2207 erat
1062 2124 1291 2206 remedium
1313 2151 1384 2204 ex-

207 2257 544 2356 traordinarium,
587 2257 694 2338 laeto
739 2283 937 2340 successu
969 2257 1011 2338 in
1051 2257 1236 2339 Ecclesia
1270 2264 1381 2338 tran-

202 2389 318 2471 sierit
349 2391 391 2470 in
423 2389 694 2471 ordinarium.
1390 2385 1393 2391 ²

287 2525 373 2604 lmo
404 2522 542 2624 talem,
568 2549 617 2606 ae
647 2531 808 2605 tautum
831 2523 1025 2632 plausum
1047 2522 1203 2632 accepit
1234 2523 1380 2632 hujus·

203 2654 316 2735 modi
347 2657 589 2761 procedendi
622 2658 787 2760 modus,
823 2657 1014 2739 utillum
1047 2657 1278 2739 saecularia
1307 2657 1380 2739 tri-

205 2785 377 2868 bunalia
407 2787 459 2867 ab
480 2787 784 2873 Ecclesiasticis
804 2799 995 2872 mutuata
1028 2790 1191 2872 suerint.
1212 2789 1276 2870 Ex
1297 2818 1381 2900 quo

204 2929 329 3029 patet,
364 2921 474 3029 quod
505 2922 707 3003 criminali
734 2923 843 3031 juris
865 2923 1106 3032 prudentiae
1127 2924 1377 3027 barbariem,

202 3062 242 3135 et
262 3053 389 3136 situm
423 3054 686 3163 potissimum
709 3057 922 3139 detrahere
944 3058 1152 3165 caeperint
1172 3058 1279 3138 sacri
1311 3083 1381 3139 ca·

201 3213 345 3288 nones,
365 3188 434 3296 qui
458 3214 608 3270 novam
626 3187 879 3296 judiciorum
900 3189 1180 3272 criminalium
1202 3191 1376 3272 formam

201 3320 254 3400 ad
283 3319 555 3428 Evangelicas
586 3322 753 3430 regulas
774 3331 964 3406 exactam
994 3323 1374 3424 constabilivcrunt,

201 3479 306 3560 quae
338 3453 379 3534 iu
410 3462 497 3536 tota
527 3453 655 3535 ferme
684 3455 854 3564 Europa
875 3457 926 3537 ab
958 3456 1060 3564 ipsis
1090 3455 1376 3538 saecularibus

201 3584 466 3694 Principibus
498 3589 692 3696 adoptata
722 3596 799 3691 est,
834 3591 936 3671 adeo
969 3599 1014 3672 ut
1044 3589 1242 3672 canonico
1273 3589 1373 3698 juri,

198 3717 307 3827 quod
339 3717 460 3802 bodie
493 3721 748 3829 insipienter,
783 3750 833 3804 ne
860 3723 996 3805 dicam
1026 3723 1151 3806 stulte
1183 3735 1372 3832 carpunt,

199 3859 240 3934 et
260 3852 568 3937 calumniantur
598 3855 777 3937 libertini
800 3855 1002 3958 homines
1023 3863 1063 3939 et
1092 3855 1373 3964 sicophantae,

200 3985 345 4069 merito
375 3987 636 4071 adscribatur
667 3989 883 4070 urbanitas
924 3991 994 4070 illa
1024 4015 1205 4090 morum,
1239 3997 1279 4069 ct
1308 4015 1375 4070 co·

199 4119 338 4222 mitaS‚
373 4147 455 4229 qua
487 4121 704 4231 pleraeque
736 4121 860 4203 Orbis
893 4122 1021 4203 nostri
1068 4127 1211 4228 gentes
1243 4129 1379 4203 tanto-

197 4277 294 4358 pere
340 4253 583 4362 gloriantur.
625 4254 930 4372 Testimonium
977 4256 1027 4337 dc
1073 4255 1151 4336 hoc
1192 4253 1376 4364 perhibet

198 4384 336 4492 gallus
366 4387 559 4470 Fleurius
596 4389 733 4470 Instit.
767 4389 864 4472 Jur.
904 4388 1009 4471 Can.
1038 4419 1085 4501 p.
1121 4391 1167 4489 3,
1201 4415 1291 4500 cap.
1327 4394 1374 4489 6,
