<?xml version="1.0" encoding="UTF-8"?>
<!DOCTYPE html PUBLIC "-//W3C//DTD XHTML 1.0 Transitional//EN"
    "http://www.w3.org/TR/xhtml1/DTD/xhtml1-transitional.dtd">
<html xmlns="http://www.w3.org/1999/xhtml" xml:lang="en" lang="en">
 <head>
  <title>
</title>
<meta http-equiv="Content-Type" content="text/html;charset=utf-8" />
  <meta name='ocr-system' content='tesseract 3.04.00' />
  <meta name='ocr-capabilities' content='ocr_page ocr_carea ocr_par ocr_line ocrx_word'/>
</head>
<body>
  <div class='ocr_page' id='page_1' title='image "./praelectionesju00angegoog/praelectionesju00angegoog_0240.png"; bbox 0 0 3178 5134; ppageno 0'>
   <div class='ocr_carea' id='block_1_1' title="bbox 513 391 1342 460">
    <p class='ocr_par' dir='ltr' id='par_1_1' title="bbox 513 391 1342 460">
     <span class='ocr_line' id='line_1_1' title="bbox 513 391 1342 460; baseline -0.002 -2"><span class='ocrx_word' id='word_1_1' title='bbox 513 409 620 460; x_wconf 79' lang='lat' dir='ltr'><strong>maun</strong></span> <span class='ocrx_word' id='word_1_2' title='bbox 642 409 689 458; x_wconf 77' lang='grc' dir='ltr'><strong>ιν.</strong></span> <span class='ocrx_word' id='word_1_3' title='bbox 714 425 734 439; x_wconf 94' lang='grc'>-</span> <span class='ocrx_word' id='word_1_4' title='bbox 756 406 895 458; x_wconf 72' lang='lat' dir='ltr'><strong>‘nunnus</strong></span> <span class='ocrx_word' id='word_1_5' title='bbox 919 407 989 457; x_wconf 85' lang='lat' dir='ltr'><strong>xm.</strong></span> <span class='ocrx_word' id='word_1_6' title='bbox 1278 391 1342 456; x_wconf 83' lang='lat'><strong>229</strong></span> 
     </span>
    </p>
   </div>
   <div class='ocr_carea' id='block_1_2' title="bbox 166 535 1419 4391">
    <p class='ocr_par' dir='ltr' id='par_1_2' title="bbox 166 535 1419 4391">
     <span class='ocr_line' id='line_1_2' title="bbox 172 535 1339 647; baseline -0.003 -27"><span class='ocrx_word' id='word_1_7' title='bbox 172 541 252 622; x_wconf 88' lang='lat' dir='ltr'><strong>hoc</strong></span> <span class='ocrx_word' id='word_1_8' title='bbox 268 539 521 647; x_wconf 80' lang='lat' dir='ltr'>dispensatio</span> <span class='ocrx_word' id='word_1_9' title='bbox 537 539 659 619; x_wconf 89' lang='lat' dir='ltr'><strong>datur</strong></span> <span class='ocrx_word' id='word_1_10' title='bbox 675 565 699 619; x_wconf 89' lang='lat' dir='ltr'><strong>a</strong></span> <span class='ocrx_word' id='word_1_11' title='bbox 715 538 759 618; x_wconf 89' lang='lat' dir='ltr'><strong>S.</strong></span> <span class='ocrx_word' id='word_1_12' title='bbox 780 535 1111 634; x_wconf 90' lang='lat' dir='ltr'><strong>Poeniteutiaria,</strong></span> <span class='ocrx_word' id='word_1_13' title='bbox 1132 537 1168 615; x_wconf 88' lang='lat' dir='ltr'><strong>si</strong></span> <span class='ocrx_word' id='word_1_14' title='bbox 1185 536 1339 616; x_wconf 90' lang='lat' dir='ltr'><strong>crimen</strong></span> 
     </span>
     <span class='ocr_line' id='line_1_3' title="bbox 168 669 1343 778; baseline -0.005 -22"><span class='ocrx_word' id='word_1_15' title='bbox 168 683 235 756; x_wconf 87' lang='lat' dir='ltr'><strong>est</strong></span> <span class='ocrx_word' id='word_1_16' title='bbox 255 673 479 755; x_wconf 89' lang='lat' dir='ltr'><strong>occultum:</strong></span> <span class='ocrx_word' id='word_1_17' title='bbox 506 672 542 753; x_wconf 89' lang='lat' dir='ltr'><strong>si</strong></span> <span class='ocrx_word' id='word_1_18' title='bbox 563 698 660 752; x_wconf 91' lang='lat' dir='ltr'><strong>vero</strong></span> <span class='ocrx_word' id='word_1_19' title='bbox 682 679 744 752; x_wconf 88' lang='lat' dir='ltr'><strong>est</strong></span> <span class='ocrx_word' id='word_1_20' title='bbox 765 669 990 778; x_wconf 91' lang='lat' dir='ltr'><strong>publicum,</strong></span> <span class='ocrx_word' id='word_1_21' title='bbox 1010 679 1108 750; x_wconf 89' lang='lat' dir='ltr'><strong>tuuc</strong></span> <span class='ocrx_word' id='word_1_22' title='bbox 1129 696 1154 750; x_wconf 91' lang='lat' dir='ltr'><strong>a</strong></span> <span class='ocrx_word' id='word_1_23' title='bbox 1173 670 1343 750; x_wconf 89' lang='lat' dir='ltr'><strong>Dataria</strong></span> 
     </span>
     <span class='ocr_line' id='line_1_4' title="bbox 168 802 1345 915; baseline -0.003 -29"><span class='ocrx_word' id='word_1_24' title='bbox 168 807 414 915; x_wconf 89' lang='lat' dir='ltr'><strong>Apostolica</strong></span> <span class='ocrx_word' id='word_1_25' title='bbox 443 805 695 914; x_wconf 87' lang='lat' dir='ltr'><strong>providetur.</strong></span> <span class='ocrx_word' id='word_1_26' title='bbox 731 804 787 884; x_wconf 89' lang='lat' dir='ltr'><strong>At</strong></span> <span class='ocrx_word' id='word_1_27' title='bbox 816 802 918 883; x_wconf 87' lang='lat' dir='ltr'><strong>haec</strong></span> <span class='ocrx_word' id='word_1_28' title='bbox 958 827 1092 910; x_wconf 90' lang='lat' dir='ltr'><strong>poena</strong></span> <span class='ocrx_word' id='word_1_29' title='bbox 1120 803 1345 884; x_wconf 78' lang='lat' dir='ltr'><strong>incurritur</strong></span> 
     </span>
     <span class='ocr_line' id='line_1_5' title="bbox 169 935 1345 1050; baseline -0.005 -28"><span class='ocrx_word' id='word_1_30' title='bbox 169 949 265 1050; x_wconf 86' lang='lat' dir='ltr'><strong>post</strong></span> <span class='ocrx_word' id='word_1_31' title='bbox 284 939 587 1040; x_wconf 69' lang='lat' dir='ltr'><strong>Tridentium,</strong></span> <span class='ocrx_word' id='word_1_32' title='bbox 621 939 657 1019; x_wconf 90' lang='lat' dir='ltr'><strong>si</strong></span> <span class='ocrx_word' id='word_1_33' title='bbox 689 936 839 1046; x_wconf 88' lang='lat' dir='ltr'><strong>copula</strong></span> <span class='ocrx_word' id='word_1_34' title='bbox 870 936 1010 1017; x_wconf 89' lang='lat' dir='ltr'><strong>habita</strong></span> <span class='ocrx_word' id='word_1_35' title='bbox 1041 935 1096 1018; x_wconf 86' lang='lat' dir='ltr'><strong>sit</strong></span> <span class='ocrx_word' id='word_1_36' title='bbox 1125 963 1222 1018; x_wconf 90' lang='lat' dir='ltr'><strong>cum</strong></span> <span class='ocrx_word' id='word_1_37' title='bbox 1247 963 1345 1018; x_wconf 86' lang='lat' dir='ltr'><strong>con-</strong></span> 
     </span>
     <span class='ocr_line' id='line_1_6' title="bbox 166 1071 1343 1182; baseline -0.003 -27"><span class='ocrx_word' id='word_1_38' title='bbox 166 1075 404 1182; x_wconf 84' lang='lat' dir='ltr'><strong>sanguinea</strong></span> <span class='ocrx_word' id='word_1_39' title='bbox 423 1073 626 1175; x_wconf 86' lang='lat' dir='ltr'><strong>uxorisin</strong></span> <span class='ocrx_word' id='word_1_40' title='bbox 643 1073 776 1180; x_wconf 90' lang='lat' dir='ltr'><strong>primo</strong></span> <span class='ocrx_word' id='word_1_41' title='bbox 792 1071 856 1151; x_wconf 90' lang='lat' dir='ltr'><strong>vel</strong></span> <span class='ocrx_word' id='word_1_42' title='bbox 877 1072 1059 1152; x_wconf 89' lang='lat' dir='ltr'><strong>secundo</strong></span> <span class='ocrx_word' id='word_1_43' title='bbox 1081 1071 1228 1177; x_wconf 86' lang='lat' dir='ltr'><strong>gradu,</strong></span> <span class='ocrx_word' id='word_1_44' title='bbox 1248 1097 1343 1152; x_wconf 89' lang='lat' dir='ltr'><strong>oum</strong></span> 
     </span>
     <span class='ocr_line' id='line_1_7' title="bbox 167 1205 1341 1316; baseline -0.003 -27"><span class='ocrx_word' id='word_1_45' title='bbox 167 1209 402 1316; x_wconf 87' lang='lat' dir='ltr'><strong>antiquitus</strong></span> <span class='ocrx_word' id='word_1_46' title='bbox 417 1209 708 1308; x_wconf 81' lang='lat' dir='ltr'><strong>incurreretur,</strong></span> <span class='ocrx_word' id='word_1_47' title='bbox 727 1206 763 1286; x_wconf 88' lang='lat' dir='ltr'><strong>si</strong></span> <span class='ocrx_word' id='word_1_48' title='bbox 780 1206 935 1287; x_wconf 85' lang='lat' dir='ltr'><strong>crimen</strong></span> <span class='ocrx_word' id='word_1_49' title='bbox 951 1205 1222 1287; x_wconf 89' lang='lat' dir='ltr'><strong>commissum</strong></span> <span class='ocrx_word' id='word_1_50' title='bbox 1240 1207 1341 1286; x_wconf 82' lang='lat' dir='ltr'><strong>iuis-</strong></span> 
     </span>
     <span class='ocr_line' id='line_1_8' title="bbox 171 1341 1336 1450; baseline -0.004 -23"><span class='ocrx_word' id='word_1_51' title='bbox 171 1353 238 1427; x_wconf 90' lang='lat' dir='ltr'><strong>set</strong></span> <span class='ocrx_word' id='word_1_52' title='bbox 257 1371 355 1427; x_wconf 86' lang='lat' dir='ltr'><strong>curn</strong></span> <span class='ocrx_word' id='word_1_53' title='bbox 376 1343 684 1450; x_wconf 82' lang='lat' dir='ltr'><strong>consanguinea</strong></span> <span class='ocrx_word' id='word_1_54' title='bbox 704 1367 835 1448; x_wconf 90' lang='lat' dir='ltr'><strong>usque</strong></span> <span class='ocrx_word' id='word_1_55' title='bbox 856 1341 908 1421; x_wconf 89' lang='lat' dir='ltr'><strong>ad</strong></span> <span class='ocrx_word' id='word_1_56' title='bbox 929 1349 1122 1448; x_wconf 88' lang='lat' dir='ltr'><strong>quartum</strong></span> <span class='ocrx_word' id='word_1_57' title='bbox 1147 1342 1336 1448; x_wconf 86' lang='lat' dir='ltr'><strong>gradum.</strong></span> 
     </span>
     <span class='ocr_line' id='line_1_9' title="bbox 173 1472 1344 1580; baseline -0.002 -22"><span class='ocrx_word' id='word_1_58' title='bbox 173 1479 221 1559; x_wconf 93' lang='lat' dir='ltr'><strong>Id</strong></span> <span class='ocrx_word' id='word_1_59' title='bbox 242 1477 321 1558; x_wconf 84' lang='lat' dir='ltr'><strong>init</strong></span> <span class='ocrx_word' id='word_1_60' title='bbox 340 1475 525 1556; x_wconf 87' lang='lat' dir='ltr'><strong>decisum</strong></span> <span class='ocrx_word' id='word_1_61' title='bbox 546 1502 571 1554; x_wconf 90' lang='lat' dir='ltr'><strong>a</strong></span> <span class='ocrx_word' id='word_1_62' title='bbox 592 1475 636 1556; x_wconf 88' lang='lat' dir='ltr'><strong>S.</strong></span> <span class='ocrx_word' id='word_1_63' title='bbox 661 1472 988 1580; x_wconf 83' lang='lat' dir='ltr'><strong>Congregatioue</strong></span> <span class='ocrx_word' id='word_1_64' title='bbox 1009 1473 1178 1568; x_wconf 75' lang='lat' dir='ltr'><strong>Consilii</strong></span> <span class='ocrx_word' id='word_1_65' title='bbox 1200 1474 1241 1554; x_wconf 91' lang='lat' dir='ltr'><strong>in</strong></span> <span class='ocrx_word' id='word_1_66' title='bbox 1262 1475 1344 1556; x_wconf 86' lang='lat' dir='ltr'><strong>Re-</strong></span> 
     </span>
     <span class='ocr_line' id='line_1_10' title="bbox 174 1605 1345 1719; baseline -0.002 -28"><span class='ocrx_word' id='word_1_67' title='bbox 174 1609 401 1719; x_wconf 88' lang='lat' dir='ltr'><strong>sponsioue</strong></span> <span class='ocrx_word' id='word_1_68' title='bbox 421 1608 593 1714; x_wconf 91' lang='lat' dir='ltr'><strong>probata</strong></span> <span class='ocrx_word' id='word_1_69' title='bbox 613 1634 639 1688; x_wconf 88' lang='lat' dir='ltr'><strong>a</strong></span> <span class='ocrx_word' id='word_1_70' title='bbox 659 1605 856 1711; x_wconf 83' lang='lat' dir='ltr'><strong>Gregorio</strong></span> <span class='ocrx_word' id='word_1_71' title='bbox 872 1605 978 1704; x_wconf 88' lang='lat' dir='ltr'>XIII;</span> <span class='ocrx_word' id='word_1_72' title='bbox 999 1608 1345 1712; x_wconf 84' lang='lat' dir='ltr'><strong>quemadmodum</strong></span> 
     </span>
     <span class='ocr_line' id='line_1_11' title="bbox 177 1741 1419 1851; baseline -0.002 -27"><span class='ocrx_word' id='word_1_73' title='bbox 177 1753 295 1824; x_wconf 89' lang='lat' dir='ltr'><strong>notat</strong></span> <span class='ocrx_word' id='word_1_74' title='bbox 336 1741 560 1822; x_wconf 85' lang='lat' dir='ltr'><strong>Gallemart</strong></span> <span class='ocrx_word' id='word_1_75' title='bbox 590 1769 654 1851; x_wconf 85' lang='lat' dir='ltr'><strong>op.</strong></span> <span class='ocrx_word' id='word_1_76' title='bbox 690 1747 727 1820; x_wconf 86' lang='lat' dir='ltr'><strong>ct</strong></span> <span class='ocrx_word' id='word_1_77' title='bbox 758 1741 833 1821; x_wconf 84' lang='lat' dir='ltr'><strong>loc.</strong></span> <span class='ocrx_word' id='word_1_78' title='bbox 868 1743 937 1820; x_wconf 83' lang='lat' dir='ltr'><strong>cit.</strong></span> <span class='ocrx_word' id='word_1_79' title='bbox 971 1784 991 1800; x_wconf 92' lang='lat'>-</span> <span class='ocrx_word' id='word_1_80' title='bbox 1021 1743 1082 1821; x_wconf 82' lang='lat'><strong>2.⁰</strong></span> <span class='ocrx_word' id='word_1_81' title='bbox 1114 1741 1282 1850; x_wconf 89' lang='lat' dir='ltr'><strong>insuper</strong></span> <span class='ocrx_word' id='word_1_82' title='bbox 1311 1743 1347 1822; x_wconf 84' lang='lat' dir='ltr'><strong>si</strong></span> <span class='ocrx_word' id='word_1_83' title='bbox 1416 1751 1419 1758; x_wconf 84' lang='lat'>&#39;</span> 
     </span>
     <span class='ocr_line' id='line_1_12' title="bbox 175 1874 1351 1988; baseline -0.001 -29"><span class='ocrx_word' id='word_1_84' title='bbox 175 1875 452 1959; x_wconf 86' lang='lat' dir='ltr'><strong>commissum</strong></span> <span class='ocrx_word' id='word_1_85' title='bbox 483 1875 605 1956; x_wconf 78' lang='lat' dir='ltr'><strong>fuerit</strong></span> <span class='ocrx_word' id='word_1_86' title='bbox 626 1874 782 1954; x_wconf 87' lang='lat' dir='ltr'><strong>crimen</strong></span> <span class='ocrx_word' id='word_1_87' title='bbox 802 1901 896 1988; x_wconf 75' lang='lat' dir='ltr'><strong>cum</strong></span> <span class='ocrx_word' id='word_1_88' title='bbox 919 1875 1227 1982; x_wconf 83' lang='lat' dir='ltr'><strong>consanguinea</strong></span> <span class='ocrx_word' id='word_1_89' title='bbox 1247 1903 1351 1958; x_wconf 87' lang='lat' dir='ltr'><strong>uxo-</strong></span> 
     </span>
     <span class='ocr_line' id='line_1_13' title="bbox 177 2008 1351 2117; baseline 0 -27"><span class='ocrx_word' id='word_1_90' title='bbox 177 2011 236 2090; x_wconf 87' lang='lat' dir='ltr'><strong>ris</strong></span> <span class='ocrx_word' id='word_1_91' title='bbox 253 2011 296 2089; x_wconf 93' lang='lat' dir='ltr'><strong>in</strong></span> <span class='ocrx_word' id='word_1_92' title='bbox 314 2008 447 2116; x_wconf 91' lang='lat' dir='ltr'><strong>primo</strong></span> <span class='ocrx_word' id='word_1_93' title='bbox 463 2008 611 2116; x_wconf 83' lang='lat' dir='ltr'><strong>gradu,</strong></span> <span class='ocrx_word' id='word_1_94' title='bbox 630 2017 729 2089; x_wconf 86' lang='lat' dir='ltr'><strong>tunc</strong></span> <span class='ocrx_word' id='word_1_95' title='bbox 750 2016 920 2116; x_wconf 87' lang='lat' dir='ltr'><strong>uterque</strong></span> <span class='ocrx_word' id='word_1_96' title='bbox 942 2009 1146 2117; x_wconf 85' lang='lat' dir='ltr'><strong>particeps</strong></span> <span class='ocrx_word' id='word_1_97' title='bbox 1167 2009 1351 2090; x_wconf 89' lang='lat' dir='ltr'><strong>criminis</strong></span> 
     </span>
     <span class='ocr_line' id='line_1_14' title="bbox 173 2141 1350 2254; baseline -0.003 -30"><span class='ocrx_word' id='word_1_98' title='bbox 173 2144 425 2254; x_wconf 84' lang='lat' dir='ltr'><strong>privabatur</strong></span> <span class='ocrx_word' id='word_1_99' title='bbox 447 2143 553 2250; x_wconf 81' lang='lat' dir='ltr'><strong>&#39;jure</strong></span> <span class='ocrx_word' id='word_1_100' title='bbox 593 2141 860 2224; x_wconf 87' lang='lat' dir='ltr'><strong>contrahendi</strong></span> <span class='ocrx_word' id='word_1_101' title='bbox 893 2143 1002 2223; x_wconf 76' lang='lat' dir='ltr'><strong>licite</strong></span> <span class='ocrx_word' id='word_1_102' title='bbox 1042 2143 1350 2224; x_wconf 85' lang='lat' dir='ltr'><strong>matrimonium</strong></span> 
     </span>
     <span class='ocr_line' id='line_1_15' title="bbox 172 2276 1353 2385; baseline -0.002 -27"><span class='ocrx_word' id='word_1_103' title='bbox 172 2303 277 2358; x_wconf 89' lang='lat' dir='ltr'><strong>cum</strong></span> <span class='ocrx_word' id='word_1_104' title='bbox 309 2276 490 2384; x_wconf 87' lang='lat' dir='ltr'><strong>qualibet</strong></span> <span class='ocrx_word' id='word_1_105' title='bbox 519 2303 695 2384; x_wconf 90' lang='lat' dir='ltr'><strong>persona</strong></span> <span class='ocrx_word' id='word_1_106' title='bbox 714 2284 928 2384; x_wconf 91' lang='lat' dir='ltr'><strong>perpetuo;</strong></span> <span class='ocrx_word' id='word_1_107' title='bbox 952 2277 1028 2357; x_wconf 87' lang='lat' dir='ltr'><strong>etsi</strong></span> <span class='ocrx_word' id='word_1_108' title='bbox 1055 2277 1131 2358; x_wconf 91' lang='lat' dir='ltr'><strong>hoo</strong></span> <span class='ocrx_word' id='word_1_109' title='bbox 1157 2278 1250 2385; x_wconf 88' lang='lat' dir='ltr'><strong>jure</strong></span> <span class='ocrx_word' id='word_1_110' title='bbox 1271 2277 1353 2385; x_wconf 90' lang='lat' dir='ltr'><strong>pri-</strong></span> 
     </span>
     <span class='ocr_line' id='line_1_16' title="bbox 175 2411 1351 2522; baseline -0.002 -28"><span class='ocrx_word' id='word_1_111' title='bbox 175 2421 350 2494; x_wconf 90' lang='lat' dir='ltr'><strong>varetur</strong></span> <span class='ocrx_word' id='word_1_112' title='bbox 370 2412 427 2493; x_wconf 87' lang='lat' dir='ltr'><strong>ud</strong></span> <span class='ocrx_word' id='word_1_113' title='bbox 458 2419 610 2522; x_wconf 87' lang='lat' dir='ltr'><strong>tempus</strong></span> <span class='ocrx_word' id='word_1_114' title='bbox 631 2411 666 2491; x_wconf 89' lang='lat' dir='ltr'><strong>si</strong></span> <span class='ocrx_word' id='word_1_115' title='bbox 688 2411 843 2492; x_wconf 89' lang='lat' dir='ltr'><strong>crimen</strong></span> <span class='ocrx_word' id='word_1_116' title='bbox 875 2412 1109 2493; x_wconf 86' lang='lat' dir='ltr'><strong>admisisset</strong></span> <span class='ocrx_word' id='word_1_117' title='bbox 1139 2439 1231 2494; x_wconf 89' lang='lat' dir='ltr'><strong>oum</strong></span> <span class='ocrx_word' id='word_1_118' title='bbox 1255 2421 1351 2492; x_wconf 87' lang='lat' dir='ltr'><strong>eon-</strong></span> 
     </span>
     <span class='ocr_line' id='line_1_17' title="bbox 174 2544 1354 2653; baseline -0.004 -25"><span class='ocrx_word' id='word_1_119' title='bbox 174 2547 414 2652; x_wconf 86' lang='lat' dir='ltr'><strong>sanguinea</strong></span> <span class='ocrx_word' id='word_1_120' title='bbox 434 2571 610 2653; x_wconf 88' lang='lat' dir='ltr'><strong>sponsae</strong></span> <span class='ocrx_word' id='word_1_121' title='bbox 631 2545 836 2625; x_wconf 83' lang='lat' dir='ltr'><strong>defuturo</strong></span> <span class='ocrx_word' id='word_1_122' title='bbox 857 2544 899 2623; x_wconf 91' lang='lat' dir='ltr'><strong>in</strong></span> <span class='ocrx_word' id='word_1_123' title='bbox 916 2544 1048 2651; x_wconf 91' lang='lat' dir='ltr'><strong>primo</strong></span> <span class='ocrx_word' id='word_1_124' title='bbox 1066 2545 1212 2650; x_wconf 83' lang='lat' dir='ltr'><strong>gradu,</strong></span> <span class='ocrx_word' id='word_1_125' title='bbox 1233 2553 1354 2653; x_wconf 91' lang='lat' dir='ltr'><strong>prout</strong></span> 
     </span>
     <span class='ocr_line' id='line_1_18' title="bbox 178 2677 1354 2784; baseline -0.002 -24"><span class='ocrx_word' id='word_1_126' title='bbox 178 2680 308 2760; x_wconf 89' lang='lat' dir='ltr'><strong>habet</strong></span> <span class='ocrx_word' id='word_1_127' title='bbox 339 2677 511 2784; x_wconf 84' lang='lat' dir='ltr'><strong>Pirhing</strong></span> <span class='ocrx_word' id='word_1_128' title='bbox 542 2677 583 2758; x_wconf 74' lang='lat' dir='ltr'><strong>la.</strong></span> <span class='ocrx_word' id='word_1_129' title='bbox 620 2687 648 2758; x_wconf 85' lang='lat' dir='ltr'><strong>t.</strong></span> <span class='ocrx_word' id='word_1_130' title='bbox 674 2705 784 2757; x_wconf 84' lang='lat' dir='ltr'><strong>num.</strong></span> <span class='ocrx_word' id='word_1_131' title='bbox 815 2680 865 2758; x_wconf 83' lang='lat'><strong>10</strong></span> <span class='ocrx_word' id='word_1_132' title='bbox 888 2703 983 2759; x_wconf 88' lang='lat' dir='ltr'><strong>cum</strong></span> <span class='ocrx_word' id='word_1_133' title='bbox 1015 2677 1121 2758; x_wconf 91' lang='lat' dir='ltr'><strong>aliis.</strong></span> <span class='ocrx_word' id='word_1_134' title='bbox 1146 2679 1202 2758; x_wconf 89' lang='lat' dir='ltr'><strong>At</strong></span> <span class='ocrx_word' id='word_1_135' title='bbox 1232 2677 1354 2758; x_wconf 90' lang='lat' dir='ltr'><strong>hodie</strong></span> 
     </span>
     <span class='ocr_line' id='line_1_19' title="bbox 178 2809 1354 2916; baseline -0.003 -23"><span class='ocrx_word' id='word_1_136' title='bbox 178 2813 287 2893; x_wconf 88' lang='lat' dir='ltr'><strong>haec</strong></span> <span class='ocrx_word' id='word_1_137' title='bbox 316 2811 499 2890; x_wconf 87' lang='lat' dir='ltr'><strong>secunda</strong></span> <span class='ocrx_word' id='word_1_138' title='bbox 530 2836 661 2916; x_wconf 89' lang='lat' dir='ltr'><strong>poena</strong></span> <span class='ocrx_word' id='word_1_139' title='bbox 690 2837 772 2889; x_wconf 92' lang='lat' dir='ltr'><strong>uon</strong></span> <span class='ocrx_word' id='word_1_140' title='bbox 803 2809 926 2890; x_wconf 88' lang='lat' dir='ltr'><strong>habet</strong></span> <span class='ocrx_word' id='word_1_141' title='bbox 957 2809 1094 2890; x_wconf 92' lang='lat' dir='ltr'><strong>locum</strong></span> <span class='ocrx_word' id='word_1_142' title='bbox 1125 2835 1177 2889; x_wconf 83' lang='lat' dir='ltr'><strong>ex</strong></span> <span class='ocrx_word' id='word_1_143' title='bbox 1207 2811 1354 2890; x_wconf 88' lang='lat' dir='ltr'><strong>desue-</strong></span> 
     </span>
     <span class='ocr_line' id='line_1_20' title="bbox 181 2938 1353 3055; baseline -0.005 -25"><span class='ocrx_word' id='word_1_144' title='bbox 181 2947 345 3044; x_wconf 87' lang='lat' dir='ltr'><strong>tudine,</strong></span> <span class='ocrx_word' id='word_1_145' title='bbox 372 2953 417 3025; x_wconf 91' lang='lat' dir='ltr'><strong>ut</strong></span> <span class='ocrx_word' id='word_1_146' title='bbox 447 2952 560 3025; x_wconf 86' lang='lat' dir='ltr'><strong>notat</strong></span> <span class='ocrx_word' id='word_1_147' title='bbox 581 2945 736 3025; x_wconf 87' lang='lat' dir='ltr'><strong>Giraldi</strong></span> <span class='ocrx_word' id='word_1_148' title='bbox 758 2972 823 3055; x_wconf 88' lang='lat' dir='ltr'><strong>op.</strong></span> <span class='ocrx_word' id='word_1_149' title='bbox 849 2952 886 3024; x_wconf 86' lang='lat' dir='ltr'><strong>ot</strong></span> <span class='ocrx_word' id='word_1_150' title='bbox 899 2953 1014 3054; x_wconf 79' lang='lat' dir='ltr'><strong>part.</strong></span> <span class='ocrx_word' id='word_1_151' title='bbox 1040 2938 1108 3026; x_wconf 80' lang='lat' dir='ltr'><strong>cit.</strong></span> <span class='ocrx_word' id='word_1_152' title='bbox 1133 2953 1227 3025; x_wconf 82' lang='lat' dir='ltr'><strong>sect.</strong></span> <span class='ocrx_word' id='word_1_153' title='bbox 1255 2945 1353 3024; x_wconf 81' lang='lat'>714.</span> 
     </span>
     <span class='ocr_line' id='line_1_21' title="bbox 181 3077 1355 3186; baseline -0.003 -24"><span class='ocrx_word' id='word_1_154' title='bbox 181 3081 275 3162; x_wconf 88' lang='lat' dir='ltr'><strong>Nec</strong></span> <span class='ocrx_word' id='word_1_155' title='bbox 300 3080 396 3160; x_wconf 90' lang='lat' dir='ltr'><strong>item</strong></span> <span class='ocrx_word' id='word_1_156' title='bbox 420 3079 465 3160; x_wconf 90' lang='lat' dir='ltr'><strong>S.</strong></span> <span class='ocrx_word' id='word_1_157' title='bbox 491 3078 813 3160; x_wconf 89' lang='lat' dir='ltr'><strong>Poeniteutiaria</strong></span> <span class='ocrx_word' id='word_1_158' title='bbox 844 3077 956 3158; x_wconf 91' lang='lat' dir='ltr'><strong>illam</strong></span> <span class='ocrx_word' id='word_1_159' title='bbox 988 3105 1161 3186; x_wconf 87' lang='lat' dir='ltr'><strong>poenam</strong></span> <span class='ocrx_word' id='word_1_160' title='bbox 1183 3078 1355 3178; x_wconf 88' lang='lat' dir='ltr'><strong>inducit,</strong></span> 
     </span>
     <span class='ocr_line' id='line_1_22' title="bbox 181 3207 1361 3324; baseline -0.003 -28"><span class='ocrx_word' id='word_1_161' title='bbox 181 3207 354 3324; x_wconf 85' lang='lat' dir='ltr'><strong>quaudo</strong></span> <span class='ocrx_word' id='word_1_162' title='bbox 375 3214 586 3319; x_wconf 87' lang='lat' dir='ltr'><strong>dispensat</strong></span> <span class='ocrx_word' id='word_1_163' title='bbox 605 3227 746 3320; x_wconf 86' lang='lat' dir='ltr'><strong>super</strong></span> <span class='ocrx_word' id='word_1_164' title='bbox 757 3211 849 3319; x_wconf 91' lang='lat' dir='ltr'><strong>jure</strong></span> <span class='ocrx_word' id='word_1_165' title='bbox 870 3213 1032 3318; x_wconf 86' lang='lat' dir='ltr'><strong>petendi</strong></span> <span class='ocrx_word' id='word_1_166' title='bbox 1059 3213 1257 3294; x_wconf 90' lang='lat' dir='ltr'><strong>debitum.</strong></span> <span class='ocrx_word' id='word_1_167' title='bbox 1285 3213 1361 3293; x_wconf 86' lang='lat' dir='ltr'><strong>So-</strong></span> 
     </span>
     <span class='ocr_line' id='line_1_23' title="bbox 183 3346 1359 3454; baseline -0.002 -25"><span class='ocrx_word' id='word_1_168' title='bbox 183 3347 401 3430; x_wconf 89' lang='lat' dir='ltr'><strong>lummodo</strong></span> <span class='ocrx_word' id='word_1_169' title='bbox 423 3356 638 3454; x_wconf 88' lang='lat' dir='ltr'><strong>propterca</strong></span> <span class='ocrx_word' id='word_1_170' title='bbox 658 3346 902 3453; x_wconf 91' lang='lat' dir='ltr'><strong>relinquitur</strong></span> <span class='ocrx_word' id='word_1_171' title='bbox 923 3347 1169 3454; x_wconf 90' lang='lat' dir='ltr'><strong>imponenda</strong></span> <span class='ocrx_word' id='word_1_172' title='bbox 1189 3347 1238 3427; x_wconf 90' lang='lat' dir='ltr'><strong>de</strong></span> <span class='ocrx_word' id='word_1_173' title='bbox 1255 3349 1359 3454; x_wconf 83' lang='lat' dir='ltr'><strong>stylo</strong></span> 
     </span>
     <span class='ocr_line' id='line_1_24' title="bbox 183 3478 1356 3591; baseline -0.001 -29"><span class='ocrx_word' id='word_1_174' title='bbox 183 3506 324 3591; x_wconf 88' lang='lat' dir='ltr'><strong>poena</strong></span> <span class='ocrx_word' id='word_1_175' title='bbox 344 3478 445 3560; x_wconf 90' lang='lat' dir='ltr'><strong>hacc</strong></span> <span class='ocrx_word' id='word_1_176' title='bbox 466 3479 731 3568; x_wconf 85' lang='lat' dir='ltr'><strong>interdicendi</strong></span> <span class='ocrx_word' id='word_1_177' title='bbox 748 3479 860 3560; x_wconf 90' lang='lat' dir='ltr'><strong>aliud</strong></span> <span class='ocrx_word' id='word_1_178' title='bbox 877 3479 1356 3582; x_wconf 84' lang='lat' dir='ltr'><strong>connubiumDatariae,</strong></span> 
     </span>
     <span class='ocr_line' id='line_1_25' title="bbox 180 3613 1358 3724; baseline -0.003 -28"><span class='ocrx_word' id='word_1_179' title='bbox 180 3614 352 3724; x_wconf 88' lang='lat' dir='ltr'><strong>quando</strong></span> <span class='ocrx_word' id='word_1_180' title='bbox 383 3613 594 3720; x_wconf 87' lang='lat' dir='ltr'><strong>dispensat</strong></span> <span class='ocrx_word' id='word_1_181' title='bbox 623 3639 750 3720; x_wconf 87' lang='lat' dir='ltr'><strong>super</strong></span> <span class='ocrx_word' id='word_1_182' title='bbox 770 3614 1127 3722; x_wconf 84' lang='lat' dir='ltr'><strong>consanguinitate</strong></span> <span class='ocrx_word' id='word_1_183' title='bbox 1152 3613 1358 3721; x_wconf 85' lang='lat' dir='ltr'><strong>usquead</strong></span> 
     </span>
     <span class='ocr_line' id='line_1_26' title="bbox 182 3747 1358 3858; baseline -0.002 -30"><span class='ocrx_word' id='word_1_184' title='bbox 182 3755 383 3858; x_wconf 81' lang='lat' dir='ltr'><strong>quartum</strong></span> <span class='ocrx_word' id='word_1_185' title='bbox 401 3747 591 3853; x_wconf 87' lang='lat' dir='ltr'><strong>gradum,</strong></span> <span class='ocrx_word' id='word_1_186' title='bbox 612 3747 683 3828; x_wconf 89' lang='lat' dir='ltr'><strong>ubi</strong></span> <span class='ocrx_word' id='word_1_187' title='bbox 700 3747 923 3829; x_wconf 87' lang='lat' dir='ltr'><strong>intercedat</strong></span> <span class='ocrx_word' id='word_1_188' title='bbox 943 3749 1093 3857; x_wconf 91' lang='lat' dir='ltr'><strong>copula</strong></span> <span class='ocrx_word' id='word_1_189' title='bbox 1108 3749 1358 3830; x_wconf 89' lang='lat' dir='ltr'><strong>incestuosa.</strong></span> 
     </span>
     <span class='ocr_line' id='line_1_27' title="bbox 182 3880 1360 3989; baseline 0 -27"><span class='ocrx_word' id='word_1_190' title='bbox 182 3881 268 3962; x_wconf 89' lang='lat' dir='ltr'><strong>Hic</strong></span> <span class='ocrx_word' id='word_1_191' title='bbox 284 3907 380 3960; x_wconf 90' lang='lat' dir='ltr'><strong>vero</strong></span> <span class='ocrx_word' id='word_1_192' title='bbox 402 3891 464 3962; x_wconf 87' lang='lat' dir='ltr'><strong>est</strong></span> <span class='ocrx_word' id='word_1_193' title='bbox 486 3881 710 3962; x_wconf 87' lang='lat' dir='ltr'><strong>notandum</strong></span> <span class='ocrx_word' id='word_1_194' title='bbox 729 3880 895 3961; x_wconf 87' lang='lat' dir='ltr'><strong>Sixtum</strong></span> <span class='ocrx_word' id='word_1_195' title='bbox 911 3882 950 3960; x_wconf 90' lang='lat' dir='ltr'>V</span> <span class='ocrx_word' id='word_1_196' title='bbox 967 3909 1040 3989; x_wconf 92' lang='lat' dir='ltr'><strong>pro</strong></span> <span class='ocrx_word' id='word_1_197' title='bbox 1057 3883 1169 3965; x_wconf 90' lang='lat' dir='ltr'><strong>Urbe</strong></span> <span class='ocrx_word' id='word_1_198' title='bbox 1186 3889 1225 3962; x_wconf 89' lang='lat' dir='ltr'><strong>et</strong></span> <span class='ocrx_word' id='word_1_199' title='bbox 1241 3883 1360 3963; x_wconf 85' lang='lat' dir='ltr'><strong>Statu</strong></span> 
     </span>
     <span class='ocr_line' id='line_1_28' title="bbox 184 4013 1358 4124; baseline -0.003 -27"><span class='ocrx_word' id='word_1_200' title='bbox 184 4013 399 4096; x_wconf 88' lang='lat' dir='ltr'><strong>Ecclesiae</strong></span> <span class='ocrx_word' id='word_1_201' title='bbox 420 4014 670 4122; x_wconf 85' lang='lat' dir='ltr'><strong>imposuisse</strong></span> <span class='ocrx_word' id='word_1_202' title='bbox 691 4015 815 4095; x_wconf 91' lang='lat' dir='ltr'><strong>aliam</strong></span> <span class='ocrx_word' id='word_1_203' title='bbox 837 4043 1011 4124; x_wconf 87' lang='lat' dir='ltr'><strong>poenam</strong></span> <span class='ocrx_word' id='word_1_204' title='bbox 1034 4017 1076 4097; x_wconf 93' lang='lat' dir='ltr'><strong>in</strong></span> <span class='ocrx_word' id='word_1_205' title='bbox 1097 4017 1358 4098; x_wconf 88' lang='lat' dir='ltr'><strong>admittentes</strong></span> 
     </span>
     <span class='ocr_line' id='line_1_29' title="bbox 183 4127 1363 4261; baseline -0.004 -29"><span class='ocrx_word' id='word_1_206' title='bbox 183 4149 271 4232; x_wconf 84' lang='lat' dir='ltr'><strong>tale</strong></span> <span class='ocrx_word' id='word_1_207' title='bbox 292 4148 447 4229; x_wconf 86' lang='lat' dir='ltr'><strong>crimen</strong></span> <span class='ocrx_word' id='word_1_208' title='bbox 468 4149 760 4231; x_wconf 88' lang='lat' dir='ltr'><strong>constitutione</strong></span> <span class='ocrx_word' id='word_1_209' title='bbox 795 4127 1043 4232; x_wconf 74' lang='lat' dir='ltr'><strong>«Voluntas»</strong></span> <span class='ocrx_word' id='word_1_210' title='bbox 1078 4150 1212 4246; x_wconf 71' lang='lat' dir='ltr'><strong>Nouis</strong></span> <span class='ocrx_word' id='word_1_211' title='bbox 1233 4152 1363 4261; x_wconf 83' lang='lat' dir='ltr'><strong>Apri-</strong></span> 
     </span>
     <span class='ocr_line' id='line_1_30' title="bbox 187 4280 1355 4391; baseline 0.002 -31"><span class='ocrx_word' id='word_1_212' title='bbox 187 4283 244 4361; x_wconf 80' lang='lat' dir='ltr'><strong>lis</strong></span> <span class='ocrx_word' id='word_1_213' title='bbox 276 4283 396 4380; x_wconf 76' lang='lat'><strong>1587,</strong></span> <span class='ocrx_word' id='word_1_214' title='bbox 434 4292 556 4390; x_wconf 87' lang='lat' dir='ltr'><strong>prout</strong></span> <span class='ocrx_word' id='word_1_215' title='bbox 596 4289 760 4362; x_wconf 91' lang='lat' dir='ltr'><strong>notatur</strong></span> <span class='ocrx_word' id='word_1_216' title='bbox 789 4280 870 4363; x_wconf 93' lang='lat' dir='ltr'><strong>hic:</strong></span> <span class='ocrx_word' id='word_1_217' title='bbox 910 4283 1207 4391; x_wconf 80' lang='lat' dir='ltr'><strong>«Quicumque</strong></span> <span class='ocrx_word' id='word_1_218' title='bbox 1248 4309 1355 4362; x_wconf 89' lang='lat' dir='ltr'><strong>ausu</strong></span> 
     </span>
    </p>
   </div>
   <div class='ocr_carea' id='block_1_3' title="bbox 0 0 1622 5134">
    <p class='ocr_par' dir='ltr' id='par_1_3' title="bbox 0 0 1622 5134">
     <span class='ocr_line' id='line_1_31' title="bbox 0 0 1622 5134; baseline 0 0"><span class='ocrx_word' id='word_1_219' title='bbox 0 0 1622 5134; x_wconf 95' lang='lat' dir='ltr'><strong> </strong></span> 
     </span>
    </p>
   </div>
  </div>
 </body>
</html>
