3178 5134
313 368 393 456 Ι226
613 407 905 458 ranunncrrouus
928 407 1022 458 mnis
1046 405 1217 458 canorum

333 537 467 617 valent
497 537 547 616 de
578 562 635 635 re,
670 563 792 643 quam
825 536 916 643 quis
946 543 1155 642 praestare
1187 534 1339 641 nequit,
1376 533 1473 640 atqui

334 669 643 750 matrimonium
674 696 768 749 oum
791 669 868 750 hae
888 669 1028 749 haberi
1052 696 1134 749 non
1155 675 1289 775 potest
1308 667 1476 750 obstante

333 804 529 884 affinitate
562 830 610 882 ex
641 803 789 910 copula
818 802 972 902 illicita,
1007 829 1103 909 ergo
1139 828 1233 882 cum
1275 801 1342 882 tali
1370 827 1479 908 spon·
1564 859 1565 870 t

332 937 436 1017 salia
465 945 674 1044 nequeunt
704 935 903 1017 contrahi.
938 937 1052 1016 Haec
1083 937 1222 1016 omnia
1248 936 1334 1042 jam
1358 961 1406 1015 ox
1424 935 1477 1014 di·
1564 1013 1565 1046 ,

332 1072 407 1151 ctis
439 1072 479 1150 in
511 1070 629 1151 titulo
660 1070 791 1180 primo
822 1068 947 1176 hujus
977 1069 1069 1149 libri
1101 1069 1212 1150 clara
1232 1080 1342 1150 sunt.
1370 1067 1479 1148 Simi-

331 1205 422 1284 liter
452 1232 500 1284 ex
531 1204 608 1284 hac
639 1203 778 1284 illicita
799 1203 945 1311 copula
962 1231 1057 1284 cum
1078 1205 1382 1310 consanguinea
1400 1202 1477 1309 ejus

331 1366 425 1419 cum
457 1366 538 1446 qua
569 1340 660 1446 quis
691 1338 902 1446 sponsalia
941 1339 990 1418 de
1032 1338 1169 1418 futuro
1211 1340 1480 1420 antecedenter

330 1477 546 1570 contraxit,
581 1457 842 1551 resolvuntur
872 1470 973 1552 haec
1008 1471 1217 1578 sponsalia
1257 1499 1307 1551 ex
1348 1497 1479 1578 super-

330 1605 515 1684 veniente
546 1603 742 1684 affinitate
773 1631 822 1684 ex
853 1632 943 1713 cap.
979 1605 1004 1683 2
1036 1613 1073 1683 et
1106 1607 1129 1683 9
1162 1603 1202 1684 t.
1238 1611 1267 1683 t.
1304 1613 1342 1686 et
1372 1613 1478 1710 prout

327 1749 513 1821 notatum
544 1747 606 1819 est
638 1737 844 1846 praedicto
875 1738 993 1819 titulo
1014 1739 1160 1846 primo.
1187 1737 1479 1818 Tantummodo

327 1875 393 1955 hic
414 1873 553 1981 quaeri
572 1881 705 1980 potest
726 1873 864 1980 inquo
880 1873 1011 1980 gradu
1033 1873 1402 1980 consanguinitatis
1420 1871 1480 1951 de·

327 2009 420 2087 beat
438 2007 506 2086 illa
522 2032 612 2086 esse
629 2031 723 2085 oum
740 2032 908 2112 sponsa,
929 2015 974 2086 ut
994 2033 1045 2085 ex
1067 2007 1215 2114 copula
1234 2033 1331 2087 cum
1353 2033 1399 2085 oa
1417 2003 1481 2083 ha·

326 2142 410 2222 bita
436 2141 498 2220 vel
525 2139 736 2247 sponsalia
761 2140 854 2219 iniri
881 2141 931 2220 de
958 2169 1064 2221 novo
1091 2149 1295 2248 nequeant
1322 2141 1383 2222 vel
1404 2141 1480 2247 jam

325 2282 533 2357 contracta
563 2273 821 2355 resolvantur
846 2302 897 2354 ex
924 2275 1120 2357 affinitate
1150 2277 1479 2384 superveniente?

324 2409 375 2488 Et
404 2407 623 2488 dicendum
644 2415 706 2488 est
726 2416 819 2488 ante
840 2407 1068 2490 Concilium
1088 2405 1375 2491 Tridentinu'm
1395 2434 1480 2490 oum

324 2539 437 2619 nulla
453 2549 562 2620 esset
579 2537 807 2620 differentia
827 2541 933 2621 inter
953 2540 1190 2622 affinitatem
1206 2549 1339 2622 ortam
1356 2569 1406 2622 ex
1422 2567 1482 2620 co·

322 2672 420 2778 pula
436 2670 664 2752 'fornicaria
691 2671 754 2750 vel
780 2672 956 2752 maritali
984 2700 1144 2783 orgum.
1166 2701 1256 2784 cup.
1279 2675 1373 2756 Sole
1397 2701 1481 2755 con·

320 2833 434 2913 snnp.
461 2813 497 2883 et
519 2807 690 2915 officit,
715 2804 894 2886 affinitas
926 2807 1243 2888 contrahebatur
1269 2835 1322 2888 ex
1344 2807 1481 2916 copula

321 2938 462 3020 habita
482 2965 578 3020 oum
598 2965 774 3046 sponsae
795 2943 1102 3048 consanguinea
1130 2968 1258 3049 usque
1280 2942 1339 3022 od
1368 2968 1482 3050 quor-

321 3081 406 3152 tnm
444 3071 661 3180 prodatur
685 3073 756 3153 scd
795 3099 890 3152 cum
932 3071 1160 3153 Concilium
1201 3074 1480 3156 Tridentinum

320 3213 462 3312 postea
484 3204 715 3286 distinxerit
737 3231 826 3314 cap.
854 3208 881 3282 4
904 3203 953 3283 cle
975 3206 1146 3314 reform.
1172 3209 1355 3288 matrim.
1386 3207 1482 3287 inter

322 3339 561 3419 affinitatem
593 3346 928 3419 contractamus
957 3340 1242 3447 fornicatione
1281 3350 1322 3422 et
1363 3341 1480 3421 aliam

252 3577 256 3586 Ι
316 3483 449 3552 ortam
481 3499 530 3552 ex
563 3472 712 3579 copula
742 3470 934 3570 maritali,
969 3470 1178 3580 illamque,
1203 3501 1310 3580 quae
1332 3502 1384 3556 ex
1407 3475 1483 3554 for·

319 3605 520 3685 nicatione
561 3605 884 3707 contraheretur,
903 3606 1179 3688 inducentem
1215 3609 1483 3716 impedimen-

321 3751 408 3820 tum
440 3740 548 3847 quod
581 3740 890 3822 matrimonium
921 3751 1065 3849 postea
1095 3751 1352 3824 contractum
1389 3743 1483 3824 diri-

320 3873 393 3953 mit
415 3873 466 3953 ad
488 3899 559 3953 eos
580 3880 757 3974 tantum,
782 3875 851 3982 qui
873 3875 915 3954 in
936 3877 1069 3984 primo
1090 3884 1131 3957 et
1150 3877 1331 3957 secundo
1353 3873 1481 3983 gradu

320 4005 626 4114 conjunguntur
666 4007 936 4111 restrinxerit,
982 4010 1100 4091 facile
1140 4019 1202 4092 ost
1241 4010 1481 4092 concludere

318 4141 424 4248 quod
458 4141 605 4248 copula
634 4141 774 4224 habita
795 4171 890 4224 cum
912 4146 1224 4252 consanguinea
1239 4171 1419 4252 sponsae
1439 4143 1479 4221 in

317 4275 447 4381 primo
478 4283 517 4354 et
547 4277 728 4357 secundo
759 4279 890 4385 gradu
922 4287 1082 4360 tantum
1113 4279 1317 4360 interdicit
1356 4305 1481 4386 spon·

316 4407 420 4486 salia
451 4407 552 4486 inire
583 4409 646 4488 vel
673 4411 759 4517 jam
790 4420 998 4494 eontracta
1026 4412 1244 4494 resolvere:
1282 4411 1404 4492 unica
1424 4409 1481 4490 si-
