3264 5146
307 406 350 470 48
595 419 888 472 raannncrrouns
911 419 1003 470 runis
1026 417 1195 470 cnuourcr

312 551 513 659 quissima
533 550 651 658 praxi
673 548 895 648 Ecclesiae,
916 575 968 628 ex
990 575 1071 655 qua
1087 547 1279 654 Episcopi
1302 573 1374 654 pro
1395 572 1474 626 sua

314 686 489 767 dioecesi
521 685 695 766 fortasse
726 691 913 792 poterant
944 683 1055 789 leges
1077 681 1209 762 dicere
1230 679 1476 788 imponendo

314 818 575 900 matrimonio
606 818 898 926 impedimenta
924 841 1086 924 quoque
1107 813 1357 916 dirimentis,
1390 841 1479 894 cer-

314 961 403 1033 tum
433 959 495 1033 est
524 951 645 1032 hodie
675 959 715 1032 et
740 950 828 1056 jam
851 955 883 1028 'a
913 949 1101 1056 pluribus
1127 947 1305 1028 sacculis
1326 947 1386 1028 eis
1405 974 1479 1028 su-

314 1085 468 1166 blatam
514 1112 605 1166 6556
649 1084 755 1165 hanc
799 1090 1060 1190 potestatem,
1111 1081 1341 1188 factamque
1387 1067 1499 1162 esse'

316 1245 483 1298 causam
513 1218 712 1324 majorem
741 1243 959 1323 supremae
980 1213 1211 1296 auctoritati
1234 1215 1276 1294 in
1293 1214 1480 1294 ¹Ecclesia

315 1358 580 1450 reservatam,
615 1376 762 1457 nempe
802 1349 990 1430 Pontifici
1031 1357 1103 1429 ant
1143 1348 1325 1460 Concilio
1357 1375 1481 1455 gene-

316 1487 405 1584 rali,
456 1486 515 1566 uti
560 1485 706 1593 probat
752 1483 999 1564 Benedictus
1029 1483 1127 1562 XIV
1177 1486 1281 1566 ‹De
1319 1483 1474 1592 Synod.

315 1618 527 1698 dioeces.»
564 1619 633 1698 aa.
674 1619 724 1696 12
756 1644 845 1728 cap.
884 1621 908 1696 5
940 1643 1049 1696 nam.
1084 1619 1111 1696 2
1138 1618 1314 1696 afferens
1334 1627 1478 1697 aucto-

263 1829 264 1832 ,
315 1753 479 1833 ritatem
511 1752 694 1832 Sanchez
725 1759 765 1831 et
795 1751 947 1852 Pontii,
981 1751 1090 1858 quod
1122 1751 1275 1830 lactum
1306 1777 1396 1830 6556
1419 1751 1480 1830 vi-

314 1887 433 1967 detur
453 1887 504 1966 ad
525 1886 770 1966 servandam
794 1883 1113 1965 uniformitatem
1135 1883 1177 1962 in
1194 1885 1357 1991 negotio
1375 1886 1478 1966 adeo

317 2021 461 2120 ardue,
506 2021 549 2100 iu
589 2047 670 2127 quo
710 2019 971 2101 difficultates
1002 2019 1098 2099 oriri
1131 2019 1247 2100 facile
1287 2029 1475 2126 possunt.

316 2154 505 2234 Pontifex
536 2162 674 2234 autem
705 2153 769 2234 vel
800 2152 1028 2234 Concilium
1059 2153 1250 2260 gencrale
1280 2152 1382 2234 haec
1402 2154 1481 2233 im-

317 2286 550 2393 pedimenta
578 2313 805 2394 proponere
836 2286 945 2367 valet
974 2293 1046 2366 aut
1077 2285 1327 2367 admodum
1362 2288 1475 2397 lepis,

316 2445 389 2526 pro
420 2419 614 2500 universa
643 2419 842 2519 Ecclesia,
876 2428 948 2498 aut
987 2419 1043 2500 ad
1072 2419 1234 2500 modam
1267 2425 1481 2530 praecepti

317 2581 413 2634 cum
444 2580 589 2662 nempe
621 2553 661 2633 in
685 2554 821 2661 aliquo
843 2553 1080 2660 particulari
1102 2563 1249 2636 eventu
1272 2557 1472 2663 prohibet,

316 2715 366 2768 ne
398 2689 501 2768 inter
531 2687 758 2795 peculiares
795 2701 992 2794 personas
1032 2689 1342 2770 matrimonium
1382 2718 1480 2772 con-

317 2820 519 2920 trahatur,
552 2821 759 2934 simulque
796 2821 990 2921 decernit,
1036 2830 1085 2924 ut⁸
1110 2821 1145 2901 si
1186 2831 1328 2904 contra
1357 2847 1478 2905 suam

316 2952 633 3062 prohibitionem
665 2954 932 3036 contrabatur
960 2953 1015 3035 sit
1045 2954 1221 3053 irritum,
1247 2965 1369 3062 prout
1388 2957 1481 3064 plu-

318 3088 433 3167 ribus
463 3087 663 3194 exemplis
693 3087 839 3195 probat
868 3085 1115 3168 Benedictus
1155 3086 1254 3166 XIV
1295 3089 1370 3168 loc.
1407 3093 1475 3169 ctt.

317 3250 428 3303 nam.
463 3225 507 3323 23
540 3247 645 3330 quae
686 3231 823 3303 tamen
863 3221 1051 3302 clausula
1092 3221 1257 3303 irritans
1296 3247 1378 3302 non
1420 3235 1480 3302 est

316 3357 618 3463 praesumenda
648 3355 806 3463 adjecta
835 3379 926 3434 6556
957 3355 1133 3454 decreto,
1167 3354 1238 3434 sed
1267 3355 1479 3461 probanda

317 3501 379 3570 est
400 3517 491 3571 esse
511 3489 620 3590 talis
644 3517 739 3570 curn
756 3488 880 3569 nimis
901 3497 1057 3596 gravet.
1078 3488 1135 3569 At
1154 3498 1296 3569 contra
1316 3489 1384 3569 alii
1402 3489 1480 3569 Or-

317 3622 464 3703 dinarii
486 3634 645 3730 praeter
665 3621 903 3704 Romanurn
934 3621 1173 3702 Pontificem
1205 3622 1246 3702 id
1273 3633 1481 3729 nequeunt

318 3755 594 3863 praescribere
625 3756 844 3862 nequead
873 3755 1036 3836 maclam
1067 3757 1245 3866 repulac,
1270 3757 1480 3864 nequead

317 3889 480 3970 mortam
494 3892 719 4000 praecepti,
745 3889 814 3996 qui
835 3889 990 3971 scilicet
1008 3889 1201 3998 Episcopi
1224 3891 1301 3970 etsi
1318 3889 1480 3970 valeant

316 4023 591 4104 severissimis
621 4021 764 4130 poenis
795 4024 1049 4104 communire
1089 4023 1393 4104 observantiam
1425 4024 1482 4104 le-

317 4184 414 4264 gum
439 4157 810 4239 ecclesiasticarum
832 4184 914 4238 non
935 4166 1112 4265 possunt
1131 4167 1269 4240 tamen
1285 4185 1364 4239 sua
1380 4159 1484 4238 abu-

317 4291 347 4372 ti
369 4291 612 4373 auctoritate
634 4291 873 4373 adhibentes
889 4291 1121 4373 clausulam
1138 4293 1363 4374 irritantem
1387 4318 1484 4374 cum

318 4450 343 4503 a
373 4425 462 4533 lege
493 4433 611 4508 actus
641 4434 704 4507 est
733 4425 974 4534 simpliciter
1003 4427 1155 4508 vetitus
1185 4428 1257 4509 sed
1288 4454 1370 4508 non
1391 4424 1486 4506 irri-
