3388 5136
321 346 366 412 48
622 368 890 414 rannrtucmouns
913 369 1004 414 suuis
1027 367 1184 415 carrorum

322 491 539 572 stantiales
555 493 774 593 desiderat,
800 493 950 599 quibus
971 493 1179 592 delictum,
1201 501 1240 574 et
1256 493 1497 601 delinquens

323 635 434 706 certo
466 625 647 732 quidem,
680 627 753 707 scd
785 653 909 734 quarn
941 626 1021 707 cito
1043 627 1272 732 detegatur,
1291 633 1330 706 et
1351 628 1496 734 punia-

324 767 406 838 tur.
442 757 647 838 Solemnis
678 785 790 858 vero,
815 759 902 840 sive
932 757 1167 840 ordinarius
1190 785 1270 838 non
1302 759 1497 840 substan·

323 889 441 971 tiales
472 893 609 992 mode,
645 893 716 972 sed
751 903 790 974 et
820 893 958 973 minus
989 891 1234 1001 praecipuas
1265 892 1418 973 formas
1448 919 1496 974 ac

321 1025 603 1106 solemnitates
648 1035 798 1108 servat.
835 1027 1099 1108 Summanus
1139 1027 1226 1108 sive
1268 1027 1496 1108 extraordi-

322 1156 464 1237 narius
482 1159 522 1237 in
540 1160 723 1268 exceptis
754 1161 1003 1268 quibusdam
1025 1159 1179 1260 causiS,
1204 1167 1244 1239 et
1264 1157 1495 1239 minoribus

321 1290 479 1372 delictis
510 1292 798 1394 adhibebatur,
831 1301 872 1374 et
902 1294 1146 1393 adhibetur,
1171 1292 1368 1374 solemnis
1398 1317 1493 1371 vero

322 1424 363 1504 in
395 1428 566 1507 caeteris
588 1430 741 1529 causiS,
766 1439 805 1511 et
835 1428 994 1510 delictis
1026 1428 1267 1536 majoribus
1302 1428 1495 1508 Summa·

320 1558 381 1638 rio
422 1562 578 1642 accedit
617 1588 837 1668 processus
877 1589 928 1643 ex
968 1564 1141 1660 notorio,
1183 1587 1403 1670 processus
1443 1587 1493 1640 ex

310 1691 551 1800 fragranti,
586 1703 625 1776 et
656 1722 874 1802 processus
912 1695 1196 1804 inquisitorius
1227 1702 1368 1776 contra
1397 1693 1495 1773 hae-

320 1825 488 1911 reticam
519 1829 777 1936 pravitatem,
815 1856 958 1910 omnes
990 1859 1016 1912 a
1035 1833 1102 1912 Ss
1131 1830 1370 1912 Canonibus
1399 1854 1496 1908 san-

321 1958 405 2058 citi,
432 1961 646 2069 inquibus
669 1962 762 2044 lieet
782 1965 921 2044 minus
952 1964 1204 2064 solemniter,
1229 1972 1364 2044 tamen
1384 1987 1495 2041 sem-

319 2117 393 2199 per
409 2094 678 2199 judicialiter
708 2097 858 2204 agitur.
1036 2089 1038 2095 ’

411 2230 535 2310 Hisce
568 2229 747 2311 breviter
783 2230 998 2338 praejactis
1039 2229 1272 2338 propositae
1303 2227 1494 2334 superius

320 2364 551 2472 quaestioni
584 2365 869 2470 respondetur,
895 2365 1004 2470 quod
1036 2362 1324 2444 Ecclesiastico
1354 2369 1494 2442 aucto-

320 2497 422 2578 ritas
453 2496 493 2575 in
520 2494 689 2601 judiciis
711 2494 994 2576 criminalibus
1015 2495 1066 2576 ad
1087 2495 1383 2594 damnandum,
1407 2493 1493 2574 sive

321 2629 617 2711 absolvendum
663 2653 797 2728 reum,
831 2629 992 2709 nonnisi
1029 2617 1308 2736 judicialiter,
1341 2627 1495 2708 scilicet

307 2764 438 2870 juata
471 2769 565 2841 coto
597 2767 635 2840 et
661 2761 839 2871 probatu
881 2763 1141 2871 procedebat,
1177 2762 1280 2842 idest
1316 2761 1492 2868 juridico

318 2901 480 2976 servato
521 2918 735 3001 processu,
770 2893 857 2974 sive
898 2894 1086 2992 solemni,
1127 2893 1215 2974 sive
1245 2893 1488 2993 summario,

320 3028 375 3108 uti
395 3028 481 3135 jam
505 3025 734 3128 innuimus,
762 3035 801 3108 et
822 3037 959 3135 aperte
991 3035 1118 3110 scatet
1138 3055 1189 3108 ex
1209 3026 1355 3108 celebri
1384 3029 1487 3138 Cup.

321 3163 509 3253 Qualiter
549 3170 585 3242 et
625 3161 787 3269 quondo
830 3164 908 3261 24,
943 3163 1006 3243 tit.
1046 3167 1088 3262 1,
1124 3162 1194 3243 lib.
1229 3165 1258 3241 5
1296 3163 1493 3244 Decreta·

317 3293 432 3375 lium.
468 3293 627 3375 Delicta
657 3302 812 3394 autem,
837 3320 964 3401 super
998 3319 1103 3400 quae
1125 3320 1345 3402 processus
1376 3294 1492 3374 insti-

316 3430 526 3528 tuebatur,
561 3427 722 3508 nonnisi
763 3426 928 3534 publica
964 3453 1055 3507 esse
1087 3436 1288 3534 poterant,
1323 3427 1490 3506 minime

315 3585 413 3638 vero
443 3559 620 3640 occulta.
642 3559 762 3652 Quod
784 3561 886 3640 adeo
909 3587 1051 3640 verum
1075 3567 1150 3659 cst,
1176 3567 1221 3640 ut
1242 3557 1489 3667 principium

315 3691 607 3773 invaluerit-
619 3693 807 3773 Ecclesia
811 3694 979 3800 judicat
997 3703 1155 3776 tontum
1175 3695 1225 3774 de
1240 3695 1485 3804 manifestis.

315 3826 429 3907 Haec
460 3825 701 3933 antiquituS,
726 3835 765 3907 et
787 3854 868 3907 non
890 3827 972 3910 alia
1002 3836 1090 3908 erat
1111 3827 1329 3910 methodus
1351 3827 1489 3908 Eccle-

314 3959 401 4042 siae
432 3960 794 4044 animadvertentis
825 3963 866 4042 in
897 3989 989 4043 reos
1022 3961 1257 4060 criminum,
1287 3961 1416 4069 ⁸haec,
1452 3970 1491 4042 et

314 4117 395 4171 non
428 4091 509 4170 alia
529 4099 616 4172 erat
645 4090 871 4172 criminalis
897 4091 1227 4199 jurisprudentia
1254 4091 1327 4171 lori
1351 4091 1491 4172 Eccle-

312 4225 485 4326 siastici,
529 4253 603 4306 ceu
638 4235 800 4334 praeter
840 4233 1004 4308 caetera
1040 4225 1254 4334 perhibent
1293 4225 1397 4337 Cup.
1438 4251 1491 4304 eoo

282 4387 302 4436 e
351 4383 450 4438 nore
480 4357 521 4438 t.
560 4367 591 4441 t.
627 4367 663 4440 et
699 4361 802 4472 Cap.
842 4361 1078 4452 Quaesitum
1109 4359 1197 4441 eod.
1233 4365 1296 4440 tit.
