3178 5134
405 473 513 524 urana
533 474 579 524 1v.
604 491 624 506 -
646 473 784 525 nruuus
806 473 864 524 xv.
1091 519 1095 528 ,
1154 459 1218 524 263
1294 473 1296 490 ·

92 597 208 680 tutioni
239 599 414 703 faveant,
452 609 499 683 ut
537 602 768 684 animorum
807 601 1012 702 alienatio,
1054 600 1209 701 odium,

23 805 24 808 a
92 729 231 812 dissidia
259 740 337 814 eto.
371 734 532 827 Quibus
561 735 753 816 omnibus
783 719 988 843 expensis,
1012 734 1214 842 siquidem

89 866 302 969 subsistant,
326 868 369 949 S.
390 867 659 976 Congregatio
679 869 866 978 proponit
885 893 1026 978 preces
1041 869 1214 949 Summo
1237 974 1241 984 „

23 1039 26 1048 ·
91 995 263 1100 Pontifici,
297 1009 344 1082 ut
375 1001 564 1109 dignetur
592 1003 829 1111 dispensare
858 1029 982 1110 super
1008 1001 1216 1087 matrimo-

91 1127 141 1210 nio
164 1141 247 1214 rato
278 1141 319 1215 et
347 1160 428 1215 non
457 1144 755 1218 consummato,
785 1123 842 1217 Et
870 1137 967 1218 data
1005 1136 1216 1243 dispensa-

91 1261 175 1345 tione
199 1265 399 1372 judioium
419 1269 666 1377 completum
686 1276 761 1369 est,
787 1269 862 1351 etsi
884 1269 926 1349 in
946 1295 994 1350 eo
1010 1269 1126 1375 juxta
1146 1295 1218 1348 ex-

93 1395 252 1500 plicanda
281 1402 426 1484 debeat
454 1403 568 1512 sequi
600 1403 815 1484 methodus
840 1403 1103 1484 aBenedioto
1119 1403 1217 1484 XIV
1289 1487 1293 1496 ,

91 1533 286 1639 proposita.
311 1533 429 1627 Quod
459 1537 625 1646 inquam
651 1536 850 1644 judicium
872 1536 914 1616 in
934 1535 1120 1644 pluribus
1140 1535 1218 1617 dii-

90 1659 148 1745 fert
172 1693 196 1746 a
223 1679 418 1750 consueto
443 1670 597 1778 judicio
627 1671 735 1779 quod
765 1697 817 1751 ex
847 1669 1084 1776 impotentia
1108 1696 1220 1750 oom-

90 1800 243 1881 muniter
271 1801 331 1882 fit.
363 1801 474 1883 Dum
495 1803 602 1890 enim
625 1803 724 1884 illud
750 1810 812 1884 est
831 1802 1067 1910 simpliciter
1087 1801 1220 1884 decla-

89 1931 256 2034 rativum,
290 1933 368 2015 hoe
397 1943 460 2016 ost
488 1935 713 2016 deoisivum
743 1944 814 2017 aut
845 1935 1106 2033 decretivum,
1142 1934 1222 2016 sci-

90 2059 161 2146 lioet
188 2067 229 2147 in
260 2066 328 2148 illo
358 2068 588 2150 declaratur
617 2068 924 2150 matrimonium
950 2093 1039 2148 esse
1061 2067 1221 2148 irritum

89 2199 164 2300 quia
190 2201 336 2281 initum
367 2209 428 2284 est
459 2211 626 2310 aparte
656 2209 851 2311 perpetuo
881 2207 921 2283 et
941 2183 1222 2282 antecedenter

90 2326 302 2438 impotente3
335 2335 435 2416 dum
466 2335 507 2415 in
535 2335 613 2417 hoo
638 2334 827 2417 Pontifex
848 2333 1058 2443 dispensat
1077 2334 1140 2416 vel
1162 2335 1223 2416 di-

90 2461 180 2548 rimit
198 2468 505 2550 matrimonium
525 2476 674 2550 ratum.
699 2469 807 2550 Hino
821 2469 999 2550 secundo
1016 2475 1090 2568 est,
1112 2469 1220 2576 quod

90 2591 150 2678 hoo
168 2601 356 2682 ultimum
373 2601 575 2710 judicium
595 2629 669 2683 seu
689 2601 841 2682 deoisio
862 2626 945 2682 non
961 2607 1094 2709 potest
1109 2601 1221 2682 reddi

90 2728 152 2809 nisi
181 2759 206 2812 a
234 2733 448 2842 Supremis
468 2733 864 2841 congregationibus
884 2731 1099 2834 Romanis,
1123 2759 1223 2840 qua·

88 2885 162 2945 rum
191 2867 372 2948 officium
403 2875 465 2948 est
494 2866 829 2948 Consiliariorum
858 2865 1036 2948 Romani
1056 2866 1225 2948 Pontifi-

88 2995 146 3096 eiS,
176 3001 244 3108 qui
274 3000 389 3080 solus
417 3006 550 3108 potest
579 2999 886 3080 matrimonium
914 3006 1051 3079 ratum
1080 3005 1120 3080 et
1141 3025 1221 3078 non

87 3143 399 3215 consummatum
429 3133 666 3234 dissolvere3
699 3160 794 3214 eum
824 3132 1002 3242 primum
1023 3131 1225 3238 judicium

87 3283 193 3370 super
223 3267 462 3375 impotentia
490 3265 620 3374 possit
647 3265 713 3373 agi
735 3266 777 3345 in
797 3265 1123 3372 quibuscumque
1145 3263 1226 3342 Cu·

87 3393 146 3476 riis
160 3399 467 3482 Ordinariorum
483 3399 741 3508 eaeteroquin
757 3397 1093 3505 competentibus.
1113 3395 1221 3475 Hine

86 3531 186 3614 tortio
216 3533 401 3642 sequitur
429 3534 506 3615 hoo
526 3533 698 3615 alterum
713 3531 931 3640 judicium,
955 3529 1112 3638 quoties
1133 3553 1222 3610 ma-

87 3663 307 3750 trimonium
338 3668 414 3749 fuit
444 3667 681 3776 simpliciter
699 3675 848 3765 ratum,
874 3692 964 3746 esse
986 3665 1220 3746 absolutum

86 3821 145 3878 neo
173 3801 450 3883 reformationi
481 3799 706 3907 subjacere,
740 3798 817 3879 fuit
845 3796 1047 3906 siquidem
1087 3823 1112 3877 a
1141 3794 1225 3876 Ro·

83 3953 190 4016 mano
229 3933 426 4016 Pontifioe
466 3933 710 4014 dissolutum
755 3929 1077 4030 matrimonium3
1125 3930 1224 4010 dum

82 4063 244 4163 primum
271 4067 473 4176 judicium
497 4093 608 4147 mere
628 4065 918 4146 declarativum
939 4063 1070 4172 possit
1088 4062 1223 4142 varia-

82 4194 247 4282 tionibus
276 4201 463 4303 subesse,
501 4201 536 4281 si
576 4200 684 4281 faeta
721 4197 881 4280 veritati
922 4223 1004 4278 non
1043 4196 1224 4314 nitantur

81 4329 175 4414 rima
205 4343 390 4415 extrema
419 4333 694 4442 impotentiae.
723 4332 788 4412 Ad
810 4356 914 4438 quae
935 4328 1086 4410 elarius
1107 4327 1223 4408 intol-

81 4461 232 4573 ligenda
261 4469 485 4552 notandum
516 4467 658 4550 ultimo
689 4471 765 4569 est,
798 4464 905 4575 quod
936 4462 1010 4545 etsi
1046 4461 1225 4570 plerum·
