3388 5136
536 458 634 503 orans
657 459 686 503 v.
714 475 755 485 —
782 458 920 504 mrunus
943 459 977 502 11.
1304 441 1349 505 95

173 584 306 685 debet,
346 583 425 663 nisi
457 583 733 664 accusationis
764 583 964 663 terminus
1006 583 1171 692 elapsus
1204 584 1340 667 fuerit.

171 717 269 826 Lep.
305 723 349 799 6.
385 721 409 820 ἓ
442 721 487 816 2,
513 718 571 824 ff.
607 715 664 796 ad
693 717 738 797 S.
778 717 825 796 C.
866 717 1024 826 Turpil.

230 850 370 931 Poena
420 859 561 930 autern
613 849 964 956 tergiversationis
1010 850 1172 931 nonnisi
1223 879 1349 960 peeu·

171 983 303 1064 niaria
324 995 426 1086 erat,
454 985 559 1065 idest
584 983 715 1066 multa
745 985 927 1093 quinque
958 985 1157 1066 librarum
1181 987 1272 1066 auri
1295 989 1347 1069 ad

171 1117 378 1199 tramitem
409 1119 484 1228 top.
520 1121 549 1200 3
571 1121 631 1225 ff.
667 1117 717 1199 de
749 1120 1053 1229 praevaricat:
1084 1119 1177 1225 jure
1208 1125 1346 1200 autem

172 1249 334 1332 Codicis
366 1261 512 1360 quarta
533 1279 629 1360 pars
660 1254 863 1333 bonorum
886 1281 980 1334 eum
1003 1252 1173 1332 infamia
1195 1253 1271 1362 top.
1300 1260 1342 1334 1.

171 1389 217 1467 2.
248 1384 350 1466 Cod.
386 1387 498 1466 intra
529 1393 626 1466 cert.
653 1393 771 1496 temp.
806 1387 914 1467 Hine
940 1385 1106 1466 infamis
1128 1387 1341 1486 evadebat,

171 1516 343 1626 ideoque
390 1527 430 1600 et
478 1520 734 1626 irregularis,
784 1520 865 1601 Sed
911 1520 1039 1620 satis;
1088 1527 1345 1600 reoesserunt

11 1696 16 1708 ι
119 1665 121 1670 ’
172 1651 282 1743 enim
312 1651 414 1733 haee
444 1654 496 1732 ab
527 1679 622 1753 usu,
661 1653 718 1734 uti
747 1654 833 1760 jam
866 1653 1098 1734 innuimus,

525 2075 526 2078 ‘
594 2053 831 2135 TITULUS
862 2055 925 2134 Ili.

230 2311 293 2391 De
322 2311 526 2408 Simonis,
562 2317 597 2388 et
627 2333 676 2390 ne
706 2307 868 2416 aliquid
891 2335 971 2418 pro
1002 2309 1286 2418 spiritualibus

463 2443 670 2550 eoeiputur,
697 2441 758 2521 oet
771 2442 1058 2551 promittatur.

257 2699 302 2776 ln
332 2697 615 2805 superioribus
645 2697 776 2779 titulis
808 2707 945 2779 aetum
978 2707 1040 2780 est
1066 2699 1115 2779 de
1136 2698 1345 2805 praelimi-

172 2829 345 2910 naribus
361 2830 505 2938 judicii
524 2831 763 2930 criminalis,
788 2832 987 2914 transitus
1008 2831 1103 2912 hino
1119 2833 1241 2914 modo
1257 2833 1303 2912 fit
1324 2859 1349 2912 a

170 2965 220 3045 B.
256 2963 505 3073 Raymundo
536 2966 587 3046 ad
618 2967 835 3046 materiam
866 2965 1051 3071 ejusdem
1079 2965 1240 3071 judieii,
1271 2992 1346 3046 seu

171 3099 222 3180 ad
263 3101 379 3178 varia
408 3100 582 3180 erimina
612 3101 654 3179 in
684 3100 836 3208 speeie,
856 3125 961 3207 quae
982 3100 1033 3180 ad
1065 3098 1202 3206 ipsum
1230 3099 1343 3205 judi·

170 3233 282 3313 cium
314 3215 464 3314 deduci
480 3234 643 3316 debent.
667 3233 756 3314 Hae
786 3234 835 3314 de
856 3257 900 3312 re
926 3257 1123 3339 praesens
1157 3233 1350 3339 adjicitur

171 3367 332 3448 titulus.
776 3451 779 3457 ,
1028 3466 1032 3473 q
1122 3349 1123 3352 i

256 3503 364 3580 Inter
394 3501 566 3581 crimina
591 3501 698 3608 juris
730 3499 1011 3601 ecelesiastici,
1046 3499 1223 3607 quaein
1255 3499 1348 3580 vili-

170 3631 369 3740 pendium
403 3661 543 3740 rerum
584 3633 877 3742 spiritualium,
921 3641 961 3714 et
1001 3633 1041 3714 in
1084 3634 1348 3718 Orthodoxae

169 3766 263 3847 fidei
294 3767 607 3849 subversionem
628 3769 815 3870 tendunt,
839 3776 1078 3850 recensetur
1102 3769 1235 3876 primo
1257 3771 1347 3852 loco

172 3929 197 3983 a
226 3902 277 3984 B.
313 3903 562 4011 Raymundo
593 3903 748 3984 erimen
779 3902 997 4004 simoniae,
1023 3903 1122 4010 quia
1142 3903 1235 3984 lieet
1257 3903 1348 4012 ipsa

171 4062 221 4115 ex
254 4037 412 4143 objecto
443 4063 520 4118 suo
538 4063 633 4119 non
664 4037 718 4118 sit
748 4038 935 4117 omnium
968 4035 1217 4117 delictorum
1253 4059 1346 4142 gra-

170 4169 402 4270 vissimum,
440 4172 511 4252 vix
543 4179 679 4254 tamen
711 4172 822 4252 aliud
854 4179 917 4251 est
947 4169 1080 4276 magis
1120 4169 1208 4250 Deo
1240 4169 1349 4278 inju-

168 4300 343 4405 riosum,
363 4314 403 4386 et
423 4304 559 4413 magis
580 4305 788 4386 Eeolesiae
810 4303 1100 4412 perniciosum.
1126 4305 1239 4386 Dixi
1258 4330 1347 4385 ma·

167 4434 231 4541 gis
278 4435 364 4518 Deo
410 4437 674 4544 injuriosum,
720 4437 820 4546 quia
860 4437 1218 4546 praestantissima
1257 4437 1348 4544 ejus
