3136 5138
338 400 401 466 104
624 416 914 484 ermanaricum
937 417 1029 468 Junrs
1054 417 1221 470 oauourcr

342 546 434 628 cilio
464 546 661 628 habuisse
681 547 859 656 aliquem
879 555 1110 655 respectum
1130 551 1182 632 ad
1203 548 1489 633 haereticorum

343 679 632 782 conditionem,
655 706 750 761 cum
770 679 1110 788 specialissimam
1131 679 1244 760 illam
1264 681 1495 789 publicatio-

344 839 438 894 nem
469 812 677 894 induxerit
705 811 845 893 habita
874 812 1030 894 ratione
1060 813 1112 893 ad
1141 812 1382 894 haereticos,
1401 812 1495 892 Cum

344 947 452 1028 enim
484 946 526 1026 in
557 945 738 1027 Concilio
769 946 818 1026 P.
854 947 1006 1026 Lainez
1037 946 1296 1028 observasset
1335 946 1497 1027 haereti-

345 1107 415 1162 cos
445 1108 527 1162 non
557 1086 792 1186 recepturos
822 1079 929 1161 hanc
959 1081 1106 1187 legem,
1139 1107 1191 1161 ex
1232 1107 1313 1188 quo
1356 1081 1499 1161 infinita

202 1257 204 1261 J
347 1213 547 1296 adulteria
576 1221 692 1296 erant
723 1221 920 1295 eventura
949 1215 1145 1322 etgravis
1167 1215 1355 1297 conlusio
1373 1216 1500 1296 lutura

347 1347 482 1456 quoad
513 1347 717 1454 legitimas
748 1347 1046 1448 successiones,
1080 1348 1307 1430 Concilium
1329 1347 1499 1430 delinivit

348 1481 480 1587 legem
509 1479 615 1562 hanc
646 1507 698 1562 ex
727 1481 894 1589 publica
923 1481 1097 1564 utilitate
1128 1483 1417 1584 inducendam,
1453 1484 1501 1564 ita

182 1631 192 1666 ²
347 1641 437 1694 esse
468 1614 791 1722 temperandam,
826 1623 871 1695 ut
901 1615 1000 1696 dum
1031 1641 1083 1694 ex
1113 1640 1198 1696 una
1227 1627 1342 1723 parte
1381 1616 1501 1698 diotae

348 1747 536 1855 publicae
558 1733 721 1828 utilitati
743 1745 1056 1856 prospiceretur,
1076 1775 1127 1830 ex
1149 1748 1277 1829 altera
1290 1749 1369 1830 hoo
1385 1775 1498 1855 grave

348 1880 607 1988 dispendium
637 1881 930 1982 eliminaretur,
963 1882 1072 1988 quod
1101 1883 1258 1990 putavit
1283 1881 1501 1964 Concilium

348 2013 605 2095 eliminatum
637 2014 702 2116 iri,
735 2015 768 2094 si
801 1998 1035 2122 adigeretur
1065 2015 1166 2098 haec
1205 2016 1429 2124 publicatio
1466 2016 1502 2094 in

351 2173 595 2256 unaquaque
626 2148 830 2257 paroecia3
863 2150 962 2230 dum
994 2149 1103 2228 enim
1133 2149 1201 2229 lex
1227 2149 1503 2257 publicabatur

349 2283 391 2364 in
435 2281 566 2382 lociS,
612 2307 718 2390 quae
763 2282 827 2363 vel
871 2281 1059 2363 catholici
1104 2283 1312 2364 exclusive
1360 2283 1500 2365 incole·

348 2417 461 2516 bant,
494 2415 557 2496 vel
588 2415 631 2495 in
661 2415 812 2524 quibus
842 2415 1029 2498 catholici
1061 2417 1238 2525 potiores
1268 2425 1408 2524 partes
1437 2417 1503 2495 ha-

349 2549 512 2649 bebant,
546 2575 596 2632 ea
624 2549 871 2658 publicanda
900 2576 981 2630 non
1012 2550 1327 2658 praevidebatur
1347 2552 1391 2632 in
1411 2550 1503 2630 locis

349 2686 400 2766 ab
430 2683 645 2766 haereticis
674 2693 747 2765 aut
776 2685 984 2766 exclusive
1005 2691 1077 2768 aut
1097 2685 1504 2793 principaliteroocu·

348 2816 479 2925 petis,
503 2825 624 2925 atque
654 2816 732 2897 hoc
762 2817 883 2898 modo
914 2818 1047 2926 prima
1086 2809 1375 2925 promulgatio
1406 2819 1504 2900 lacta

347 2955 423 3030 est.
457 2950 513 3030 At
541 2976 763 3057 progressu
803 2951 999 3061 temporis
1039 2951 1173 3034 evenit
1213 2961 1260 3032 ut
1299 2953 1421 3059 plura
1458 2978 1504 3031 ex

345 3082 461 3183 locis,
494 3081 536 3162 in
566 3083 718 3190 quibus
747 3084 1022 3191 promulgatio
1039 3083 1146 3166 sacta
1161 3083 1249 3192 jam
1269 3095 1372 3186 erat,
1397 3086 1507 3166 inva-

346 3215 538 3297 derentur
567 3217 619 3296 ab
650 3215 880 3318 haereticis,
913 3217 978 3332 vel
1010 3215 1052 3296 in
1082 3216 1132 3297 iis
1162 3219 1342 3326 potiores
1374 3227 1504 3328 partes

347 3349 558 3450 haberent;
582 3347 752 3458 insuper
780 3358 873 3459 post
902 3376 1046 3459 pacem
1066 3352 1375 3461 Vestphalioam
1398 3379 1504 3434 reco-

345 3481 469 3587 gnitis
499 3482 714 3565 haereticis
745 3482 947 3590 exemptis
978 3509 1003 3563 a
1017 3484 1303 3592 jurisdictione
1318 3487 1507 3568 ecclesia-

346 3614 449 3695 stica
468 3615 767 3724 Episcoporum
786 3616 1096 3718 catholicorum,
1121 3617 1222 3700 illud
1249 3620 1506 3728 dispendium
1563 3629 1564 3660 ¹

345 3749 479 3859 coepit
508 3749 551 3830 in
582 3749 687 3832 lacto
708 3750 924 3853 verificari,
948 3753 1057 3862 quod
1077 3753 1335 3860 praeviderat
1355 3755 1505 3836 Lainea

346 3884 388 3962 in
418 3882 599 3965 Concilio
628 3883 882 3986 Tridentino,
915 3893 955 3967 et
984 3885 1093 3994 quod
1124 3910 1150 3965 a
1178 3887 1373 3970 Patribus
1408 3887 1506 3969 tanti

346 4016 608 4100 aestimatum
639 4019 730 4120 luit,
764 4018 940 4100 utillud
970 4047 1062 4101 esse
1097 4021 1263 4102 omnino
1304 4021 1510 4103 deelinan-

347 4151 446 4232 dum
476 4153 722 4236 censuerint.
755 4199 776 4214 -
807 4153 865 4262 (c)
901 4153 1079 4262 Exque
1118 4153 1359 4238 concludere
1399 4154 1506 4254 licet,

346 4286 455 4395 quod
485 4313 581 4368 cum
610 4287 795 4370 Ecclesia
824 4287 1001 4370 noluerit
1029 4288 1450 4397 haereticospositive
1470 4297 1507 4367 et

347 4419 497 4502 directe
513 4419 690 4502 eximere
706 4421 759 4502 ab
780 4419 1063 4504 observatione
1084 4420 1195 4504 illius
1215 4423 1380 4524 decreti,
1399 4421 1505 4531 quod
1563 4473 1564 4492 κ
