3264 5146
497 442 603 492 rnnun
626 443 672 491 rv.
697 460 717 474 -
741 442 881 494 errares
904 445 925 496 1.
1256 430 1299 492 55

151 595 267 650 errore
298 569 556 671 conditionis
590 571 742 679 dequo
774 572 814 651 in
847 571 977 652 titulis
1004 572 1291 680 sequentibus)

32 759 33 762 κ
150 704 370 811 regulariter
399 732 481 786 non
514 706 644 788 irritat
684 707 1009 806 matrimonium,
1044 708 1205 788 etiamsi
1237 710 1290 790 sit

31 847 32 876 ³
148 839 371 918 antecedens
400 845 440 919 et
471 865 521 919 ex
553 839 645 920 dolo
677 839 871 920 inductus
903 865 952 918 ax
973 867 1063 949 cop.
1095 845 1144 920 18
1167 842 1207 921 lt.
1235 851 1285 942 t.,

31 963 32 1058 J
148 971 249 1052 dolus
278 972 385 1052 enim
417 998 499 1052 non
529 971 741 1054 constituit
778 973 826 1052 de
868 999 912 1052 se
953 973 1292 1080 impedimentum

31 1141 32 1162 ι
148 1105 394 1185 matrimonii.
430 1106 543 1187 Haec
573 1114 710 1187 tamen
739 1105 885 1186 ultima
905 1106 1116 1188 conclusio
1138 1109 1292 1214 patitur

148 1238 236 1317 duas
264 1239 538 1346 exceptiones
573 1268 749 1388 quarum
773 1242 916 1349 prium
946 1249 1023 1322 est:
1059 1241 1094 1320 si
1117 1243 1210 1348 quis
1231 1242 1291 1321 al-

149 1369 297 1476 ligasset
327 1398 575 1452 consensum
607 1374 849 1454 existteniae
879 1373 1103 1480 qualitatis,
1139 1374 1179 1452 in
1207 1401 1289 1481 qua

149 1513 301 1605 erratu
304 1507 492 1586 tconclit
460 1511 575 1606 troni,
610 1511 741 1587 sine(
727 1535 808 1615 quo
840 1537 919 1587 non
949 1509 1174 1615 peregisset
1194 1537 1292 1590 eon-

31 1633 32 1638 ‘
148 1647 316 1720 tractum:
353 1640 394 1720 id
424 1649 561 1720 tamen
593 1641 712 1721 debet
697 1639 907 1720 tostendi
949 1641 1288 1722 concludentibus·

31 1785 32 1800 ²
148 1775 397 1878 argumentis,
431 1782 471 1856 et
500 1775 542 1853 in
575 1775 662 1855 loro
703 1787 874 1854 externo
915 1775 955 1855 id
997 1802 1078 1855 non
1119 1803 1292 1883 praesu-

148 1905 255 1986 mitur
281 1907 405 1988 etiam
432 1907 565 2015 pesito
588 1933 722 1988 errore
744 1915 784 1988 et
804 1907 911 1988 dolo
937 1907 1135 2015 Exceptio
1157 1911 1292 1990 ultera

147 2045 211 2138 est,
240 2041 271 2120 si
294 2041 471 2148 qualitas
492 2042 534 2121 in
556 2068 639 2149 qua
659 2067 772 2122 error
792 2041 1041 2140 verificatur,
1066 2042 1168 2121 adeo
1191 2044 1289 2122 erni·

145 2179 225 2253 neat
251 2174 395 2254 saltem
427 2175 467 2254 in
499 2183 699 2281 conceptu
731 2173 1023 2274 contrahentis,
1052 2181 1096 2254 ut
1117 2201 1286 2254 censea-

144 2312 202 2383 tur
227 2306 383 2386 refundi
415 2307 457 2387 in
488 2333 721 2415 personam,
768 2315 814 2386 ut
854 2305 888 2385 si
927 2333 1032 2412 quae
1072 2314 1288 2412 putaretur

144 2463 222 2518 esse
240 2439 323 2521 lilia
338 2441 479 2548 magni
497 2441 694 2550 principis
711 2439 981 2539 territorialiS,
1002 2466 1107 2546 quae
1126 2441 1165 2520 in
1184 2443 1289 2520 veri-

31 2681 33 2688 Ι
143 2579 213 2652 late
241 2599 320 2654 non
351 2585 458 2656 esset
494 2575 573 2655 nisi
614 2577 664 2656 de
705 2575 861 2654 familia
900 2575 1045 2682 privati
1088 2575 1282 2676 hominis

31 2771 33 2792 ,
142 2711 175 2785 et
202 2705 255 2787 ita
279 2734 400 2815 porro
420 2710 470 2802 de
491 2709 584 2790 aliis
604 2710 819 2817 exemplis
845 2734 950 2815 quae
971 2709 1023 2787 ab
1046 2711 1288 2791 auctoribus

144 2840 372 2923 afferuntur.
405 2843 534 2950 Atqui
565 2843 642 2924 hoc
677 2845 719 2922 in
760 2844 927 2924 casibus
967 2845 1287 2951 particularibus

142 2981 194 3050 est
221 2974 394 3055 difficilis
424 2976 592 3056 omnino
623 2976 892 3084 probationis,
927 3003 1073 3083 nempe
1105 2977 1213 3083 quod
1241 3002 1291 3056 ea

31 3111 32 3172 ἶ
142 3107 305 3212 qualitas
336 3111 393 3191 ita
423 3111 612 3208 emineat,
650 3119 696 3192 ut
725 3111 815 3218 ejus
850 3111 1033 3190 delectus
1074 3117 1291 3190 censeatur

142 3244 377 3324 constituere
407 3244 531 3324 aliam
562 3270 733 3352 prorsus
765 3270 999 3352 personam.

146 3375 221 3454 l9.⁰
248 3375 437 3457 Alterum
468 3377 806 3484 impedimentum
838 3377 1128 3457 dirimenst
1067 3383 1128 3454 est
1160 3376 1219 3454 cis
1251 3385 1287 3452 ct

141 3515 269 3590 metus
303 3509 365 3590 De
391 3509 456 3590 his
477 3511 601 3590 locuti
622 3537 771 3591 sumus
795 3511 863 3592 lib
893 3511 987 3589 ltit
993 3509 1154 3610 .XL‚'
1146 3535 1187 3587 rn
1209 3535 1290 3617 quo

138 3667 262 3723 sermo
293 3643 372 3724 fuit
400 3645 450 3724 de
480 3644 617 3724 valore
655 3652 720 3725 ac
722 3671 838 3745 uum
883 3644 951 3752 qui
994 3645 1032 3724 vi
1072 3651 1290 3750 metusque

140 3801 256 3858 causa
285 3777 403 3857 fiunt.
439 3777 518 3857 Hic
548 3783 708 3857 tantum
740 3778 973 3858 addendum
1004 3784 1080 3856 est:
1114 3781 1291 3855 -1⁰r·e-

137 3910 279 4014 quisita
297 3921 448 4012 metuS,
483 3919 529 3992 ut
549 3911 857 3992 matrimonium
880 3913 959 3991 sub
980 3911 1048 3990 illo
1072 3919 1289 3990 censeatur

31 4071 32 4074 ¹
136 4066 218 4124 esse
246 4044 422 4146 nullum,
458 4045 604 4126 debere
634 4073 739 4145 esse,
774 4047 883 4152 quod
904 4053 1039 4126 metus
1061 4045 1114 4124 sit
1136 4042 1290 4122 extrin-

31 4465 33 4500 l

31 4537 33 4558 r

135 4200 261 4278 secus,
294 4179 451 4285 graviS,
486 4177 665 4285 injustus
696 4187 735 4258 et
760 4169 946 4258 'directus
968 4179 1019 4258 ad
1040 4201 1288 4256 consensum

136 4311 469 4418 extorquendum,
503 4319 549 4390 ut
578 4309 779 4390 habeatur
810 4309 914 4390 ratio
946 4310 1083 4417 gravis
1114 4306 1288 4415 injuriae

136 4439 337 4525 inordina
369 4446 420 4526 ad
451 4445 776 4526 matrimonium.
811 4449 901 4530 -20
932 4443 1163 4524 Concilium
1194 4441 1288 4524 Tri-
