3360 5126
331 429 398 498 300
637 451 906 530 ranuncumouns
928 453 1020 501 umus
1042 453 1199 499 ornemur

392 575 524 662 ¹Hinc
555 583 718 689 quando
735 579 964 662 Concilium
985 579 1270 661 Tridentinum
1298 579 1401 690 Cap.
1428 583 1512 680 12,

242 731 245 737 ’
333 741 428 797 sess.
462 720 541 810 24,
576 716 625 798 de
654 715 889 821 Reformot.
923 715 1084 796 illicitas
1105 713 1293 822 prohibet
1323 713 1516 798 venatio·
1643 707 1645 772 l

287 873 291 880 “
334 876 421 948 nes
457 849 596 930 inlerri
629 850 764 949 debet,
798 849 849 929 ab
881 849 970 956 ipso
1001 847 1184 929 interdici
1218 850 1516 932 nonvenatio-
1568 877 1570 880 ·

175 1075 182 1085 .
333 989 426 1064 nem
458 988 651 1092 quietam,
676 1008 781 1090 quae
803 983 1041 1090 plerumque
1062 981 1108 1063 fit
1128 980 1397 1078 necessitatis
1434 991 1518 1062 aut

335 1117 531 1197 honestae
562 1115 824 1198 recreationis
855 1141 998 1215 causa,
1031 1116 1102 1196 sed
1133 1114 1225 1194 illas
1246 1115 1516 1196 solummodo

333 1248 517 1333 interdici
548 1250 800 1349 venationes
848 1275 953 1358 quae
998 1249 1251 1330 clamorosae
1294 1249 1511 1350 dicuntur,

336 1385 576 1492 praesertim
606 1384 640 1465 si
673 1383 856 1466 Clericus
898 1383 1127 1492 frequenter
1167 1383 1247 1464 illis
1287 1383 1478 1490 indulget
1499 1415 1511 1485 ;

192 1513 196 1520 ⁴
332 1523 371 1596 et
400 1517 504 1599 ratio
535 1525 609 1616 est,
647 1517 866 1624 quietalis
897 1517 1060 1598 venatio
1091 1543 1172 1598 non
1210 1515 1400 1599 convenit
1421 1543 1514 1598 mo-

336 1651 490 1732 destiae
522 1651 723 1752 Clericali,
761 1679 856 1734 cunn
903 1652 1163 1734 vehementer
1207 1651 1420 1753 distrahat,
1470 1667 1513 1735 et

335 1791 478 1866 avocet
507 1784 668 1865 animos
699 1785 751 1865 ab
782 1785 1053 1885 orationibus
1087 1792 1127 1866 et
1155 1785 1300 1867 officiis
1332 1784 1512 1868 Clerioa-

211 1907 216 1924 ’
333 1919 458 2002 libus.

296 2085 299 2092 ·
423 2055 587 2136 Poenae
619 2061 801 2134 veterum
827 2079 1048 2153 canonum,
1074 2063 1113 2135 et
1135 2053 1373 2162 praesertim
1395 2055 1506 2157 illae,

338 2218 442 2300 quas
472 2199 673 2272 memorat
707 2191 810 2300 Cap.
849 2194 872 2269 1
906 2177 943 2270 ct
972 2193 1018 2289 2,
1053 2189 1094 2270 h.
1130 2197 1159 2271 t.
1195 2189 1358 2297 penitus
1388 2190 1511 2271 abro-

336 2334 455 2432 gatae
486 2332 603 2426 sunt3
636 2333 676 2405 et
706 2324 841 2406 solum
872 2323 991 2405 hodie
1023 2331 1230 2404 reservata
1256 2331 1317 2406 est
1338 2323 1509 2407 arbitrio

333 2457 524 2566 Episcopi
556 2485 740 2566 congrua
770 2458 943 2564 punitio,
966 2483 1041 2538 ceu
1064 2465 1202 2538 monet
1222 2457 1374 2539 Bened.
1406 2457 1509 2538 XIV

338 2591 387 2672 de
419 2593 573 2702 Synod.
609 2591 851 2673 dioecesana
882 2589 951 2671 lib.
978 2591 1044 2690 11,
1073 2591 1176 2701 Cup.
1202 2593 1273 2692 10,
1294 2621 1334 2672 n.
1354 2594 1381 2671 8
1399 2599 1434 2670 et
1457 2595 1503 2672 9.

712 2991 948 3073 TITULUS
987 2991 1129 3074 XXV.

592 3327 603 3348 .
650 3264 713 3344 De
748 3263 908 3343 Clerico
933 3289 1187 3373 percussore.
1296 3271 1300 3280 ’

431 3530 547 3610 Siout
587 3529 764 3620 venatio,
808 3529 865 3608 ita
904 3529 1026 3610 etiam
1065 3530 1277 3637 percussio
1308 3536 1516 3638 repugnat

341 3661 665 3762 mansuetudini,
685 3662 856 3763 lenitati,
877 3674 916 3744 et
937 3662 1160 3746 modestiae
1182 3659 1382 3746 Clerioali.
1404 3663 1514 3746 Hinc

338 3802 430 3904 post
464 3795 574 3876 illam
617 3797 759 3877 merito
800 3797 849 3879 B.
886 3797 1161 3907 Raymnndus
1197 3800 1246 3880 de
1276 3799 1354 3881 hac
1384 3798 1514 3879 altera

345 3935 455 4010 recto
486 3929 627 4010 ordine
658 3928 744 4036 agit
774 3929 814 4009 in
846 3932 1048 4038 praesenti
1081 3931 1212 4013 titulo.

429 4063 636 4144 Omnibus
653 4061 822 4144 Clericis
843 4064 1062 4172 praecipue
1083 4065 1124 4144 in
1147 4063 1275 4148 sacris
1297 4063 1515 4146 ordinibus

343 4197 590 4298 constitutis,
615 4196 866 4306 prohibitum
890 4205 952 4278 est
966 4207 1177 4306 percutere
1199 4199 1513 4308 propria-manu

345 4327 512 4430 laicum,
547 4331 620 4411 etsi
653 4331 969 4439 delinquentem,
1003 4332 1100 4440 quin
1133 4333 1282 4414 reserat
1303 4355 1397 4414 eum
1420 4355 1513 4412 esse

344 4458 520 4563 fidelem,
563 4489 638 4545 seu
680 4463 899 4546 infidelem.
942 4465 1007 4545 nd
1048 4491 1134 4546 rem
1176 4465 1281 4548 Can.
1320 4469 1361 4566 1,
1394 4471 1431 4544 et
1464 4467 1510 4562 7,
