3356 5118
485 421 585 466 mnn
606 421 641 466 v.
666 437 709 450 -
732 421 873 468 mrunue
896 423 1024 469 xxxvn.
1279 409 1346 476 351

164 545 472 654 distinguenda
500 545 562 625 vel
585 555 682 626 sunt
704 545 864 646 Clerici,
890 555 929 626 et
950 547 1129 653 religiosi
1147 552 1340 660 exempti,

163 688 204 762 et
234 691 333 761 tunc
363 681 451 760 fieri
486 679 634 760 debere
666 707 691 760 a
722 679 838 786 Papa
878 680 1046 761 tradunt
1086 709 1265 766 canones
1295 690 1343 788 5,

163 825 202 898 11
233 821 278 915 7,
306 843 418 896 caus.
444 819 490 914 3,
524 822 681 922 quaest.
716 821 761 896 6.
796 815 911 896 Trid.
940 841 1038 896 sess.
1074 818 1147 910 13,
1181 846 1274 928 cap.
1300 825 1348 920 4,

162 951 213 1032 de
253 951 447 1060 Reform.
493 949 571 1030 Vel
614 976 696 1028 non
738 956 838 1029 sunt
878 949 1042 1050 Clerici,
1087 961 1128 1032 et
1167 953 1350 1058 religiosi

162 1085 359 1192 exempti,
396 1091 436 1164 et
465 1083 544 1163 hoc
576 1081 617 1161 in
649 1110 753 1162 casu
797 1083 983 1164 iacienda
1023 1093 1086 1164 est
1119 1110 1146 1162 a
1182 1087 1350 1194 proprio

161 1217 383 1324 Episcopo,
420 1215 465 1296 Si
499 1223 641 1294 autern
672 1217 948 1296 subsumetur
977 1219 1230 1326 quaerend0‚
1264 1247 1348 1327 qna

162 1349 296 1430 lorrna
326 1349 513 1429 facienda
538 1349 592 1430 sit
613 1349 715 1430 haec
745 1349 1013 1456 degradatio?
1047 1351 1172 1460 Resp.
1210 1353 1344 1445 Quid-

161 1485 260 1592 quid
292 1483 346 1564 sit
376 1483 426 1562 de
453 1483 547 1589 jure
577 1483 763 1590 antique,
799 1483 918 1562 hodie
950 1493 1140 1563 servatur
1180 1483 1338 1566 Concil.

161 1617 450 1698 Tridentinum
479 1642 575 1697 sess.
612 1618 668 1696 13
700 1617 750 1697 de
780 1617 1016 1725 Reformul.
1056 1617 1161 1726 Cap.
1200 1620 1245 1699 4.

248 1749 375 1830 Venit
404 1749 548 1857 quinto
579 1749 671 1830 loco
695 1751 890 1856 infamia,
917 1743 1023 1858 quae
1045 1751 1239 1832 delinitur
1259 1751 1344 1858 pri·

161 1884 286 1984 vatio,
321 1911 399 1964 seu
435 1884 655 1965 diminutio
688 1885 820 1964 bonae
861 1885 1013 1984 famae,
1048 1892 1089 1964 et
1133 1884 1348 1966 existima-

160 2018 302 2119 tioniS,
321 2020 409 2098 sive
424 2026 472 2099 ut
491 2017 783 2099 iurisconsulti
806 2020 1059 2128 loquuntur:
1087 2019 1268 2127 infamia
1289 2029 1347 2102 eu

162 2151 298 2232 laesae
326 2153 545 2262 dignitatis
574 2159 705 2231 status
737 2155 822 2232 cita
854 2159 892 2230 et
928 2151 1109 2230 moribus
1151 2153 1347 2260 repreba-

160 2293 240 2368 tus.
275 2289 373 2394 Lep.
414 2287 693 2394 Cognitionem
726 2291 770 2378 6,
806 2290 830 2387 ἓ
863 2285 903 2376 1,
929 2283 988 2390 ff.
1020 2283 1069 2364 dc
1100 2285 1338 2366 Extruord.

160 2423 310 2529 1091111.

216 2554 310 2660 lpse
331 2552 486 2660 duplex
507 2559 582 2650 est,
609 2550 766 2632 scilicet
788 2551 920 2660 facti,
944 2557 984 2630 et
992 2550 1124 2656 juris.
1151 2550 1224 2630 llla
1245 2551 1339 2632 facti

158 2685 291 2764 oritur
322 2711 372 2764 ex
406 2687 545 2790 pravis
574 2685 778 2782 moribuS,
813 2684 979 2791 quando
1020 2683 1209 2764 videlicet
1250 2685 1344 2791 quis

157 2815 240 2896 tale
261 2816 416 2923 aliquid
437 2825 656 2922 perpetret,
684 2818 981 2924 propterquod
1003 2817 1093 2924 ejus
1124 2817 1233 2898 bona
1259 2815 1344 2897 exi·

158 2947 340 3029 stimatio
372 2949 483 3055 apud
515 2949 683 3054 probos,
718 2957 757 3027 et
778 2948 973 3029 honestos
999 2951 1110 3030 viros
1142 2951 1340 3048 laeditur,

158 3082 253 3162 licet
273 3083 325 3161 ab
347 3081 437 3188 ipso
464 3079 559 3187 jure
580 3105 776 3186 expresse
808 3107 889 3160 non
921 3089 1087 3160 notetur
1117 3081 1271 3187 aliquid
1293 3084 1344 3162 de

158 3214 344 3311 infamia,
379 3239 454 3294 nec
489 3239 560 3320 per
590 3213 838 3293 sententiam
870 3213 1089 3318 irrogetur.
1124 3213 1229 3322 Arg.
1261 3214 1337 3323 119.

157 3347 302 3457 Neque
322 3348 506 3457 fumosis
535 3351 567 3428 2
601 3345 704 3427 Cod.
739 3345 788 3426 de
818 3347 1120 3455 Dignitatibus.
1150 3347 1224 3426 Illa
1245 3371 1342 3426 vero

152 3483 260 3591 juris
292 3482 491 3589 infligitur
525 3480 768 3562 auctoritate
799 3481 903 3587 legis
934 3480 987 3560 ob
1014 3489 1132 3586 turpe
1167 3479 1337 3579 crimen,

157 3617 372 3724 tribusque
411 3613 548 3696 modis
588 3612 856 3711 contrabitur,
904 3612 1119 3710 nimirum,
1155 3611 1219 3692 vel
1252 3616 1341 3722 ipso

145 3751 262 3856 jure,
286 3751 350 3830 vel
370 3749 571 3830 sententia
591 3747 769 3856 judicis,
794 3747 857 3826 vel
878 3773 1025 3856 9111111
1039 3773 1210 3856 poenae.
1244 3747 1341 3853 lpso

152 3885 246 3991 jure
277 3883 548 3984 contrahitur,
572 3908 670 3962 curn
692 3881 772 3962 tale
803 3882 902 3989 quid
933 3889 1214 3988 perpetratum
1243 3879 1338 3958 lue-

156 4015 226 4116 rit,
259 4001 493 4124 quod'ante
518 4015 671 4123 judicis
706 4015 966 4112 sententiam,
1007 4013 1137 4120 leges,
1171 4012 1236 4092 vel
1272 4035 1342 4092 oa-

156 4179 286 4233 nones
335 4152 500 4260 probro,
549 4160 589 4234 et
634 4151 863 4258 ignominia
907 4148 1082 4254 dignum
1128 4147 1336 4254 judicant,

157 4313 233 4369 seu
264 4313 360 4368 cum
386 4287 457 4394 jus
487 4293 582 4367 ante
622 4285 750 4367 ullam
784 4272 1032 4365 sententiam
1070 4281 1222 4389 judicis
1264 4277 1340 4358 ali-

158 4421 310 4529 quibus
341 4421 499 4504 delictis
520 4421 699 4506 annectit
719 4419 951 4519 infamiam,
985 4425 1032 4500 ut
1062 4415 1221 4498 crimini
1252 4413 1338 4495 lae-
