3136 5138
298 405 361 468 142
584 416 876 470 Panutucrtouus
899 418 992 468 rums
1017 415 1187 468 canumet
1324 441 1326 444 ·

303 574 396 628 sare
412 554 533 655 prout
547 545 845 654 exemplificant
861 547 1057 626 Doctores
1072 545 1150 626 hoc
1165 543 1449 653 paradigmate:

305 682 451 762 «duco
480 687 535 781 te,
569 679 695 761 donec
727 680 849 761 aliam
879 679 1068 761 ditiorem
1098 680 1347 761 invenero.»

415 816 477 894 2.⁰
507 811 692 894 Conditio
723 838 842 920 porro
874 822 936 893 est
966 811 1044 893 vel:
1077 858 1098 871 ·
1132 817 1169 893 t.
1209 811 1380 892 honesta
1417 819 1451 891 et

299 925 519 1055 possibilis;
546 992 566 1007 -
586 949 627 1026 2.
653 947 868 1028 inhonesta
888 954 927 1028 et
949 945 1230 1054 impossibilis;
1252 991 1274 1006 -
1295 947 1334 1026 3.
1359 970 1448 1026 con·

300 1092 364 1163 tra
393 1081 666 1162 substantiam
697 1090 769 1162 aut
798 1083 907 1162 bona
927 1079 1192 1161 matrimonii.
1213 1079 1301 1160 Sub
1323 1077 1453 1160 condi-

301 1218 408 1296 tione
438 1215 604 1294 honesta
634 1215 745 1294 venit
775 1213 951 1295 conditio
975 1216 1235 1325 potestativa,
1261 1207 1364 1320 quae
1384 1211 1454 1292 im-

300 1347 401 1456 plori
433 1345 539 1428 valet
559 1346 686 1427 salvis
706 1346 933 1428 honestatis
962 1347 1138 1454 legibus
1174 1347 1253 1427 sub
1272 1344 1453 1458 possibili

301 1481 424 1581 venit,
458 1506 563 1588 quac
594 1479 754 1560 evenire
785 1487 919 1588 potest
948 1481 1011 1560 vel
1037 1507 1118 1561 non
1140 1479 1317 1560 evenire.
1341 1477 1454 1558 Iaho-

299 1609 413 1692 nesta
434 1639 529 1693 vero
551 1620 612 1692 est
626 1615 890 1724 potestaten,
914 1639 1019 1720 quae
1040 1611 1198 1720 impleri
1221 1612 1360 1719 nequit
1379 1609 1453 1690 nisi

299 1746 526 1829 honestatis
555 1747 716 1854 legibus
747 1747 964 1856 despectis3
1007 1745 1353 1854 quemadmodum
1385 1745 1454 1823 im-

292 1881 515 1990 possibilis,
550 1907 654 1988 quae
686 1907 736 1960 ex
759 1889 911 1960 notura
933 1882 994 1960 rei
1015 1879 1078 1960 vel
1098 1879 1148 1960 de
1157 1879 1279 1988 facto
1303 1877 1450 1986 impleri

300 2039 382 2092 non
411 2020 560 2121 potest;
593 2021 715 2121 prout
746 2012 781 2094 si
813 2013 925 2094 dices
956 2021 995 2094 te
1025 2011 1128 2092 velle
1153 2011 1280 2118 digito
1303 2009 1453 2092 coelum

299 2152 481 2252 tangere,
516 2145 578 2226 vel
613 2153 794 2227 montem
835 2173 1008 2226 aureum
1049 2145 1091 2225 in
1131 2146 1268 2227 dotem
1300 2145 1450 2226 afferre.

297 2278 498 2370 Quamvis
518 2279 761 2386 quandoque
782 2277 941 2360 dicatur
961 2277 1214 2386 impossibile
1235 2280 1345 2389 quod
1366 2303 1455 2359 con-

298 2420 362 2493 tra
391 2411 503 2519 leges
533 2422 609 2513 est3
644 2412 684 2493 id
714 2412 822 2494 enim
855 2439 935 2493 non
955 2438 1076 2521 posse
1107 2439 1325 2494 censemur
1354 2410 1454 2520 quod

298 2543 386 2652 lege
425 2571 508 2626 non
554 2545 660 2626 licet.
705 2543 856 2626 Contra
894 2545 1171 2626 substantiam
1211 2541 1454 2627 matrimonii

299 2679 460 2787 proprie
491 2679 692 2787 loquendo
724 2705 774 2760 ea
803 2689 866 2759 est
895 2679 1071 2761 conditio
1111 2677 1153 2760 in
1194 2687 1362 2787 pactum
1390 2705 1457 2758 ex-

297 2838 439 2920 presse
470 2813 659 2913 deducta,
693 2837 775 2920 qua
804 2787 953 2892 mulier
992 2813 1034 2892 in
1075 2821 1335 2894 antecessum
1365 2838 1389 2892 a
1416 2837 1456 2890 sc

299 2945 461 3028 abdicat
491 2954 735 3055 potestatem
765 2945 808 3025 in
839 2971 989 3054 corpus
1019 2945 1111 3046 viri,
1136 2953 1175 3026 et
1196 2946 1258 3025 vir
1277 2943 1458 3026 similiter

299 3087 545 3187 potestatem
574 3081 616 3162 in
647 3106 796 3188 corpus
829 3079 1029 3181 mulieris²
1062 3080 1170 3161 sicut
1190 3079 1369 3161 ostendit
1384 3077 1457 3156 Bc-

300 3214 484 3295 nedictus
514 3213 614 3294 XIV
644 3215 707 3294 Dc
736 3211 890 3322 Synod.
924 3207 1093 3294 dioecosss
1120 3213 1189 3293 tib.
1219 3214 1270 3291 13
1291 3239 1382 3324 cap.
1407 3211 1457 3290 22

299 3375 408 3428 num.
448 3351 514 3430 10.
550 3345 625 3428 Cui
653 3346 774 3454 juxta
803 3343 1022 3426 nonnullos
1053 3345 1298 3427 Canonistas
1329 3342 1456 3425 affinis

297 3487 359 3560 est
389 3479 517 3561 altera
546 3478 724 3561 conditio
759 3506 880 3587 «qua
909 3477 1196 3560 contrahentes
1226 3471 1458 3586 hujusmodi

299 3612 510 3718 potestatis
550 3639 672 3694 usum
705 3622 744 3694 et
779 3619 918 3694 notum
958 3613 1179 3722 quemlibet
1216 3611 1384 3694 sibimet
1419 3607 1458 3686 in

298 3751 557 3827 antecessum
587 3744 872 3826 interdicunt»
907 3745 956 3826 de
987 3749 1069 3853 qua
1099 3745 1244 3827 deinde
1270 3769 1453 3853 agemus.

298 3878 451 3960 Contra
480 3877 587 3959 bona
618 3884 757 3960 autem
788 3878 1039 3960 matrimonii
1080 3905 1152 3960 eae
1192 3885 1290 3961 sunt
1320 3873 1457 3958 condi·

298 4011 445 4114 tiones
475 4037 580 4121 quae
601 4009 871 4092 adversantur
889 4011 1036 4120 triplici
1058 4011 1147 4119 ejus
1168 4013 1291 4112 bone,
1315 4032 1456 4116 nempe

291 4146 442 4257 prolis,
469 4145 579 4254 fidei
608 4153 647 4228 et
676 4146 937 4226 sacramenti.
972 4145 1158 4226 Primum
1180 4144 1289 4226 enim
1306 4145 1455 4224 bonum

299 4278 550 4360 matrimonii
582 4287 645 4361 est
668 4281 904 4390 procreatio
935 4286 971 4357 ct
1001 4277 1186 4360 educatio
1199 4278 1349 4389 protis,
1367 4299 1457 4386 pro-

299 4409 393 4494 inde
422 4438 566 4494 omnes
595 4412 864 4514 conditiones
887 4439 992 4519 quae
1012 4419 1275 4520 opponuntur
1299 4435 1456 4522 procre-
