3386 5126
565 485 662 530 mnae
684 485 715 530 v.
742 503 785 516 —
808 486 945 533 excusus
967 487 1036 532 vnn
1319 471 1385 540 203

209 637 300 691 rom
330 617 464 690 sonat.
498 611 638 720 Ipsum
669 610 948 718 multipliciter
978 611 1106 719 accipi
1139 620 1287 719 potest,
1313 619 1385 698 scd

207 744 248 824 in
270 768 372 824 casu
404 751 545 824 nostro
576 751 708 824 est-
730 749 927 842 scissura,
949 745 1034 824 sioc
1053 743 1288 851 disjunctim
1306 776 1386 860 por

206 904 329 987 quom
359 878 450 986 qais
480 877 587 958 ultro
617 905 660 958 sc
689 879 740 958 ob
772 879 928 959 onitate
958 879 1205 958 universatis
1240 881 1385 962 Eccle-

204 1012 294 1093 sioc
327 1019 509 1123 separat,
545 1013 813 1119 inquantum
846 1037 894 1092 co
925 1019 980 1092 cst
1013 1037 1158 1122 corpus
1180 1013 1383 1094 misticum

205 1172 259 1226 eu
274 1145 487 1254 fidelihus,
521 1154 556 1226 ct
585 1146 775 1255 lepitimis
793 1146 1045 1256 pastoribus,
1069 1173 1119 1226 cc
1133 1150 1383 1256 praesertim

204 1282 393 1362 Romano
424 1280 554 1361 Ponti
548 1281 634 1387 sice
669 1287 880 1390 tamquam
915 1283 1048 1392 capite
1084 1289 1285 1364 constans.
1324 1288 1384 1365 lta

204 1421 296 1521 post
343 1413 394 1495 D.
438 1411 588 1495 Thom.
634 1414 817 1496 schisma
863 1414 1062 1496 definiunt
1108 1416 1381 1498 communiter

201 1545 415 1627 Doctores,
443 1545 638 1627 Diximus
660 1547 784 1640 ultro,
810 1547 909 1655 quia
929 1546 1063 1654 siquis
1094 1547 1145 1626 ab
1173 1547 1381 1630 Ecclesiae

203 1677 493 1758 communione
517 1704 598 1758 non
632 1679 739 1760 ultro
770 1707 815 1760 se
856 1679 1123 1787 separaverit,
1157 1680 1229 1760 sed
1261 1707 1380 1788 sepa-

203 1819 321 1890 ratus
358 1809 494 1911 luerit,
529 1819 627 1893 tunc
657 1839 738 1893 non
770 1813 1077 1914 schismaticuS,
1118 1813 1189 1894 scd
1222 1839 1383 1894 cosconi-

207 1945 435 2027 municatus
467 1946 710 2054 appellatur.

288 2079 479 2159 Schisma
519 2080 576 2160 ita
607 2079 819 2161 definitum
842 2081 1039 2161 dividitur
1069 2081 1109 2160 in
1136 2107 1306 2190 purum,
1343 2090 1382 2163 et

197 2237 279 2291 non
312 2239 481 2320 purum,
526 2239 601 2291 seu
642 2214 834 2304 mictum,
882 2213 1038 2294 scilicet
1084 2239 1179 2292 curn
1216 2213 1375 2293 haeresi

198 2344 479 2453 conjunctum.
515 2344 708 2426 Schisma
736 2371 889 2453 purum
918 2345 1020 2426 illud
1052 2351 1129 2443 est,
1165 2346 1273 2453 quod
1313 2347 1375 2426 di·
1432 2352 1434 2359 ’

197 2486 305 2560 recte
326 2478 548 2587 opponitur
568 2479 720 2561 unitati
739 2479 967 2580 Ecclesiae,
997 2505 1076 2560 non
1094 2478 1219 2587 fidei.
1255 2479 1374 2560 Unde

199 2608 266 2710 ille
307 2620 369 2694 est
408 2612 697 2694 schismaticus
736 2639 882 2722 purus,
919 2613 989 2720 qui
1026 2639 1171 2694 omnes
1202 2638 1374 2720 prorsus

197 2744 292 2826 fidei
314 2744 509 2825 articulos
526 2745 717 2846 admittit,
750 2754 790 2827 ct
820 2746 972 2828 latetur
1002 2745 1371 2854 obtemperandum

196 2903 288 2958 esse
309 2875 514 2983 legitimae
537 2876 769 2957 auctoritati
801 2878 843 2957 in
863 2879 1049 2960 Ecclesia
1069 2878 1277 2978 existenti,
1303 2903 1373 2956 ve-

195 3019 430 3094 rumtamen
467 3038 518 3091 ex
541 3007 699 3092 malitia
728 3011 903 3119 denegat
933 3013 1209 3094 obedientiam
1243 3012 1379 3118 legiti-

195 3169 287 3226 mae
319 3143 416 3224 huic
446 3143 696 3226 auctoritati.
731 3144 822 3224 Hac
854 3145 903 3224 de
939 3169 981 3224 re
1012 3143 1199 3226 schisma
1225 3170 1378 3252 purum

195 3275 354 3359 definiri
391 3286 525 3384 potest
564 3309 582 3354 c
604 3277 837 3359 malitiosus
859 3304 1048 3359 recessus
1071 3304 1095 3358 a
1117 3304 1217 3358 vera
1236 3278 1380 3360 Eccle-

201 3410 304 3492 ›sia
324 3411 459 3519 quoad
490 3411 764 3493 obedientiam
795 3411 951 3511 solum,
976 3417 1016 3490 et
1035 3410 1095 3511 fit,
1122 3417 1162 3489 et
1183 3417 1261 3511 est,
1284 3436 1379 3490 cum

199 3543 333 3651 »quis
362 3570 506 3624 omnes
536 3545 629 3626 fidei
663 3543 873 3642 articulos,
909 3544 1042 3651 ipsam
1078 3543 1201 3624 ctiam
1233 3567 1378 3648 supre-

199 3710 216 3754 »
238 3704 352 3760 mam
370 3676 502 3784 ipsius
517 3677 729 3759 Pontificis
751 3685 1014 3786 potestatem,
1035 3683 1074 3759 ct
1090 3675 1313 3784 primatum
1336 3673 1378 3754 in

199 3811 423 3892 »Ecclesia
456 3811 596 3912 credit,
630 3818 795 3893 recusat
824 3818 962 3891 tamen
997 3836 1048 3890 ex
1069 3835 1185 3890 mera
1219 3806 1379 3888 malitia

198 3977 216 4022 ›
237 3946 427 4044 subesse,
448 3951 487 4026 et
507 3945 674 4026 obedire
691 3945 736 4026 S.
757 3943 945 4025 Pontifici
965 3942 1189 4024 lormaliter
1209 3948 1377 4045 sumpto

197 4109 215 4155 ›
237 4105 320 4186 qua
335 4077 421 4178 tali,
447 4105 613 4186 seuque.
629 4078 777 4186 Capiti,
798 4085 837 4158 et
858 4075 1006 4158 Christi
1032 4075 1073 4156 in
1105 4073 1227 4156 terris
1248 4072 1375 4153 Vica-

194 4212 310 4312 ›rio,
343 4211 556 4293 Ecclesiae
578 4211 821 4311 universali,
856 4211 918 4292 vel
942 4210 1087 4292 coleris
1120 4209 1253 4292 dictae
1285 4205 1379 4287 uni-

194 4346 404 4428 ›versalis
425 4345 634 4428 Ecclesiae
656 4345 855 4428 membris
888 4343 1011 4445 uniri,
1047 4357 1120 4425 aut
1144 4343 1302 4444 unitae,
1336 4349 1377 4424 et

195 4506 214 4552 ›
236 4479 484 4588 conjunctus
502 4505 593 4560 esse
610 4479 805 4561 detrectat
829 4511 865 4560 s,
888 4478 956 4560 Sic
977 4475 1163 4558 schisma
1179 4477 1224 4557 fit
1244 4483 1284 4556 ct
1299 4481 1375 4575 est,
