3264 5146
346 351 389 415 ot
634 363 928 416 emunacnonns
951 364 1043 416 aunis
1066 360 1237 414 canonici

354 501 564 602 gravatur.
588 496 633 575 ln
654 523 734 604 quo
752 496 972 578 Decretum
988 493 1157 575 Concilii
1179 493 1357 574 correxit
1377 493 1519 601 dispo-

352 628 542 710 sitionem
568 631 674 738 juris
705 631 837 712 civilis
868 659 950 739 qua
980 657 1064 712 non·
1091 627 1321 708 habebatur
1340 627 1512 727 crimen,

353 762 387 841 si
410 773 621 870 raperetur
641 765 790 844 mulier
810 764 1040 844 inhonesta.
1066 761 1104 839 Α
1144 769 1166 841 c
1188 767 1332 841 contra
1352 787 1434 841 non
1455 761 1518 838 vi-

354 895 472 977 detur
501 899 789 1006 comprehendi
820 925 944 980 casus
974 909 1118 1006 raptus
1149 895 1241 996 viri,
1284 896 1392 1003 quod
1433 895 1516 976 late

353 1029 529 1110 ostendit
559 1031 743 1112 Sanchez
773 1035 838 1113 De
866 1032 1057 1114 Mutrim.
1094 1030 1163 1110 lib.
1200 1029 1224 1108 7
1262 1029 1413 1140 disput.
1463 1033 1518 1108 12

355 1171 392 1242 ot
426 1167 477 1244 13
507 1193 617 1247 num.
648 1169 714 1266 16,
739 1167 838 1274 quia
867 1168 1076 1248 decretum
1106 1165 1288 1272 loquitur
1316 1164 1367 1244 de
1392 1173 1517 1271 raptu

356 1297 590 1400 mulierum,
624 1309 663 1380 ct
695 1328 775 1382 non
802 1300 1161 1408 comprehenditur
1180 1299 1259 1378 sub
1280 1297 1369 1404 lege
1390 1323 1519 1378 casus

355 1430 559 1512 insolitas.
594 1431 737 1540 Neque
768 1434 929 1515 dicatur
958 1433 1187 1514 libertatem
1217 1432 1361 1512 eodem
1392 1432 1520 1511 modo

356 1567 504 1674 requiri
536 1567 576 1647 in
598 1568 698 1649 viris
721 1570 831 1651 acin
852 1569 1110 1668 mulieribus;
1135 1567 1211 1647 hoc
1238 1567 1349 1646 enim
1370 1593 1518 1646 verum

353 1708 430 1800 est,
464 1709 504 1782 et
533 1701 702 1808 proinde
731 1703 767 1782 si
794 1703 857 1781 vir
876 1711 989 1782 metu
1011 1702 1183 1782 adactus
1204 1699 1519 1780 matrimonium

353 1833 527 1933 iniverit,
563 1835 640 1916 hoc
669 1845 731 1916 ost
761 1837 987 1917 invalidum
1017 1837 1090 1916 sed
1121 1834 1162 1914 in
1183 1860 1284 1914 casu
1306 1835 1534 1940 praesenti·

354 1991 491 2046 sermo
521 1977 582 2049 est
607 1969 656 2049 de
677 1979 784 2049 meta
797 1977 1075 2081 praesumpto.
1099 2013 1119 2028 -
1139 1966 1327 2048 Advertit
1348 1965 1522 2073 insuper

356 2101 403 2180 P.
437 2100 678 2182 Thesaurus
709 2104 783 2184 loc.
820 2107 887 2184 cit.
922 2104 1078 2185 dictum
1109 2103 1319 2184 decretum
1344 2101 1518 2182 Concilii

357 2237 399 2313 in
420 2235 497 2315 hoc
517 2263 677 2344 quoquo
695 2239 923 2320 correxisse
945 2237 1077 2345 legem
1094 2237 1271 2335 civilem,
1295 2235 1520 2344 quodcum

357 2368 437 2448 ista
455 2369 583 2449 Auth.
609 2369 658 2448 de
686 2379 794 2482 rapt.
829 2373 989 2452 mulier.
1025 2371 1181 2452 statuat
1206 2368 1521 2450 matrimonium

356 2527 447 2582 csse
477 2501 652 2601 nullum,
685 2503 720 2583 si
753 2513 869 2613 rapta
898 2503 1128 2585 consentiat
1157 2501 1313 2582 nubere
1343 2501 1521 2610 raptori,

359 2637 433 2715 hoc
458 2635 580 2742 juxta
610 2636 837 2718 Concilium
868 2639 1060 2747 procedat
1091 2662 1222 2744 usque
1262 2636 1360 2716 dum
1400 2645 1524 2742 rapta
1612 2711 1613 2718 Ν

361 2765 480 2846 luerit
499 2767 579 2847 sub
601 2779 799 2874 potestate
820 2770 1011 2878 raptoris;
1035 2795 1131 2850 narn
1153 2768 1349 2850 semelae
1370 2769 1412 2849 in
1428 2769 1523 2850 loco

359 2899 479 2980 luerit
499 2909 588 2981 tuto
610 2903 831 2984 constituta
851 2903 959 2985 valet
975 2902 1285 2984 matrimonium
1302 2902 1405 2983 inire
1421 2931 1521 2983 cum

357 3059 419 3113 co.
452 3077 473 3094 -
494 3033 668 3126 Quando
689 3062 785 3116 vero
807 3036 983 3117 dicimus
1003 3035 1223 3117 Decretum
1245 3034 1414 3116 Concilii
1436 3062 1521 3117 non

357 3165 550 3274 applicari
582 3167 662 3248 nisi
693 3175 836 3276 raptus
858 3169 980 3250 luerit
1002 3170 1211 3251 admissus
1233 3169 1285 3249 ad
1306 3167 1523 3251 matrimo-

357 3299 472 3379 nium
502 3301 741 3402 ineundum‚
776 3329 852 3383 nos
882 3301 1089 3409 loquimur
1118 3302 1168 3383 dc
1197 3301 1238 3380 vi
1269 3300 1418 3382 decreti
1441 3300 1524 3380 im-

356 3434 555 3538 portantia
584 3435 813 3517 nullitatem
844 3435 1109 3537 matrimonii3
1143 3461 1239 3517 narn
1261 3435 1396 3544 quoad
1416 3434 1523 3515 alias
1609 3491 1610 3533 z

356 3591 508 3672 poenas
538 3569 768 3675 applicatur
796 3571 1007 3651 decretum
1037 3595 1215 3678 semper,
1249 3577 1290 3651 et
1309 3568 1369 3649 sic
1391 3567 1523 3650 fuisse

338 3725 382 3818 ‘a
403 3700 447 3781 S.
472 3699 798 3808 Congregationa
820 3704 1005 3786 decisum
1026 3703 1149 3785 refert
1169 3702 1324 3784 Giraldi
1341 3705 1517 3814 omposit.

355 3835 450 3914 Jur.
484 3835 609 3917 Pont.
636 3844 752 3946 port.
788 3841 938 3920 sssect.
978 3841 1059 3919 1523
1090 3863 1236 3946 nempe
1276 3835 1527 3944 ‹Raptores

357 3995 710 4078 quarumcumque
732 3971 967 4074 mulierum,
987 3973 1149 4054 etiamsi
1171 3999 1244 4056 aas
1260 3999 1341 4053 non
1358 3971 1524 4082 rapiant
1607 4017 1608 4039 ÷

357 4103 409 4185 ad
439 4105 629 4186 effectum
659 4106 924 4188 contrahendi
955 4133 1051 4189 cum
1081 4107 1185 4216 ipsis
1211 4107 1521 4189 matrimonium

284 4303 287 4308 .
357 4238 427 4320 scd
459 4239 511 4320 ob
542 4239 645 4320 alias
674 4268 823 4322 causas
858 4269 949 4323 esse
986 4243 1075 4350 ipso
1106 4242 1200 4350 jure
1237 4239 1524 4324 excommuni-
1606 4271 1607 4293 ι

356 4381 484 4454 catos.
510 4407 529 4450 »
552 4421 573 4435 -
592 4375 728 4484 Super
746 4376 823 4458 hoc
844 4375 1265 4484 impedimento-sicut
1285 4375 1387 4458 etin
1409 4381 1525 4456 metu
1605 4459 1606 4482 p
