3360 5126
343 353 413 420 274
652 371 922 418 mesammones
944 372 1036 419 iners
1059 371 1216 418 canorum

422 500 530 580 Hinc
546 499 700 606 dejure
716 501 915 580 canonico
933 499 1123 581 triennali
1142 498 1413 606 poenitentiae
1431 527 1549 582 am·
1645 489 1657 580 ,ζ

336 635 445 744 plius
477 634 554 742 ipsi
576 633 687 714 haud
710 635 1002 742 mancipantur
1022 635 1072 715 ad
1096 633 1304 714 tramitem
1331 633 1437 744 Cap.
1480 644 1542 730 6,

337 770 388 850 de
417 769 590 876 injuriis
620 777 656 848 et
688 767 838 850 dcnrno
870 769 982 850 dato.
1017 769 1099 848 Sed
1140 793 1194 846 ear
1228 768 1331 878 Cap.
1375 771 1434 850 18
1480 768 1547 850 de
1655 841 1657 874 ζ

334 909 502 982 sentent.
538 909 575 982 et
607 899 780 1006 repudio.
807 909 845 981 et
876 928 930 981 ec
964 903 1068 982 Can.
1094 903 1165 993 31,
1196 903 1272 992 32,
1307 927 1423 982 ecus.
1463 907 1543 984 23
1655 975 1657 986 .

191 1038 196 1046 ’
337 1043 492 1144 quaest.
528 1038 557 1114 8
590 1035 977 1116 excommunicandi
1008 1041 1123 1133 sunt,
1157 1060 1232 1114 nec
1263 1033 1537 1136 absolvendi,

336 1169 467 1248 donec
497 1168 649 1247 damna
679 1194 760 1248 non
794 1167 1090 1275 reparaverint,
1121 1175 1161 1247 et
1182 1166 1217 1246 si
1255 1165 1540 1274 impoeniten-

337 1309 399 1380 tes
429 1298 693 1400 decasserint,
737 1299 977 1408 sepulturae
1019 1299 1332 1404 Ecclesiasticae
1368 1299 1536 1382 honore

338 1433 569 1541 privantur.
611 1433 819 1540 Obligatio
856 1443 996 1516 autem
1029 1432 1246 1541 reparandi
1284 1433 1535 1540 hujusmodi

338 1569 491 1648 damna
531 1569 678 1648 transit
717 1568 768 1648 ad
803 1595 946 1649 eorum
990 1568 1187 1648 haeredes
1230 1569 1282 1649 ad
1320 1569 1533 1650 monitum

299 1685 304 1696 ⁵
341 1727 433 1808 cap.
471 1702 500 1779 5
532 1701 574 1782 h.
610 1709 659 1800 t.,
693 1729 764 1808 per
795 1703 904 1809 quod
935 1710 1166 1783 correctum
1198 1711 1260 1783 est
1285 1702 1356 1809 jus
1387 1703 1527 1803 civile,

343 1843 530 1915 statuens
561 1862 612 1915 ex
645 1835 791 1916 delicto
823 1835 1002 1917 defuncti
1026 1862 1107 1916 non
1138 1837 1265 1917 teneri
1288 1835 1527 1917 haeredem.

430 1965 670 2048 Notandum
711 1975 849 2048 tamen
890 1969 980 2049 heio
1012 1979 1074 2050 est
1112 1973 1169 2051 l.⁰
1200 1968 1309 2076 quod
1349 1995 1529 2050 excom-

342 2099 568 2181 municatio
600 2101 866 2182 incendiariis
898 2101 1051 2184 inflicta
1082 2103 1213 2210 possit
1243 2103 1295 2182 ab
1315 2103 1529 2211 Episcopo
1656 2093 1657 2126 ¹

342 2233 519 2336 absolvi,
553 2233 589 2314 si
621 2261 703 2315 non
735 2234 885 2317 tuerint
911 2236 1126 2336 nominati,
1152 2237 1259 2318 idest
1280 2235 1314 2315 si
1338 2261 1411 2344 per
1430 2261 1531 2316 sen-

311 2367 511 2460 tentiam
543 2367 750 2450 Ecclesiae
781 2370 944 2478 publice
985 2371 1235 2452 denunciati.
1282 2370 1374 2450 Hoc
1413 2369 1529 2449 enim

342 2497 384 2581 in
415 2527 516 2582 casu
547 2502 753 2584 absolutio
785 2529 809 2582 a
844 2503 1031 2583 censuris
1077 2511 1285 2586 reservata
1331 2511 1391 2583 est
1433 2501 1529 2582 Ro-

343 2663 467 2717 mano
498 2635 684 2716 Pontifici
719 2635 761 2714 in
792 2635 876 2715 vim
912 2639 1017 2747 Cap.
1056 2643 1112 2719 19
1145 2637 1193 2718 de
1219 2639 1429 2720 Sententia
1451 2663 1531 2716 εω-

343 2796 486 2848 comm.
524 2771 585 2848 2.⁰
615 2769 734 2860 Quod
767 2769 860 2850 licat
889 2781 1031 2852 contra
1061 2770 1333 2853 incendiarios
1383 2769 1529 2852 Eccle-

342 2900 516 2999 siarum,
551 2903 796 3000 coemeterii,
834 2910 873 2984 et
903 2903 1088 2986 locorum
1105 2905 1156 2985 ad
1178 2903 1347 3012 triginta
1367 2929 1525 3011 passus

344 3033 404 3114 eis
445 3033 736 3142 contiguorum
780 3043 934 3118 statuta
980 3037 1104 3119 fuerit
1150 3037 1528 3122 excommunicatio

343 3169 450 3249 latae
471 3171 712 3272 sententiae,
737 3171 878 3280 prouti
902 3171 1047 3253 docent
1074 3173 1177 3254 Can.
1202 3177 1279 3266 31,
1306 3198 1419 3255 coris.
1446 3177 1526 3264 33,

344 3331 385 3409 p.
420 3305 464 3394 8,
499 3329 591 3384 oon.
627 3305 730 3398 106,
765 3333 878 3386 eccs.
917 3308 988 3397 11,
1025 3335 1064 3414 q.
1100 3311 1144 3400 3,
1180 3333 1229 3389 ea
1259 3315 1397 3388 tamen
1428 3333 1529 3388 ces-
1654 3331 1655 3390 l

343 3463 459 3518 sasse
492 3437 665 3538 videtur,
702 3467 749 3520 eo
782 3441 891 3547 quod
925 3440 966 3520 in
999 3439 1172 3522 Constit.
1216 3441 1280 3522 Pii
1315 3441 1375 3522 IX
1405 3443 1531 3550 Apo-

346 3569 515 3650 stoliece
546 3570 665 3652 Sedis
696 3597 746 3652 ea
775 3571 885 3654 haud
918 3581 1114 3654 renovata
1145 3573 1280 3657 luerit.
