3360 5126
555 427 653 474 urana
674 428 706 474 u.
735 445 778 458 -
803 428 943 476 amanus
965 429 1025 475 x11.
1311 407 1378 476 239

197 560 490 664 cooperanteS,
534 561 574 634 et
614 553 916 662 qualecumque
957 553 1162 634 auxilium
1204 553 1380 636 terentes

199 696 299 771 sunt
331 687 596 796 irreputarm,
620 686 732 767 haud
763 686 843 766 illis
874 693 1072 794 exceptiS,
1101 687 1171 794 qui
1203 689 1380 796 propriis

197 823 395 904 manibus
408 822 570 904 nullum
582 822 836 921 occiderunt,
852 820 1194 902 autmutilarunt.
1215 824 1320 902 Caa.
1332 825 1377 915 4,

77 1013 81 1018 -
199 957 296 1039 diet.
332 958 404 1057 51,
440 965 475 1038 et
508 983 598 1067 cap.
635 961 679 1048 6,
705 955 746 1036 h.
773 963 803 1038 t.
830 961 872 1058 ἓ.
901 956 986 1063 fin.
1023 961 1058 1035 et
1089 981 1181 1064 arq.
1215 981 1307 1066 cap.
1333 957 1378 1056 5,

201 1093 251 1173 de
280 1093 447 1174 Poenis.
490 1092 543 1172 Et
582 1090 737 1198 optimo
779 1116 879 1171 sanc
915 1089 1035 1196 jure;
1078 1088 1176 1197 quia
1215 1089 1381 1197 quando

202 1225 340 1334 plures
371 1225 580 1308 communi
612 1225 785 1327 auxilio,
821 1223 883 1305 vel
915 1223 1088 1306 oonsilio
1119 1223 1170 1304 ad
1201 1223 1378 1306 homici-

201 1362 316 1443 dium
348 1367 614 1461 concurrunt,
648 1387 792 1441 omnes
822 1385 909 1440 una
938 1385 1068 1439 causa
1097 1358 1266 1438 moralis
1287 1385 1380 1438 cen-

198 1501 357 1578 sentur.
402 1493 678 1602 Excipiuntur
718 1501 857 1574 tamen
899 1491 979 1591 illi,
1025 1491 1096 1600 qui
1137 1491 1235 1574 huic
1275 1491 1381 1572 bello

201 1627 353 1734 injusto
385 1629 605 1728 adsistunt,
649 1635 695 1708 ut
724 1625 957 1734 spiritualia
988 1625 1145 1708 auxilia
1181 1625 1381 1706 militibus

200 1763 439 1867 praebeant.

289 1898 346 1977 2⁰.
381 1895 643 2003 Quicumque
674 1895 717 1975 ia
749 1895 854 1976 bello
886 1895 1013 1976 etiam
1032 1895 1166 2002 justo,
1211 1893 1284 1974 sed
1315 1895 1383 2002 of-

190 2028 375 2135 sensivo,
409 2055 485 2108 seu
516 2031 749 2136 oppressioo
777 2029 954 2135 aliquem
987 2055 1058 2135 per
1088 2055 1148 2125 sc,
1182 2053 1258 2106 seu
1289 2049 1384 2132 pro-

202 2161 291 2265 prio
324 2159 430 2240 lacto
463 2162 626 2258 occidit,
651 2161 714 2240 vel
736 2161 913 2259 mutilat,
941 2161 1187 2268 irrequtarie
1218 2167 1294 2238 est.
1323 2161 1384 2236 Ita

201 2290 293 2373 Dl).
328 2298 368 2371 et
397 2290 644 2372 Canonistae
687 2292 959 2374 unanimiter:
996 2317 1119 2372 secus
1149 2298 1286 2370 tamen
1318 2297 1383 2370 est

202 2424 244 2506 in
274 2451 376 2508 casu
408 2424 705 2506 vulnerationis
715 2455 727 2527 ;
761 2425 1092 2534 quandoquidem
1123 2421 1382 2506 sola'vulne-

201 2559 305 2640 ratio
336 2584 419 2639 non
449 2557 601 2640 sufficit
633 2559 684 2640 ad
716 2559 991 2640 inducendam
1013 2557 1378 2665 irregularitatem,

200 2718 251 2772 eo
281 2694 389 2798 quod
412 2692 465 2771 ob
487 2692 717 2799 simplicem
738 2693 1066 2775 vulnerationem
1091 2692 1382 2802 irrepularitaa

205 2823 246 2904 in
263 2823 356 2931 jure
377 2832 532 2908 statuta
553 2826 665 2906 haud
686 2826 902 2932 reperitur,
927 2835 1226 2936 consequenter
1248 2826 1382 2933 ipsam

203 2956 315 3038 haud
332 2959 517 3040 contrahi
539 2961 698 3040 eruitur
718 2987 770 3040 ex
797 2962 902 3071 Cap.
921 2965 994 3054 18,
1021 2964 1076 3063 Is,
1101 2963 1172 3069 qut
1193 2961 1243 3042 do
1263 2961 1377 3042 Sunt.

199 3116 359 3173 cauom.

294 3223 355 3308 3⁰.
390 3225 535 3318 Quoad
577 3227 732 3308 bellum
774 3253 870 3308 vero
911 3226 1165 3336 defensicum
1201 3227 1381 3334 justum,

203 3367 380 3460 certum,
415 3361 773 3468 indubitatumque
804 3371 867 3443 est
897 3368 981 3442 tam
1012 3361 1222 3461 clericum,
1256 3387 1383 3467 quam

202 3491 355 3574 laicum
374 3495 425 3574 ab
446 3495 755 3605 irregularitate
772 3495 999 3576 immunem
1019 3521 1127 3596 esse,
1145 3494 1239 3574 licet
1259 3495 1384 3574 etiam

204 3627 371 3733 propria
400 3653 529 3710 manu
561 3629 740 3737 aliquem
772 3629 947 3728 occidat,
972 3627 1036 3710 vel
1059 3627 1220 3710 mutilet
1241 3628 1291 3709 ad
1314 3627 1384 3708 de-

204 3758 431 3840 tonsionem
464 3765 653 3870 propriae
684 3763 809 3866 vitae,
849 3763 907 3843 ita
937 3771 983 3844 ut
1013 3761 1094 3842 nisi
1135 3764 1380 3862 occiderent,

204 3893 269 3972 vel
300 3895 554 3996 mutilarent,
590 3897 667 4006 ipsi
704 3897 745 3977 in
777 3897 962 4006 periculo
1005 3897 1112 3977 vitae
1143 3897 1381 3977 existerent.

203 4024 329 4107 Ratio
351 4038 428 4130 est,
453 4031 551 4138 quia
583 4059 677 4112 curn
710 4032 750 4113 id
783 4033 941 4139 absque
965 4031 1273 4140 irregularitate
1298 4028 1386 4107 fieri

203 4188 326 4270 posse
357 4164 399 4243 in
432 4165 544 4280 rixa
555 4167 714 4274 privata
741 4193 887 4246 ornnes
917 4163 1191 4246 communiter
1222 4164 1382 4264 docent,

203 4296 334 4377 multo
366 4299 500 4405 magis
532 4299 571 4380 id
602 4299 689 4380 fieri
720 4300 915 4408 possein
947 4299 1112 4407 publico
1138 4299 1253 4405 justo
1279 4295 1385 4378 bello

201 4425 415 4513 defensivo
447 4433 713 4515 manifestum
747 4441 931 4541 apparet.
