3386 5126
538 315 640 360 amaa
664 316 694 362 v.
712 333 754 344 -
779 315 917 362 manuus
941 315 972 360 v.
1280 296 1346 364 15⁷

479 570 542 649 De
572 570 777 697 Magistro
813 569 1030 676 Theolopo.

255 829 311 910 At
340 825 550 935 praedicto
581 825 762 907 Concilio
793 827 985 908 Lateran.
1019 827 1077 907 IV
1107 853 1188 908 non
1207 831 1343 911 modo

168 962 397 1070 praelatum
429 959 674 1066 magistrum
707 960 953 1042 constituere
985 960 1154 1067 placuit,
1179 964 1249 1044 sed
1274 989 1344 1044 vo-

7 1111 9 1170 :
167 1095 244 1176 luit
275 1095 398 1176 ctiam
431 1095 542 1175 aliud
577 1093 757 1176 officium
779 1094 1005 1200 magisterii
1029 1094 1278 1178 constituere
1301 1097 1341 1178 in

7 1253 9 1266 '
167 1229 349 1338 qualibet
388 1229 575 1310 Ecclesia
610 1229 940 1336 Metropolitana,
975 1236 1014 1310 et
1045 1229 1244 1336 magister
1275 1229 1340 1310 hic

167 1369 337 1443 vocatus
360 1361 437 1443 fuit
462 1362 700 1472 Theolopus,
727 1363 797 1470 qui
819 1369 858 1442 et
870 1363 1039 1443 Sacram
1064 1361 1338 1470 Scripturam,

7 1481 8 1486 Ν
166 1509 205 1576 et
235 1521 299 1596 ea,
333 1521 439 1604 quae
470 1495 672 1603 pertinent
703 1497 755 1576 ad
787 1495 1021 1576 animarum
1040 1496 1345 1604 curamexpla-

166 1637 295 1709 naret.
317 1628 469 1711 Statuit
487 1637 641 1731 autem,
662 1637 707 1710 ut
728 1629 913 1711 redditus
935 1629 1062 1710 unius
1084 1631 1341 1738 praebendae

166 1761 202 1841 ei
226 1761 351 1842 tribui
382 1762 588 1845 deberent.
614 1762 734 1856 Quod
753 1770 895 1870 postea
918 1762 1148 1844 Concilium
1170 1763 1343 1844 Triden-

164 1894 298 1975 tinum
332 1921 414 1976 non
446 1897 568 1979 modo
599 1898 857 1979 confirmavit
888 1898 930 1978 in
966 1899 1070 2008 Cup.
1107 1899 1146 1990 1,
1180 1923 1277 1980 sess.
1313 1899 1342 1978 5

165 2027 214 2107 dc
228 2027 484 2136 Reformat,
505 2031 577 2110 sed
595 2057 681 2111 rem
699 2031 914 2137 perficiens
936 2031 1123 2112 absolute
1145 2029 1338 2129 decrevit,

164 2170 210 2244 ut
241 2163 393 2243 nedum
437 2163 476 2242 in
518 2165 699 2270 qualibet
740 2164 1074 2270 Metropolitana,
1107 2173 1146 2244 et
1186 2165 1340 2244 Cathe-

7 2363 8 2368 Ν
164 2295 265 2378 drali
283 2295 484 2397 Ecclesia,
504 2297 719 2378 sedetiam
737 2295 1085 2404 inCollegialibus
1106 2295 1341 2404 insignibus

7 2531 9 2578 Β
164 2429 205 2511 in
248 2430 408 2539 oppidis
453 2431 664 2539 populosis
706 2430 977 2512 existentibus
1020 2430 1245 2541 Theologus
1275 2431 1342 2512 hic

164 2566 495 2666 constitueretur,
531 2565 747 2672 assignata
777 2565 812 2644 ei
845 2564 1094 2671 praebenda,
1129 2565 1190 2646 vel
1224 2591 1342 2673 prae-

7 2743 9 2812 ,
163 2697 372 2798 stimonio,
406 2699 470 2778 vel
501 2699 717 2806 stipendio.
753 2699 871 2778 Etsi
904 2698 1005 2779 nihil
1035 2697 1185 2779 horum
1215 2725 1338 2806 repe·
1411 2776 1413 2782 ,

163 2829 328 2932 riretur,
373 2831 599 2932 mandavit,
648 2841 696 2914 ut
741 2832 975 2938 praebenda
1019 2833 1151 2939 primo
1189 2855 1342 2914 vacans

163 2964 310 3072 quovis
341 2964 635 3072 incompatibili
668 2991 790 3046 onere
816 2964 953 3046 soluta
974 2965 1277 3071 adsignaretur,
1302 2973 1341 3046 et

162 3097 203 3178 in
235 3107 431 3206 perpetuo
453 3101 734 3208 deputaretur.
761 3097 878 3190 Quod
911 3097 946 3177 si
968 3097 1205 3204 hujusmodi
1224 3123 1344 3204 prae-

163 3231 297 3313 benda
326 3232 582 3314 insufficiens
625 3232 744 3332 foret,
780 3230 909 3312 voluit
941 3239 985 3311 ul
1015 3229 1246 3337 Episcopus
1278 3231 1341 3312 vel

164 3392 234 3473 per
264 3365 509 3448 beneficium
540 3367 736 3473 simplex,
770 3371 833 3446 vel
865 3363 945 3445 alio
972 3364 1094 3443 modo
1116 3361 1196 3441 sibi
1218 3363 1342 3441 bene·

163 3499 251 3579 viso
273 3500 520 3606 provideret.
1127 3523 1129 3528 ’

248 3631 312 3712 Ex
344 3657 425 3738 quo
457 3631 611 3714 factum
644 3643 720 3734 est,
756 3643 799 3714 ut
832 3633 883 3713 ad
914 3632 1119 3714 tramitem
1143 3631 1338 3741 praedicti

162 3766 310 3848 decreti
342 3765 511 3848 Concilii
546 3767 776 3850 Tridentini
809 3767 850 3849 in
882 3767 1075 3849 omnibus
1108 3767 1339 3850 Cathedra-

162 3897 287 4000 libus,
321 3907 360 3982 et
390 3899 626 4008 Collegiatis
657 3901 893 4008 insignibus
924 3901 1160 4008 praebenda
1186 3899 1339 3982 theolo-

161 4031 266 4138 galis
300 4033 540 4140 erigeretur,
565 4040 604 4115 et
626 4033 670 4114 S.
696 4032 863 4114 Concilii
888 4033 1164 4140 Congregatio
1186 4031 1343 4139 jugiter

163 4165 429 4266 adlaboravit,
466 4166 718 4274 instetitque,
742 4173 935 4273 utquam
958 4163 1080 4250 citius
1097 4163 1199 4245 haec
1221 4189 1341 4272 prae-
