3178 5134
445 393 554 444 ninas
576 393 623 442 ru.
647 411 668 425 -
691 393 830 445 strutus
852 393 899 446 xi.
1197 375 1266 441 213

110 523 237 602 beatur
266 523 557 602 detrimentum
586 521 658 601 ubi
689 520 811 628 culpa
840 547 922 602 non
953 528 1029 620 est,
1054 527 1093 601 et
1117 528 1257 601 tenent

109 655 274 736 Sanchez
310 653 360 735 cte
388 657 571 736 matrim.
606 654 675 734 tit.
711 655 737 734 7
769 655 863 736 dist.
899 657 954 734 62
985 681 1094 734 nunt.
1133 656 1185 733 10
1217 663 1258 735 et

110 787 260 893 Pirhing
290 786 331 867 h.
358 793 387 868 t.
415 813 524 867 num.
549 789 620 867 49.
645 831 665 848 ·
684 799 730 888 (γ)
758 787 803 867 Si
834 814 931 869 vero
961 813 1110 896 parens
1140 792 1262 866 extra

26 997 27 1000 a
109 919 376 1000 necessitatem
406 927 480 999 aut
508 917 1260 1026 probabilem'ignorantiam'prolem

109 1079 148 1131 ex
175 1052 336 1162 propria
371 1076 502 1131 uxore
542 1055 724 1158 genitam
765 1051 957 1159 baptizet,
991 1051 1107 1132 vele
1138 1075 1262 1132 sacre

110 1183 201 1266 lente
216 1185 278 1266 vel
294 1185 337 1264 in
357 1184 667 1266 confirmatione
688 1185 889 1293 suscipiat
908 1197 1059 1268 temere
1081 1193 1153 1266 aut
1168 1209 1262 1264 ma-

112 1317 240 1419 litiose,
264 1319 342 1398 etsi
363 1317 543 1423 graviter
572 1325 724 1425 peccet,
748 1326 906 1399 certum
933 1326 1071 1399 tamen
1093 1325 1259 1400 estnon

112 1451 192 1530 oriri
221 1453 508 1559 cognationem
539 1449 803 1560 spiritualem¹
827 1453 878 1532 ad
908 1451 985 1534 hoe
1015 1460 1061 1533 ut
1091 1453 1258 1560 conjugi

114 1583 297 1667 innocenti
329 1612 411 1667 non
442 1594 630 1667 teneatur
659 1587 826 1667 reddere
856 1585 1055 1686 debitum,
1089 1611 1184 1668 cum
1215 1587 1258 1664 in

113 1745 186 1828 cup.
210 1722 236 1800 2
256 1720 297 1801 b.
325 1727 353 1800 t.
380 1727 518 1826 aperte
548 1719 710 1801 dicatur
738 1721 774 1800 ei
804 1746 927 1800 suam
958 1720 1145 1801 fraudem
1175 1742 1258 1797 non

112 1850 239 1932 debere
260 1851 507 1960 patrocinari
526 1853 589 1932 vel
605 1851 760 1933 dolum.
780 1851 1105 1934 Controvertitur
1120 1862 1260 1931 tamen

113 1981 200 2064 inter
219 1983 417 2065 Doctores
447 2011 500 2064 an
531 1984 607 2066 iste
638 2011 786 2092 parens
813 1985 975 2066 amittat
999 1985 1070 2092 jus
1096 1982 1259 2091 petendi

115 2113 295 2216 debitum,
329 2125 370 2196 et
398 2115 492 2196 licet
521 2116 653 2223 major
682 2143 777 2224 pars
817 2124 933 2226 putet
963 2119 1014 2198 ab
1046 2143 1093 2197 eo
1125 2113 1257 2194 amitti

114 2245 176 2329 hoc
187 2249 269 2356 jue,
287 2275 370 2330 non
386 2250 535 2330 desunt
549 2249 819 2333 nihilominus
833 2254 903 2360 qui
918 2259 1083 2334 teneant
1098 2249 1262 2330 nullum

115 2381 218 2464 hodie
237 2385 465 2491 conjugalis
487 2411 590 2465 usus
611 2383 950 2493 impedimentum
971 2385 1084 2485 oriri,
1108 2390 1154 2463 ut
1177 2381 1262 2462 col·

26 2517 27 2562 ³
117 2514 175 2621 ligi
203 2515 363 2599 videtur
392 2545 443 2598 ex
474 2545 565 2599 cun.
603 2525 627 2600 5
658 2545 768 2601 cous.
796 2521 850 2600 30
880 2527 1035 2628 quaest.
1064 2522 1102 2619 l,
1136 2541 1261 2624 quam

115 2652 342 2734 sententiam
363 2653 487 2734 etiam
508 2653 760 2762 probabilem
783 2664 920 2736 censet
939 2655 1125 2762 Layman
1142 2652 1212 2730 tib.
1236 2655 1266 2730 5

116 2791 220 2866 tract.
243 2789 295 2866 10
305 2815 352 2897 p.
373 2789 506 2898 deep.
528 2790 553 2867 8
570 2815 679 2869 num.
702 2791 743 2889 8,
763 2796 803 2870 et
818 2788 895 2868 hac
915 2787 1051 2895 posita
1071 2786 1266 2892 utrinque

117 2919 384 3021 probabilitate
405 2922 642 3028 supervenit
658 2921 904 3029 principium
921 2921 962 3000 in
977 2947 1021 3002 re
1038 2921 1165 3001 dubie
1179 2946 1261 3001 non

117 3073 219 3152 posse
249 3059 408 3134 certum
433 3054 504 3160 jus
535 3055 699 3162 conjugi
730 3055 897 3137 auferri.
985 3055 988 3060 ’

216 3189 274 3267 5.⁰
295 3187 363 3266 An
394 3185 435 3264 in
461 3187 666 3294 baptismo
687 3187 845 3296 privato
866 3188 1016 3270 habeat
1036 3188 1173 3267 locum
1193 3211 1266 3268 eo-

117 3317 237 3417 gnatio
256 3318 484 3426 spiritualis
505 3319 611 3401 inter
631 3321 840 3428 patrinum
860 3330 900 3402 et
923 3321 1144 3402 matrinam
1164 3347 1261 3400 cum

118 3445 305 3558 baptizato
326 3451 495 3561 ejusque
516 3454 756 3561 parentibus
776 3455 1010 3536 dubitatum
1030 3461 1106 3554 est,
1131 3479 1263 3561 usque

118 3577 200 3661 dum
216 3585 426 3692 proposita
441 3585 563 3667 luerit
578 3588 763 3696 quaestio
780 3588 888 3696 apud
905 3589 949 3668 S.
971 3585 1266 3694 Congregatio-

117 3735 197 3792 nem
212 3714 380 3798 Concilii
397 3717 464 3818 die
479 3721 534 3798 29
545 3721 659 3801 Maii
673 3722 799 3822 totu
817 3747 921 3830 quae
942 3719 1164 3830 respondit:
1185 3720 1270 3799 Dt-

117 3842 191 3925 tata
206 3855 240 3928 et
259 3851 441 3932 scribant
461 3853 665 3963 Theotepi.
686 3857 863 3936 Istorum
883 3856 1028 3936 deinde
1048 3853 1270 3962 scripturis

117 3985 356 4065 transmissis
386 3995 427 4068 et
455 3987 687 4069 distributis
718 4016 790 4098 per
811 4015 961 4070 manus
983 3989 1264 4070 Cardinalium

117 4112 172 4194 dte
193 4123 216 4199 5
234 4121 389 4204 Martii
412 4122 521 4203 1678
543 4107 801 4233 propositum
832 4123 909 4205 luit
930 4125 1119 4206 dubium:
1158 4153 1177 4200 ‹
1197 4125 1267 4204 An

117 4241 315 4359 dispositio
346 4255 516 4338 Consilii
538 4284 628 4369 cop.
655 4261 797 4340 asess.
823 4259 881 4338 24
901 4258 951 4339 de
981 4259 1152 4368 reform.
1177 4283 1271 4336 mu-

119 4385 217 4468 trim.
235 4391 458 4472 decernens
473 4391 515 4471 in
530 4400 789 4474 sacramento
805 4394 1066 4501 baptismatis
1082 4389 1267 4474 contrabi
