3136 5138
323 365 385 429 150
492 437 495 442 ,
609 376 900 428 rnanunorrorns
922 377 1016 428 rums
1038 376 1206 430 eruemur

328 509 552 590 invalidum
584 532 666 586 non
696 515 758 586 est
777 504 952 613 speciale
973 505 1069 587 huic
1089 503 1330 602 contractui,
1356 531 1479 612 neque

321 669 376 721 ex
403 643 495 749 jure
525 639 714 749 positivo,
737 639 819 720 sed
849 637 1036 745 generale
1066 664 1161 718 cum
1183 636 1377 717 omnibus
1396 635 1481 716 aliis

320 776 601 859 contractibus
633 783 752 855 etex
779 773 871 881 jure
902 772 1092 852 naturali.
1127 771 1216 852 Etsi
1257 771 1368 850 enim
1397 797 1482 878 per-

326 913 500 992 missum
516 909 570 990 sit
586 903 789 1015 apponere
805 906 1081 987 contractibus
1097 903 1365 1004 conditiones,
1384 927 1481 1011 quae

320 1041 628 1152 quomodolibet
658 1041 890 1122 modificent
919 1066 1062 1121 corum
1093 1039 1380 1145 obligationes
1404 1063 1481 1117 non

322 1188 463 1258 tamen
495 1174 737 1273 admittitur,
761 1173 870 1280 quod
892 1173 1124 1252 inserantur
1144 1171 1399 1252 conditiones
1418 1195 1483 1249 eo-

326 1338 418 1391 rum
449 1307 703 1390 substantiae
734 1306 961 1415 oppositae,
995 1313 1039 1387 ut
1068 1313 1169 1413 puta
1198 1307 1308 1414 quod
1329 1311 1482 1387 contre·

319 1444 408 1526 ·etui
425 1443 642 1551 emptionis
664 1443 867 1524 inseratur
886 1451 1050 1550 pactum
1072 1449 1117 1522 ut
1138 1447 1296 1548 emptor
1315 1439 1374 1521 rei
1391 1465 1482 1519 veu-

321 1579 434 1658 ditae
464 1577 692 1659 dominium
724 1577 836 1657 nullo
868 1590 987 1684 pacto
1019 1575 1215 1683 acquirat.
1244 1575 1288 1656 ld
1321 1571 1479 1656 enimsi

320 1709 622 1810 admitteretur,
655 1709 846 1790 voluntas
869 1708 910 1788 in
931 1707 1135 1790 contrarie
1154 1708 1298 1788 eodem
1320 1716 1414 1790 ectu
1443 1713 1476 1785 et

325 1852 506 1950 tempore
527 1841 770 1942 traheretur,
794 1869 868 1922 seu
889 1841 1042 1950 aliquid
1063 1841 1183 1922 vellet
1202 1849 1242 1922 et
1262 1841 1388 1923 simul
1403 1867 1478 1921 non

324 1976 459 2076 vellet,
502 1976 610 2084 quod
655 1985 717 2057 est
760 1975 1134 2058 contradictorium.
1178 1975 1327 2057 Plures
1367 1997 1480 2085 porro

320 2122 423 2190 sunt
451 2109 554 2189 istae
584 2107 852 2208 conditiones,
876 2135 950 2189 nec
970 2107 1228 2190 solummodo
1248 2109 1358 2210 illae,
1382 2133 1478 2217 quae

325 2242 558 2322 referuntur
588 2268 613 2320 a
642 2241 839 2349 Gregorio
868 2241 926 2320 IX
958 2244 1000 2322 in
1030 2243 1098 2322 cit.
1143 2269 1233 2353 cap.
1280 2243 1306 2322 7
1349 2243 1389 2322 h.
1431 2249 1474 2337 t.,

321 2401 455 2483 neque
485 2401 629 2457 omnes
649 2375 902 2476 inhonestae,
926 2377 997 2457 sed
1018 2384 1191 2484 possunt
1210 2403 1302 2457 esse
1324 2397 1477 2485 quoque
1553 2375 1554 2440 l

325 2508 534 2610 honestae,
568 2535 661 2591 oum
693 2536 774 2590 non
808 2509 863 2591 sit
901 2535 1044 2592 earum
1084 2510 1338 2612 inhonestas,
1381 2529 1476 2617 quae

325 2651 458 2744 nocet,
491 2645 562 2726 sed
594 2644 702 2753 quod
732 2654 829 2726 sunt
859 2653 930 2726 eut
969 2645 1225 2727 substantiae
1263 2655 1337 2728 aut
1367 2639 1476 2724 bonis

324 2778 573 2859 matrimonii
604 2779 845 2862 contrariae.
880 2778 1020 2859 Prima
1056 2805 1161 2888 quae
1200 2786 1367 2860 notatur
1404 2781 1473 2872 est,

317 2937 407 3019 «que
440 2912 724 2994 contrahentes
763 2938 789 2993 e
828 2940 872 2994 se
912 2913 954 2993 in
994 2921 1253 2995 antecessum
1292 2911 1476 2995 abdicant

322 3052 565 3152 potestatem
585 3047 627 3126 in
647 3073 796 3155 corpus
817 3047 999 3130 alterius:
1019 3055 1059 3130 et
1074 3048 1167 3156 jure
1188 3047 1370 3156 quidem,
1388 3067 1474 3126 cum

316 3189 556 3261 contractus
576 3179 887 3262 matrimonialis
908 3180 1097 3288 importet
1121 3181 1391 3263 essentialiter
1409 3201 1475 3285 po·
1552 3157 1553 3224 ἶ

321 3319 508 3394 testatem
539 3314 581 3393 in
611 3340 761 3422 corpus
791 3313 959 3395 alterius
989 3313 1041 3395 ad
1071 3324 1187 3396 actus
1218 3316 1266 3397 de
1297 3317 1474 3421 scaptos

323 3445 374 3524 ad
404 3447 530 3552 prolis
559 3447 876 3554 generationem,
909 3446 998 3527 sine
1019 3473 1100 3555 qua
1119 3455 1317 3556 potestate
1339 3440 1473 3554 nequit

321 3579 480 3687 concipi
511 3581 833 3688 matrimonium,
869 3589 908 3664 et
937 3581 1039 3662 haec
1059 3591 1258 3664 vocantur
1272 3583 1369 3690 jura
1387 3603 1476 3662 con·

312 3710 483 3818 jugum.
517 3711 635 3792 Hanc
666 3739 760 3794 vero
781 3714 1053 3797 conditionem
1075 3724 1215 3824 utpote
1236 3713 1474 3799 contrariam

322 3844 577 3926 substantiae
598 3845 831 3928 matrimoni
848 3848 949 3931 illud
964 3850 1131 3931 reddere
1147 3849 1372 3932 invalidum
1387 3867 1477 3929 eon-
1551 3937 1552 3948 Ν

323 3975 531 4060 firmatum
553 3988 614 4061 est
634 4007 686 4061 ex
706 3980 854 4062 celebri
875 3982 1135 4064 decisioneS.
1150 3974 1476 4090 Congregationis
1551 3969 1552 4010 ³

318 4108 491 4190 Concilii
508 4111 550 4190 in
574 4112 712 4192 Causa
734 4115 963 4225 Ulyssipon.
988 4115 1190 4198 Occident.
1216 4115 1422 4225 proposita
1440 4111 1475 4185 θῐ

323 4241 504 4326 resoluta
533 4245 612 4325 sub
642 4245 709 4326 die
740 4249 764 4326 8
794 4247 902 4330 Juh‘i
932 4247 1032 4326 anni
1066 4248 1189 4348 1724,
1216 4275 1340 4357 quam
1361 4241 1473 4330 refert

321 4375 569 4462 Benedictus
585 4377 683 4458 XlV
699 4377 749 4460 de
767 4380 921 4489 synod.
946 4379 1114 4461 dioeces.
1141 4382 1210 4462 lib.
1240 4383 1291 4463 13
1311 4408 1400 4492 cop.
1424 4373 1472 4454 22
