3386 5126
570 457 669 504 mana
691 458 724 504 v.
748 475 791 486 —
814 457 953 505 crunnus
975 459 1045 504 vm.
1321 439 1387 505 205

215 588 460 667 Sanctorum
483 585 832 686 communionem,
856 585 1129 666 auricularem
1162 585 1386 667 confessio-

214 747 323 822 nem,
344 726 382 801 et
403 719 655 827 hujusmodi.
679 717 822 800 Hicin
844 719 913 799 tali
937 743 1036 799 casu
1059 727 1120 800 est
1151 719 1387 800 schismati-

214 882 289 936 cus
312 881 392 935 nou
415 880 561 963 purus,
586 880 660 935 seu
693 853 865 954 mixtuS,
890 853 1079 961 quamvis
1111 852 1214 933 alios
1236 854 1388 934 articu-

214 989 276 1069 los
309 989 400 1070 fidei
432 989 585 1088 credat,
610 995 650 1069 et
680 987 890 1096 approbet.
924 988 995 1068 Sic
1027 989 1136 1067 inre
1166 989 1387 1067 eommunis

213 1125 453 1205 Doctorum.

300 1257 401 1337 Post
417 1256 518 1338 haec
534 1257 616 1338 duo
632 1255 700 1338 hic
717 1257 965 1338 advertenda
980 1262 1217 1355 occurrunt,
1238 1259 1296 1338 l.⁰
1307 1257 1387 1338 sci-

213 1390 306 1472 licet
328 1391 437 1498 quod
476 1391 696 1494 ordinarie,
721 1399 761 1473 et
781 1391 959 1499 practice
980 1391 1182 1498 loquendo
1205 1389 1274 1470 vix
1297 1418 1389 1471 um·

214 1550 338 1633 quam
356 1525 507 1607 nostris
529 1526 770 1633 praesertim
793 1524 1048 1632 temporibus
1070 1523 1191 1606 datur
1207 1525 1387 1634 amplius

214 1657 394 1738 schisma
418 1685 588 1770 purum,
622 1686 696 1740 seu
728 1659 816 1739 sine
851 1658 1026 1740 haeresi.
1057 1658 1247 1739 Schisma
1277 1659 1386 1740 enim

214 1789 306 1872 lieet
336 1791 378 1871 in
410 1819 487 1873 suo
519 1791 719 1900 principio
751 1819 834 1873 non
869 1791 1020 1872 habeat
1053 1819 1293 1900 perversum
1319 1794 1388 1874 Fi-

215 1924 277 2004 dei
310 1925 475 2031 dogma,
510 1925 618 2007 sicut
639 1925 849 2028 Haeresis,
874 1925 915 2006 in
947 1926 1028 2007 fine
1059 1933 1196 2008 tamen
1226 1925 1388 2008 nullum

215 2056 397 2137 schisma
438 2059 618 2138 estsine
658 2059 833 2158 haeresi,
870 2087 945 2140 ceu
977 2061 1193 2142 manifeste
1230 2062 1388 2142 eruitur

215 2215 265 2268 ex
283 2189 421 2270 verbis
444 2189 488 2270 S.
510 2189 750 2297 Hieronymi
769 2191 812 2268 in
838 2193 939 2300 Cup.
959 2194 1071 2272 Inter
1087 2192 1290 2273 haeresim
1306 2198 1383 2287 26,

215 2349 328 2404 eccs.
373 2325 452 2418 24,
486 2329 641 2431 quaest.
687 2325 732 2416 4,
765 2324 978 2403 -ibi-
1002 2324 1148 2406 <luter
1183 2325 1387 2407 haeresim

219 2466 299 2538 »et
328 2456 512 2538 schisma
542 2456 619 2538 hoc
650 2456 846 2538 interesse
868 2456 1132 2557 arbitramur,
1159 2461 1267 2566 quod
1290 2459 1388 2541 hae-

219 2623 235 2664 s
257 2591 361 2671 rasis
382 2617 626 2700 perversum
648 2591 798 2699 dogma
833 2591 998 2694 habeat,
1022 2593 1204 2674 schisma
1223 2602 1389 2702 propter

220 2723 544 2831 ›Episcopalem
585 2725 880 2806 dissensionem
924 2725 975 2807 ab
1016 2726 1202 2808 Ecclesia
1237 2727 1388 2836 pariter
1427 2767 1428 2770 Ν

221 2865 438 2964 »separat
476 2857 594 2950 Quod
636 2859 803 2965 quidem
845 2859 887 2938 in
927 2860 1125 2968 principio
1167 2861 1306 2970 aliqua
1336 2889 1388 2943 ex

220 3025 237 3067 »
262 2999 376 3099 parte
408 2991 579 3098 intelligi
611 2999 759 3098 potest.
785 2991 1002 3073 Caeterum
1025 2995 1186 3075 nullum
1208 2995 1390 3076 schisma

220 3151 340 3203 »non
373 3123 552 3232 aliquam
585 3124 659 3206 sibi
679 3125 874 3232 confingit
894 3125 1114 3228 haeresim,
1139 3136 1185 3210 ut
1206 3135 1313 3209 recte
1336 3127 1388 3208 ab

221 3255 444 3335 »Ecclesia
483 3257 704 3337 recessisse
744 3256 933 3337 videatur
963 3289 999 3338 ›.
1034 3261 1096 3340 2.⁰
1127 3259 1287 3340 Pariter
1321 3259 1388 3342 hic

216 3390 510 3471 advertendum
543 3397 619 3490 est,
654 3390 762 3498 quod
794 3397 876 3471 non
907 3391 1041 3470 omnis
1073 3417 1278 3492 recessuS,
1313 3421 1387 3472 seu
1479 3390 1481 3394 ’

216 3523 422 3632 separatio
445 3549 469 3603 a
490 3524 605 3631 Papa
625 3531 687 3605 est
708 3523 904 3624 schisma,
928 3523 1000 3604 sed
1023 3523 1159 3606 solum
1181 3551 1384 3627 recessuS,

215 3665 255 3739 et
285 3657 489 3766 separatio
521 3659 573 3740 ab
606 3659 696 3766 ipso
726 3665 938 3766 tamquam
980 3657 1204 3740 aVicario
1238 3658 1387 3741 Christi

111 3791 118 3802 ’
215 3792 257 3873 in
299 3793 431 3892 terris,
466 3799 505 3874 et
536 3791 677 3901 Capite
720 3792 945 3874 formaliter
991 3793 1116 3875 totius
1160 3793 1383 3874 Ecclesiae.

217 3925 335 4006 Unde
374 3933 482 4007 recte
515 3924 769 4032 intelligitur,
805 3925 920 4007 illum
958 3925 1267 4031 schismaticum
1307 3951 1389 4004 non

220 4083 329 4159 esse,
363 4057 431 4165 qui
464 4057 699 4140 Romanum
731 4059 973 4141 Pontificem
1004 4068 1216 4168 tamquam
1238 4055 1389 4148 Christi

215 4193 429 4275 Vicarium
462 4194 504 4274 in
536 4193 671 4297 terrie,
706 4201 745 4275 et
767 4194 904 4302 Caput
934 4194 1157 4276 formaliter
1182 4191 1389 4275 Ecclesiae

215 4327 486 4436 recognoscit,
501 4328 619 4436 eique
640 4354 723 4435 qua
740 4328 965 4409 formaliter
986 4327 1172 4410 Pontifici
1195 4327 1390 4410 obedien-

218 4459 315 4541 tiam
334 4471 533 4569 praestat;
552 4461 622 4544 sed
640 4489 722 4543 non
740 4463 828 4544 vult
844 4463 960 4544 illum
976 4489 1268 4571 recognoscere
1283 4471 1390 4543 tam-
