3136 5138
773 1681 1007 1764 TlTULUS
1040 1682 1108 1762 Vl.

671 1951 750 2041 Qui
780 1952 919 2031 clerici
949 1952 1010 2030 oct
1040 1958 1219 2030 nocentes

547 2086 852 2165 matrimonium
884 2083 1121 2165 contrahere
1146 2091 1329 2194 possunt.

481 2482 538 2562 l.⁰
558 2481 662 2563 Cum
683 2482 725 2562 in
745 2483 869 2562 Libro
890 2482 938 2562 Ill
959 2489 1097 2562 actum
1117 2481 1170 2562 sit
1190 2483 1240 2562 de
1261 2475 1501 2562 matrimonio

359 2617 620 2697 antecedente
642 2615 950 2697 conversionem
972 2617 1023 2696 ad
1044 2615 1280 2697 clericatum
1301 2617 1365 2696 vel
1385 2614 1433 2696 ad
1451 2637 1502 2690 re-

361 2750 570 2856 ligionem,
600 2750 666 2830 hic
695 2751 832 2857 agitur
862 2751 911 2832 de
943 2749 1215 2851 matrimonio,
1240 2751 1349 2857 quod
1379 2771 1503 2828 eonse-

360 2883 500 2991 quitur
529 2885 829 2991 susceptionem
851 2884 1006 2965 ordinis
1027 2891 1098 2965 aut
1118 2883 1338 2965 editionem
1368 2880 1503 2991 proles-

357 3019 488 3098 sionis
518 3019 747 3125 religiosum
780 3019 948 3126 proinde
984 3019 1120 3124 agitur
1149 3019 1198 3098 de
1230 3019 1502 3126 impedimento

358 3150 573 3231 dirimente
603 3151 758 3232 ordinis
789 3161 828 3232 et
858 3151 1121 3258 professionis
1151 3151 1381 3257 religiosae.

475 3283 538 3365 2st
567 3285 647 3365 Per
676 3287 862 3367 ordinem
901 3297 1087 3385 sacrum,'
1125 3311 1271 3392 nempe
1301 3285 1504 3388 Presbyte-

361 3425 511 3518 ratum,
536 3419 799 3500 diaconatum
829 3427 869 3499 et
898 3405 1241 3498 subdiaconatum
1271 3417 1406 3498 dirimi
1430 3439 1505 3494 mn-

358 3549 596 3632 trimonium
629 3560 772 3658 postea
797 3551 1118 3634 contrahendum
1140 3551 1259 3631 hodie
1280 3560 1434 3632 certum
1453 3551 1506 3626 est

358 3691 480 3792 atque
511 3685 722 3766 definitum
754 3714 779 3768 a
805 3686 985 3768 Concilio
1006 3685 1245 3766 Tridentino
1274 3712 1369 3765 sess.
1395 3685 1447 3763 24
1464 3678 1506 3758 dc

356 3827 610 3900 sacramento
632 3821 887 3900 matrimonii
907 3847 997 3902 cun.
1025 3823 1065 3920 9,
1090 3820 1235 3926 etjam
1257 3827 1413 3902 certum
1432 3819 1506 3895 erat

358 3981 409 4030 cx
442 3956 575 4064 cup]
615 3961 652 4033 et
682 3955 708 4031 2
740 3953 781 4034 h.
818 3963 846 4035 t.
881 3982 929 4036 ac
960 3982 1049 4034 cun.
1081 3958 1097 4033 l
1135 3963 1171 4033 et
1202 3957 1229 4032 4
1258 3953 1354 4034 ctist.
1391 3952 1441 4031 32
1471 3948 1506 4026 in

357 4088 544 4166 Derceto.
570 4085 767 4168 Consulto
798 4086 979 4167 diximus
1010 4087 1059 4167 de
1090 4087 1351 4168 matrimonio
1377 4089 1506 4193 postea

356 4207 647 4322 conlrahendO,
671 4221 768 4329 quio
789 4223 887 4302 ordo
918 4247 1035 4302 sacer
1057 4246 1137 4301 non
1165 4221 1349 4302 dissolvit
1380 4211 1507 4299 matri·

358 4353 544 4435 monium
575 4353 662 4462 jam
693 4363 813 4437 antea
842 4355 974 4437 valide
1005 4363 1258 4438 contractum
1291 4354 1365 4438 etsi
1399 4343 1506 4432 fuerit
