3380 5132
258 537 260 544 ,
339 486 403 551 338
622 499 915 550 rnnnnnorronns
938 497 1031 548 aunis
1055 495 1223 548 oasomcr

345 625 542 707 divortio!
577 625 685 706 Dare
717 625 961 708 sententiam
991 651 1064 733 pro
1094 623 1266 704 divortio
1297 630 1358 704 est
1379 623 1508 704 resol-

250 753 254 761 ’
345 787 438 841 vere
469 760 678 841 vinculum
710 761 906 860 existenS,
937 785 1033 840 oum
1063 758 1286 840 tribunalia
1317 759 1507 840 ecclesia-

342 893 445 974 stica
474 893 697 974 sententias
727 893 911 974 dederint
940 918 1013 1000 pro
1049 891 1320 972 declaratione
1345 889 1503 970 ¹vinculi

342 1054 568 1136 numquam
600 1027 809 1126 contracti,
836 1054 887 1108 ex
918 1055 966 1109 eo
997 1028 1107 1135 quod
1134 1025 1382 1116 matrimonii
1406 1026 1505 1106 vali-

342 1147 456 1242 ditati
488 1161 628 1241 oberat
668 1159 1005 1268 impedimentum
1044 1160 1254 1241 dirimens,
1290 1161 1332 1240 ld
1366 1169 1504 1240 tamen

343 1323 424 1376 non
445 1294 626 1402 impedit,
650 1294 870 1403 quominus
891 1295 943 1376 ad
965 1294 1104 1374 fucum
1127 1279 1326 1401 imperitis
1354 1293 1504 1374 sacien-

342 1431 439 1510 dum
475 1429 577 1509 istae
617 1429 841 1510 sententiae
872 1427 1140 1509 dapsilitate
1170 1427 1418 1508 matrimonii
1450 1427 1505 1507 ab

341 1562 431 1642 istis
461 1569 658 1642 vocentur
686 1561 910 1641 sententiae
940 1561 989 1640 de
1020 1561 1210 1641 dicertio.

459 1697 544 1774 13.ο
575 1695 715 1800 longe
746 1694 828 1773 alia
857 1721 923 1774 res
953 1703 1029 1794 est,
1063 1695 1097 1774 si
1129 1695 1347 1801 loquamur
1373 1694 1422 1773 de
1444 1691 1506 1773 di·

340 1828 469 1908 vortio
500 1828 634 1935 quoad
665 1827 831 1908 thorum
852 1835 891 1907 et
911 1827 1270 1908 cohabitationem.
1298 1827 1405 1907 Nam
1426 1825 1503 1906 hoc

339 1987 429 2042 esse
466 1967 598 2070 potest
629 1961 692 2040 vel
723 1961 1010 2059 uoluntarium,
1046 1961 1081 2041 si
1122 1969 1295 2068 utraque
1335 1987 1430 2068 pars
1462 1959 1503 2038 in

340 2095 439 2176 illud
471 2095 699 2195 conveniat,
732 2095 795 2175 vel
828 2103 1009 2176 coactum
1044 2103 1165 2204 prout
1200 2081 1503 2176 uno'instante

338 2229 452 2309 alteri
476 2230 579 2336 parti
596 2229 671 2310 etsi
690 2230 840 2310 invitae
858 2230 1094 2337 imponitur.
1115 2231 1346 2336 Utrumque
1363 2236 1502 2309 autern

339 2369 401 2440 est
421 2361 484 2440 vel
498 2370 739 2472 perpetuum
761 2363 822 2442 vel
845 2371 1159 2473 temporaneum.
1185 2361 1502 2476 Porro'propria

340 2495 553 2603 utriusque
573 2497 814 2577 auctoritate
836 2497 1034 2578 divertere
1056 2497 1162 2598 licet,
1183 2496 1270 2576 sive
1293 2505 1339 2578 ut
1353 2501 1498 2576 vacent

339 2629 389 2708 ad
420 2636 582 2736 tempus
613 2603 787 2710 orationi
819 2639 941 2737 prout
971 2630 1019 2711 Β.
1046 2631 1204 2712 Paulus
1236 2631 1383 2729 innuit,
1412 2628 1500 2708 sive

337 2769 383 2840 ut
413 2770 554 2842 votum
594 2763 776 2844 solemne
807 2763 849 2857 in
884 2766 1145 2873 susceptione
1184 2789 1397 2844 sacrorum
1433 2788 1500 2842 or·

336 2891 479 2972 diuum
511 2903 583 2974 aut
613 2894 865 3002 professione
887 2898 1077 3004 religiosa
1098 2899 1149 2978 ab
1172 2925 1254 2978 uno
1276 2898 1499 3004 conjugum

286 3041 290 3050 “
336 3027 464 3107 altero
495 3029 770 3111 consentiente
801 3031 959 3131 edatur,
993 3041 1114 3140 prout
1149 3029 1398 3140 dictumest
1431 3031 1501 3110 Ti·

254 3237 262 3256 ,
336 3159 418 3238 aa
439 3159 611 3240 xxxii
634 3162 726 3242 Lac.
760 3162 838 3242 nr.
874 3163 993 3254 ouon
1019 3135 1197 3272 'perona
1227 3191 1323 3244 vero
1354 3163 1406 3244 aa
1436 3163 1500 3243 n-

335 3293 513 3373 vortium
543 3299 746 3395 coactum,
771 3296 985 3377 sciendum
1016 3306 1078 3378 est
1108 3297 1185 3380 hoo
1215 3297 1352 3379 induci
1375 3323 1495 3405 posse

333 3425 521 3532 pluribus
560 3428 609 3507 de
650 3427 803 3528 causiS,
842 3437 881 3509 et
916 3438 1158 3537 perpetuum
1195 3431 1259 3511 vel
1294 3439 1499 3539 tempora·

334 3584 472 3638 neum.
507 3559 738 3640 Divortium
770 3570 1012 3668 perpetuum
1050 3565 1258 3646 inducitur
1287 3591 1339 3644 ex
1368 3587 1498 3645 causa

333 3691 537 3790 adulterii,
571 3717 623 3771 ex
654 3717 735 3798 quo
765 3693 935 3776 crimine
965 3697 1117 3804 conjux
1147 3699 1343 3779 innocens
1374 3697 1496 3778 habet

327 3823 483 3930 justam
514 3847 683 3904 oausam
714 3823 938 3907 divertendi
969 3855 994 3909 a
1023 3830 1201 3938 conjuge
1233 3831 1432 3931 adultero,
1456 3839 1497 3912 et

331 3982 375 4036 se
406 3981 431 4035 a
461 3953 578 4036 thoro
608 3965 648 4038 et
677 3955 980 4042 cohabitatione
1021 3961 1132 4043 iliius
1163 3989 1369 4071 separare.
1404 3963 1497 4044 Hoc

325 4091 397 4196 jus
418 4116 470 4171 ox
491 4091 694 4172 sententia
714 4093 898 4174 omniurn
920 4095 1212 4177 catholicorum
1240 4098 1497 4204 recognitum

328 4223 479 4305 dicitur
509 4251 599 4306 esse
630 4251 681 4306 ex
712 4225 851 4306 divina
880 4229 1148 4337 permissione
1179 4230 1325 4311 Matth.
1352 4258 1442 4343 cop.
1471 4233 1499 4312 5

329 4387 366 4440 o.
394 4361 447 4438 32
474 4368 515 4441 et
534 4385 624 4471 cop.
654 4361 705 4441 19
728 4389 763 4442 o.
791 4363 831 4442 9.
867 4362 986 4454 Quod
1017 4341 1209 4472 competit
1238 4365 1343 4472 parti
1376 4364 1494 4446 inno·
