3136 5138
305 401 368 464 136
591 415 880 468 Pmucucrrouus
903 415 997 466 cunis
1020 411 1187 466 cuuomcr

307 543 464 626 tabant.
493 541 636 650 Neque
667 542 708 652 id
738 544 904 624 demum
934 541 1167 624 excluditur
1195 567 1249 622 ex
1279 566 1326 621 eo
1357 543 1472 648 quod

307 677 351 759 S.
396 675 667 784 Congrcgatio
708 675 875 757 Concilii
916 675 957 754 in
986 675 1168 783 Propen.
1202 675 1475 756 Matrimonii

304 811 389 893 dici
412 814 463 890 15
483 812 684 892 Jcnuorii
707 811 815 891 1723
836 809 1011 890 noluerit
1041 810 1262 890 concedere
1282 813 1476 890 sonatio-

302 971 391 1024 nem
413 947 455 1024 in
475 944 628 1042 radice,
663 969 758 1024 cum
789 943 926 1052 plures
946 941 1153 1049 potuerint
1173 968 1263 1022 esse
1285 942 1474 1024 rationes

303 1103 354 1156 ex
385 1078 536 1184 quibus
567 1076 637 1156 illa
672 1075 803 1182 gratia
843 1075 964 1156 luerit
1003 1077 1218 1180 denegata3
1252 1077 1361 1182 quod
1392 1077 1476 1156 ali-

303 1213 465 1320 quando
505 1211 628 1291 etiam
672 1217 853 1319 praestat
892 1211 935 1290 S.
980 1208 1322 1312 Poenitentiaria,
1367 1238 1470 1293 cum

303 1371 447 1451 nempe
469 1371 550 1425 non
570 1350 668 1424 sunt
697 1342 956 1424 difficultates
977 1343 1029 1422 ad
1051 1369 1298 1423 consensum
1325 1369 1472 1426 coram
1500 1327 1503 1334 Δ

301 1477 486 1558 Ecclesia
515 1477 759 1557 iterandum.
785 1475 985 1557 luutiliter
1010 1482 1147 1556 autem
1168 1481 1208 1556 et
1227 1477 1390 1556 nonnisi
1413 1480 1470 1560 ad

303 1615 444 1692 fucum
466 1609 696 1691 faciendum
717 1609 972 1690 subdebatur
991 1610 1043 1689 ab
1070 1609 1348 1690 adsertoribus
1369 1637 1474 1691 con-

301 1745 452 1826 trariae
482 1743 706 1824 sententiae
736 1741 1043 1823 matrimonium
1080 1742 1197 1822 civile
1227 1769 1309 1822 non
1339 1771 1468 1850 posse

302 1880 525 1987 producere
543 1877 880 1986 impedimentum
899 1875 1088 1982 publicae
1105 1875 1347 1976 honestatis,
1366 1878 1472 1985 quia

302 2013 412 2093 hunc
436 2011 659 2119 juridicum
681 2011 870 2091 effectum
890 2035 973 2090 non
993 2009 1101 2090 velet
1130 2009 1239 2090 actui
1265 2011 1363 2092 dare
1384 2013 1471 2093 nisi

302 2145 501 2244 Ecclesia,
525 2171 550 2224 a
574 2171 656 2251 qua
685 2143 911 2250 procedunt
931 2143 1236 2250 impedimenta,
1252 2170 1344 2228 *non
1365 2171 1469 2226 vero

303 2280 459 2359 Status,
485 2277 594 2356 Nam
625 2277 693 2384 qui
716 2277 907 2358 tenebant
937 2275 1014 2357 hoc
1045 2277 1382 2384 impedimentum
1414 2305 1470 2360 ex

302 2409 562 2491 matrimonio
592 2410 699 2490 civili
730 2409 899 2518 produci
941 2436 1169 2519 numquam
1208 2411 1472 2494 somniarunt

301 2544 411 2625 hunc
443 2545 632 2624 effectum
662 2543 804 2624 haberi
825 2569 877 2622 ex
897 2544 1185 2625 constitutione
1207 2545 1365 2645 Statue,
1389 2547 1468 2626 sed

303 2703 353 2757 ex
372 2677 659 2758 constitutione
679 2677 902 2777 Ecclesiae,
927 2703 1030 2785 quae
1047 2677 1135 2785 jam
1164 2686 1366 2761 statuerat
1386 2679 1470 2762 hoc

302 2812 640 2920 impedimentum
662 2810 799 2891 induci
821 2837 871 2890 ex
891 2811 1037 2919 quovis
1058 2811 1317 2892 matrimonio
1338 2811 1470 2893 etiam

301 2944 495 3044 invalida
520 2943 742 3024 dummodo
763 2942 843 3023 tale
873 2969 955 3023 non
986 2951 1094 3024 esset
1114 2969 1164 3023 ex
1186 2944 1343 3026 defectu
1367 2971 1471 3026 con·

299 3105 464 3179 sensus
484 3085 523 3160 et
538 3077 642 3159 inter
657 3076 757 3157 talia
771 3077 1032 3158 matrimonia
1047 3079 1273 3187 computari
1290 3079 1470 3161 debebat

299 3211 608 3292 matrimonium
638 3211 698 3291 sic
727 3210 881 3292 dictum
911 3209 1045 3312 civile,
1069 3211 1233 3318 quando
1263 3212 1470 3294 adfuisset

299 3371 441 3425 revera
470 3345 691 3454 praestitus
722 3371 949 3426 consensus
978 3371 1089 3424 mere
1120 3345 1335 3426 naturalis.
1365 3345 1465 3427 Non

299 3502 500 3584 negamus
519 3507 631 3580 vero,
655 3480 764 3587 quod
784 3479 968 3560 Ecclesia
997 3478 1175 3588 potuerit
1204 3479 1303 3560 illud
1334 3479 1469 3589 impe-

299 3611 527 3691 dimentum
556 3612 826 3719 supprimere.
856 3612 941 3692 lmo
972 3611 1149 3693 fatemur
1179 3611 1219 3692 id
1249 3639 1321 3721 per
1352 3615 1469 3696 deci-

297 3745 456 3827 sionem
485 3747 653 3827 relatam
685 3746 839 3827 lactum
869 3773 974 3850 esse,
1000 3755 1046 3829 ut
1067 3754 1256 3828 manente
1286 3747 1364 3829 hoc
1384 3747 1466 3830 im-

299 3878 529 3987 pedimento
559 3878 748 3987 publicae
772 3879 999 3964 honestatis
1029 3907 1102 3989 pro
1123 3880 1216 3960 aliis
1246 3881 1464 3963 matrimo-

298 4013 378 4093 niis
408 4012 671 4094 clandestinis
702 4012 824 4094 luerit
853 4014 1064 4095 sublatum
1093 4013 1218 4096 relate
1243 4015 1294 4096 ad
1316 4017 1462 4097 matri-

297 4145 482 4227 monium
503 4145 636 4246 civile‚
660 4173 709 4227 ac
729 4145 897 4254 proinde
928 4146 1119 4254 evulgato
1149 4145 1356 4255 praedicto
1377 4146 1460 4228 De·

298 4285 407 4362 creto
426 4277 546 4361 hodie
567 4281 788 4362 tenendum
810 4287 943 4362 estex
965 4281 1224 4362 matrimonio
1246 4280 1355 4361 civili
1377 4307 1460 4361 non

297 4413 395 4494 oriri
416 4411 752 4522 impedimentum
778 4413 966 4521 publicae
987 4412 1226 4514 honestetis,
1251 4413 1327 4495 etsi
1349 4413 1390 4496 in
1412 4439 1461 4494 eo
