3388 5136
628 351 728 397 nmen
748 352 779 396 v.
806 369 846 378 «-
872 353 1055 400 r1runus1.
1386 339 1429 402 53

254 480 373 576 bent,
417 460 735 584 'suspensionem
783 479 1042 584 pronuntiet;
1091 481 1295 586 siquidem
1342 481 1427 561 fieri

253 619 399 720 potest,
437 619 483 690 ut
517 637 749 718 suspensus
789 637 932 692 revere
974 613 1211 720 deliquerit,
1259 613 1429 721 ideoque

253 773 342 827 eam
376 771 550 852 poenam
573 745 745 825 meritus
775 745 841 843 sit,
870 753 911 824 at
942 745 1029 852 ipse
1055 773 1269 854 perperam
1292 757 1431 854 ageret

252 878 498 959 sententiam
516 878 819 985 pronuntiando
837 879 1071 960 rescissioni
1090 881 1328 962 obnoxiam.
1345 885 1431 962 Imo

252 1013 446 1094 carronioe
463 1012 572 1093 haud
595 1015 812 1120 procedere
830 1014 1061 1094 censendus
1092 1022 1215 1114 esset,
1240 1015 1335 1120 quia
1354 1014 1430 1094 Ec-

252 1146 377 1227 clesia
407 1148 631 1228 sententias
663 1148 864 1254 ejusmodi
893 1177 942 1230 ex
969 1149 1188 1230 informata
1218 1149 1430 1229 eonscien-

251 1280 308 1360 tia
339 1279 500 1360 nonnisi
524 1282 640 1361 salvo
662 1309 833 1362 recursu
857 1282 1041 1362 admisit:
1064 1309 1258 1363 recursus
1289 1289 1426 1362 autem

249 1415 446 1522 supponit
489 1417 739 1496 sufficienter
790 1417 1047 1524 probandum
1094 1441 1186 1496 esse
1232 1415 1426 1496 delictum

250 1550 358 1654 apud
390 1548 584 1655 superius
614 1548 819 1630 tribunal:
847 1549 980 1629 noluit
1000 1575 1098 1656 ergo
1128 1547 1313 1630 Ecclesia
1335 1575 1428 1655 pro-

251 1681 337 1762 eedi
371 1708 491 1788 posse
522 1710 571 1763 ex
603 1683 826 1764 informata
857 1683 1132 1783 conscientia,
1168 1683 1246 1762 nisi
1279 1709 1329 1762 ex
1362 1710 1427 1762 ra-

251 1815 447 1917 tionibuS,
482 1844 587 1925 quae
618 1819 726 1924 apud
760 1817 908 1898 Sedem
942 1843 1104 1924 quoque
1145 1816 1425 1932 Apostolicam

250 1948 441 2030 delictum
474 1953 648 2057 probare
680 1949 857 2031 valeant.

335 2081 443 2164 Hine
473 2083 514 2162 in
538 2083 673 2164 Curiis
695 2083 1013 2191 Episcopalibus
1035 2091 1255 2190 antequam
1280 2085 1329 2165 ad
1357 2113 1428 2165 su·

248 2218 511 2324 sponsionem
544 2243 593 2294 ex
623 2217 844 2296 informata
881 2217 1135 2298 conscientia
1170 2218 1421 2312 deveniatur,

248 2347 489 2455 prudentiae
521 2353 598 2429 erit
627 2348 771 2428 sedulo
803 2350 1046 2456 expendere,
1080 2325 1160 2428 non
1192 2355 1352 2428 tantum
1375 2375 1426 2430 an

249 2489 404 2562 eertum
436 2483 490 2563 sit
534 2481 736 2562 Clerieum
771 2482 1007 2590 deliquisse,
1043 2481 1091 2561 de
1123 2507 1203 2588 quo
1250 2508 1427 2590 suspen-

250 2615 383 2695 dendo
414 2617 568 2721 egitur,
591 2616 664 2697 sed
696 2616 736 2696 in
765 2616 910 2722 primis
942 2642 994 2696 an
1016 2615 1153 2695 adsint
1173 2615 1423 2714 testimonia,

252 2747 313 2828 vel
346 2749 427 2830 alia
457 2751 718 2851 documenta,
744 2777 849 2858 quae
881 2751 930 2830 de
952 2777 996 2831 se
1027 2757 1127 2860 opto
1151 2750 1234 2828 sint
1258 2752 1309 2830 ad
1331 2777 1428 2830 oon-

249 2883 499 2964 stituendam
532 2883 803 2964 sufficientem
831 2884 966 2964 delicti
998 2883 1286 2990 probationem
1318 2885 1424 2990 apud

250 3018 293 3098 S.
329 3017 498 3098 Conoilii
541 3016 928 3125 Congregationem.
964 3017 1161 3124 Alioquin
1208 3017 1425 3123 suspensio

250 3151 473 3233 omittenda
493 3151 582 3251 erit,
617 3152 729 3259 quia,
751 3151 857 3232 laeto
881 3177 1067 3249 recursu,
1102 3149 1144 3230 in
1176 3150 1220 3230 S.
1247 3148 1428 3256 Congre-

250 3287 414 3393 gatione
446 3285 614 3366 Conoilii
648 3313 729 3366 non
761 3286 1076 3383 substineretur,
1113 3283 1246 3390 prouti
1281 3283 1428 3364 aooidit

250 3420 290 3500 in
308 3447 435 3501 causa
451 3421 817 3500 Boioneneeneur.
835 3425 862 3498 9
881 3419 1006 3515 Maii,
1024 3425 1059 3496 et
1072 3421 1131 3502 27
1145 3416 1265 3498 June·
1284 3419 1422 3515 1744,

250 3553 290 3632 in
322 3581 404 3662 qua
434 3555 479 3636 S.
515 3553 787 3660 Congregatio
818 3552 1046 3660 respondit,
1081 3549 1251 3631 minime
1272 3548 1427 3630 substi-

249 3687 334 3766 neri
366 3687 627 3786 sententiam,
664 3713 747 3794 que
776 3686 1008 3794 Episcopus
1041 3685 1244 3766 Boionen.
1280 3711 1333 3764 ex
1366 3685 1426 3762 in-

238 3821 435 3928 formata
468 3823 714 3902 conscientia
746 3822 1064 3928 suspenderata
1097 3819 1248 3900 diuinis
1278 3816 1426 3898 Archi-

249 3954 550 4055 praesbilerum
582 3953 801 4035 Domicum
835 3952 1064 4054 Carissimi‚
1090 3979 1210 4058 quem
1243 3953 1331 4060 ipse
1353 3978 1427 4031 au-

248 4094 482 4169 tumaverat
513 4096 723 4170 auctorem
769 4088 976 4169 tumultus
1008 4087 1047 4165 in
1081 4111 1187 4192 pago
1228 4085 1427 4166 Petrellae

247 4221 428 4304 excitati.
457 4221 509 4304 Et
525 4223 663 4330 prouti
685 4222 855 4328 contigit
877 4221 918 4300 in
940 4219 1032 4299 aliis
1054 4217 1244 4328 pluribus
1270 4221 1423 4319 causis,

248 4381 353 4461 ques
385 4355 602 4438 brevitatis
633 4383 773 4437 amore
804 4355 991 4436 omittere
1022 4355 1225 4462 cogimur.
