3096 5138
341 410 404 474 172
627 427 919 479 rnnnnucnouus
941 429 1035 483 rurus
1059 428 1227 480 carorum

350 555 499 658 »nius
533 557 811 665 Hieronymus
842 557 991 665 aliique
1032 558 1190 656 Patres
1235 565 1274 637 et
1317 557 1406 663 ipse
1434 559 1504 638 lm-

351 725 368 762 »
389 697 553 798 perator
571 669 840 798 apertissime
870 699 1022 773 tuetur.
1058 691 1318 800 Quapropter
1340 690 1404 771 vel
1425 690 1504 798 ipsa

350 822 588 903 »Trullana
618 825 810 932 Synodus
842 850 997 906 canone
1027 825 1084 904 Vl
1122 824 1201 904 sub
1242 821 1503 930 depositionis

350 991 367 1032 »
388 983 520 1064 poena
549 958 773 1064 generatim
804 959 997 1060 decernit,
1028 967 1074 1040 ut
1093 959 1193 1039 nulli
1216 957 1385 1066 penitus
1405 955 1501 1035 Sub-

350 1091 575 1191 »diacono,
609 1092 672 1172 vel
704 1091 887 1174 Diacono
918 1101 990 1174 aut
1018 1092 1264 1200 Presbytero
1286 1098 1383 1199 post
1407 1089 1500 1172 ordi-

350 1225 596 1306 »nationcm
626 1225 793 1333 nuptias
823 1225 1060 1308 contrahere
1092 1226 1227 1328 liceat3
1251 1225 1364 1306 unde
1390 1223 1499 1304 etiam

351 1381 632 1464 »graecorum
669 1359 904 1441 canonistae
944 1358 1052 1440 ultro
1094 1359 1272 1441 latentur
1312 1381 1498 1438 canonem

351 1489 550 1570 »concilii
589 1492 799 1600 Ancyrani
836 1519 862 1572 a
901 1493 1138 1586 Quinisesto
1179 1491 1309 1573 luisse
1352 1489 1498 1598 penitus

353 1623 650 1731 »abrogatum
684 1671 705 1686 -
734 1626 851 1719 Quae
881 1653 977 1707 cum
1007 1626 1065 1708 ita
1094 1627 1177 1707 sint
1199 1626 1318 1707 facile
1341 1623 1498 1732 quisque

351 1755 498 1838 »videt
529 1766 729 1864 quantum
759 1786 785 1839 a
814 1757 1262 1870 germana-Orientalis
1303 1756 1496 1838 Ecclesiae

351 1890 605 1998 »disciplina
633 1893 688 1974 sit
716 1891 877 1974 alienus
907 1918 998 1973 mos
1028 1892 1110 1994 ille,
1144 1900 1191 1972 ut
1219 1887 1492 2000 hypodiaconi,

351 2025 678 2108 »contrahentes
708 2037 800 2136 post
828 2027 1066 2136 hujusmodi
1097 2027 1398 2108 ordinationem
1422 2049 1496 2104 ma-

352 2190 369 2228 »
389 2157 644 2259 trimonium,
677 2161 729 2241 ad
749 2161 984 2270 superiores
1004 2162 1168 2243 ordines
1189 2163 1495 2269 promoveantur

352 2318 485 2371 »cum
516 2292 593 2374 hoc
622 2293 686 2374 vel
717 2295 769 2374 ab
800 2295 891 2404 ipsa
920 2294 1119 2376 Trullana
1148 2295 1317 2402 Synodo
1348 2289 1492 2400 penitus

352 2457 369 2498 »
391 2423 623 2509 abhorreat.
643 2428 937 2538 -Quapropter
957 2429 1163 2512 Sanctitas
1180 2428 1280 2528 Sua,
1306 2426 1375 2508 cui
1396 2445 1494 2504 surn-
1535 2449 1536 2541 p

353 2585 556 2668 »mopere
596 2569 659 2642 est
693 2562 821 2663 cordi,
856 2569 902 2644 ut
931 2589 1066 2643 mores
1097 2562 1218 2642 istius
1246 2554 1487 2648 Provinciae,

352 2721 655 2804 »quacumque
685 2697 916 2805 corruptela
945 2697 1121 2798 detersa,
1151 2697 1203 2777 ad
1223 2718 1410 2776 normam
1428 2713 1490 2796 pu·
1534 2699 1535 2785 l

352 2827 510 2909 »rioris
541 2829 779 2938 disciplinae
810 2829 1020 2912 orientalis
1050 2837 1366 2939 componantur,
1397 2819 1488 2904 haud
1533 2923 1534 2926 Ν

353 2968 524 3068 »potest
554 2963 653 3070 quin
684 2962 841 3044 moritis
872 2963 1065 3045 laudibus
1105 2971 1379 3072 prosequatur
1406 2959 1489 3036 Am·

352 3094 604 3202 »plitudinis
639 3097 756 3178 Tuae
796 3099 1054 3205 propositum
1095 3097 1239 3178 iterato
1278 3096 1485 3178 firmatum,

353 3228 596 3310 »neminem
626 3229 782 3311 scilicet
811 3231 1003 3340 deinceps
1033 3229 1274 3313 admittendi
1296 3229 1349 3310 ad
1369 3245 1489 3306 sacros
1532 3185 1533 3273 l

354 3363 570 3466 »ordines
603 3364 683 3444 nisi
715 3373 787 3447 aut
816 3365 981 3474 penitus
1012 3365 1210 3447 coelibem
1231 3371 1304 3445 aut
1324 3349 1487 3460 eumqul
1531 3437 1532 3519 l

354 3530 372 3570 »
393 3505 486 3578 ante
516 3497 904 3605 hypodiaconatum‚
933 3501 1055 3608 juxta
1075 3525 1232 3581 morem
1252 3491 1485 3580 orientalem,

356 3628 619 3735 »legitimam
652 3656 824 3712 uxorem
855 3633 1033 3714 duxerit.
1067 3633 1147 3714 Hic
1186 3633 1313 3740 igitur
1351 3617 1487 3729 Ampli-

357 3763 495 3843 »tudo
525 3762 620 3844 Tua
648 3765 852 3874 ceterique
883 3765 1004 3848 istius
1029 3766 1273 3848 Provinciae
1292 3755 1487 3846 Antistites

357 3895 437 3975 »in
458 3897 668 4004 proposito
689 3908 973 4006 permanentes
993 3899 1165 3982 firmiter
1184 3907 1304 4000 state,
1328 3896 1390 3978 hic
1407 3889 1485 3969 bae·
1529 3915 1530 4007 p

357 4037 493 4113 »rete
527 4077 547 4092 ·
576 4032 722 4126 Quoad
754 4061 825 4116 eos
855 4061 951 4116 vero
987 4035 1156 4116 clericos
1196 4035 1265 4143 qui
1302 4033 1385 4141 jam
1411 4021 1484 4131 post
1528 4061 1529 4110 r

357 4163 720 4247 »subdiaconatus
749 4167 933 4249 ordinem
973 4169 1139 4277 nuptias
1174 4175 1420 4256 contraxere,
1456 4157 1483 4226 0¹
1528 4191 1529 4251 l

357 4321 470 4404 »pro
501 4296 653 4404 quibus
682 4299 823 4408 Ampl.
856 4301 906 4380 T.
951 4301 1071 4381 enixe
1110 4299 1315 4409 supplicat
1353 4285 1484 4392 apro

358 4463 376 4506 »
395 4429 474 4511 hac
494 4433 597 4534 vice,
621 4457 673 4513 ex
692 4433 932 4542 Apostolica
951 4433 1270 4544 dispensatione,
1294 4429 1393 4514 licite
1410 4438 1483 4528 pr0·
