3178 5134
644 2041 646 2045 ’
780 2002 1016 2086 TITULUS
1047 2001 1103 2081 X.

631 2272 695 2350 De
725 2270 833 2348 nouis
863 2295 917 2348 ao
947 2268 1072 2349 libero
1104 2273 1251 2348 uentre.

474 2669 550 2750 Est
579 2668 747 2750 axioma
777 2669 819 2749 in
850 2670 943 2777 jura
988 2675 1170 2776 «partus
1212 2665 1399 2774 sequitur
1426 2689 1511 2744 veu-

360 2812 504 2883 trom›
539 2801 659 2910 eujus
688 2803 909 2884 axiomatis
939 2831 1088 2888 sensus
1119 2811 1194 2902 est,
1229 2802 1386 2910 prolem
1409 2797 1509 2906 sequi

362 2936 635 3018 conditionem
665 2936 825 3039 matris3
859 2939 966 3019 unde
996 2937 1032 3017 si
1062 2945 1194 3018 mater
1222 2943 1285 3016 ost
1315 2934 1453 3033 libera,
1478 2937 1510 3008 et

363 3069 497 3178 proles
527 3069 603 3150 erit
632 3069 775 3170 libara3
808 3071 844 3150 si
875 3077 1007 3152 maier
1036 3077 1098 3152 ost
1137 3093 1271 3170 sarva,
1313 3078 1354 3150 ot
1392 3065 1512 3176 piolus

363 3203 547 3287 nascitur
576 3229 709 3285 sorva.
743 3203 809 3285 Ad
840 3203 917 3285 hoo
947 3211 1100 3304 autem,
1135 3211 1180 3286 ut
1208 3202 1347 3312 proles
1383 3221 1511 3282 nasoo-

365 3347 433 3417 tur
462 3335 644 3443 ingenua
673 3362 722 3418 ao
752 3336 896 3438 libera,
930 3337 1081 3419 suffieit
1111 3345 1158 3419 ut
1186 3345 1320 3418 mater
1340 3335 1455 3418 fuerit
1473 3331 1515 3410 li-

363 3469 461 3551 bera
480 3471 545 3550 vel
566 3498 639 3578 per
658 3479 913 3552 momentum
934 3479 1007 3552 aut
1026 3479 1209 3580 temporo
1231 3466 1508 3579 oonooptionis,

361 3610 434 3682 aut
462 3602 687 3684 nativitatis
702 3603 934 3684 autsaltom
950 3611 1133 3712 temporo
1148 3603 1406 3704 intermedio,
1429 3597 1515 3708 quia

360 3735 497 3844 proles
526 3762 689 3845 semper
717 3736 893 3820 habetur
922 3765 996 3847 pro
1026 3745 1136 3840 nata,
1170 3737 1332 3846 quoties
1362 3738 1412 3819 da
1436 3733 1515 3841 ojus

361 3869 577 3951 commodo
609 3869 758 3977 agitur,
789 3879 835 3952 ut
856 3871 1030 3954 habetur
1049 3871 1092 3952 in
1111 3871 1441 3954 Institutionibus
1459 3867 1518 3946 lu·

361 4003 528 4084 stiniani
563 4007 668 4087 «De
698 4007 945 4114 Ingenuus.»
985 4007 1131 4101 Quoad
1172 4005 1373 4087 familiam
1413 4026 1513 4095 vem,

364 4138 455 4244 ejus
485 4137 737 4221 nobilitatem
768 4147 808 4222 et
843 4140 1099 4247 dignitatem,
1142 4139 1179 4220 si
1220 4135 1517 4220 matrimonium

366 4280 428 4353 est
457 4272 703 4380 legitimum,
730 4275 866 4384 proles
886 4273 1363 4383 sequitur‘oonditionem
1386 4268 1517 4380 patris,

368 4418 414 4489 ut
444 4407 485 4490 iu
516 4407 698 4518 Digestis
728 4413 793 4492 De
820 4419 930 4492 statu
962 4411 1116 4492 homin:
