3356 5118
520 439 621 486 mna
643 441 676 486 v.
701 457 745 470 -
768 441 909 488 mausus
931 443 1049 488 xxxix.
1308 421 1376 488 367

197 591 290 646 csse
336 563 606 673 prohibitum,
640 573 679 646 et
714 573 852 647 tamen
894 565 995 646 illud
1040 565 1172 647 iacere
1203 591 1378 674 praesu-

200 708 352 780 matur.

288 833 408 927 Quod
440 840 579 915 autem
615 832 864 940 requiratur,
909 842 955 916 ut
993 833 1118 941 culpa
1147 833 1286 940 gravis
1324 834 1380 916 sit

194 991 320 1077 opere
335 973 505 1048 caterno
522 966 697 1076 prodita,
722 967 763 1049 id
785 966 937 1075 pariter
967 967 1234 1050 manifestum
1252 994 1380 1076 appa-

199 1109 261 1182 ret
289 1127 339 1182 ex
368 1071 444 1200 eo,
467 1101 576 1208 quod
608 1101 794 1184 Ecclesia
823 1128 906 1182 non
947 1110 1081 1210 potest
1111 1127 1374 1209 cognoscere,

195 1234 522 1344 ideoqueneque
533 1236 733 1343 judicare,
756 1263 804 1320 ac
825 1236 971 1346 punire
992 1243 1160 1344 peccata
1181 1261 1292 1317 mere
1313 1235 1377 1316 in-

196 1375 329 1470 terna,
363 1394 470 1477 quae
500 1369 788 1478 relinquuntur
817 1369 895 1451 soli
926 1369 1014 1452 Deo
1050 1367 1272 1478 punienda.
1317 1369 1377 1450 lta

194 1501 289 1584 DD.
325 1501 456 1584 innixi
502 1504 606 1585 Can.
654 1505 926 1613 Cogitationis
970 1507 1028 1585 14
1070 1503 1119 1584 de
1157 1502 1370 1584 Poecilen.

193 1635 294 1715 dist.
315 1638 355 1728 1,
380 1638 485 1748 Cap.
505 1637 621 1720 Sicut
638 1641 718 1719 tuis
735 1642 811 1731 33,
833 1640 975 1747 infin.
1001 1641 1104 1750 Cap.
1130 1639 1218 1720 Tac
1238 1664 1310 1718 nos
1326 1637 1377 1720 dc

197 1769 400 1850 Simonia.
430 1771 649 1854 Praeterea
678 1773 788 1879 quod
819 1775 1067 1880 requiratur,
1100 1779 1145 1852 ut
1164 1771 1277 1853 sitin
1302 1797 1375 1851 suo

191 1929 340 2012 genere
355 1905 569 2014 completa,
594 1904 634 1987 id
651 1903 881 1988 luculenter
908 1913 1021 2014 patet
1043 1933 1096 1986 ex
1117 1931 1181 2006 eo,
1201 1905 1310 2012 quod
1332 1905 1374 1984 in

194 2037 442 2144 poenalibus
458 2037 572 2144 leges
587 2046 686 2120 sunt
701 2039 867 2120 strictae
883 2039 1229 2147 interpretationis
1244 2069 1255 2138 ;
1274 2064 1376 2146 qua-

194 2181 362 2280 propter
383 2173 461 2272 lex,
486 2198 593 2280 quae
624 2173 819 2255 delictum
850 2182 962 2255 vetat
988 2173 1142 2254 indicta
1160 2173 1374 2254 sanctione

197 2306 375 2412 poenali,
410 2331 481 2388 eos
513 2333 595 2388 non
626 2307 804 2413 attingit,
834 2307 904 2416 qui
937 2308 1183 2388 tentaverint
1213 2317 1374 2390 tantum

189 2438 352 2520 crimen
369 2448 617 2548 perpetrare,
638 2450 680 2524 at
696 2467 818 2550 opere
834 2469 916 2523 non
934 2449 1246 2524 consumamut.
1265 2441 1375 2524 Hinc

194 2571 232 2651 si
263 2572 470 2656 homicida
500 2575 895 2676 excommunicetur,
920 2601 1003 2657 non
1029 2575 1202 2658 incurrit
1226 2602 1375 2658 oonsu-

198 2729 303 2806 ram,
337 2709 406 2812 qui
437 2710 574 2790 solum
606 2711 824 2816 percussit,
860 2711 924 2791 vel
956 2710 1204 2792 vulneravit.

193 2848 197 2854 '
285 2839 367 2920 Sed
397 2841 622 2948 requiritur
652 2843 793 2944 etiem,
826 2851 874 2926 ut
903 2845 1143 2954 hujusmodi
1170 2847 1293 2956 culpa
1321 2846 1376 2930 sit

193 2997 274 3053 nec
297 2975 548 3083 praeterita,
571 3001 704 3082 neque
724 3001 836 3056 mere
849 2977 1022 3084 sutura,
1047 2981 1120 3060 sed
1140 2981 1191 3061 de
1211 2989 1376 3086 praete-

198 3105 293 3207 rito,
318 3115 360 3189 et
379 3107 518 3189 futuro
539 3108 805 3218 participans.
836 3111 939 3220 Cap.
964 3113 1010 3191 5.
1036 3109 1271 3192 decantent.
1302 3139 1377 3192 eo:-

192 3243 482 3324 communicut.
510 3246 552 3324 in
570 3248 614 3324 6.
634 3283 692 3304 ·-
710 3241 765 3322 ibi
781 3287 838 3306 --
859 3274 877 3317 ‹
899 3241 986 3324 Neo
1003 3243 1044 3322 in
1061 3243 1212 3351 speeie,
1237 3272 1312 3326 nec
1332 3245 1375 3326 in

202 3409 220 3454 ›
246 3401 395 3484 genere
414 3401 487 3482 pro
503 3375 656 3483 culpis,
671 3383 711 3458 et
727 3376 896 3456 offensis
912 3375 1156 3484 praeteritiS,
1175 3377 1238 3458 vel
1255 3404 1374 3485 prae—

201 3542 221 3586 ›
245 3509 434 3590 sentibus
460 3509 904 3591 excommunicationis
934 3510 1159 3592 sententias
1189 3513 1375 3620 promul-

149 3646 151 3652 '
200 3673 221 3719 ›
245 3651 414 3749 gent...
435 3641 617 3725 Caveant
637 3644 762 3725 etiam
780 3671 831 3724 ne
846 3644 949 3725 tales
965 3644 1190 3726 sententias
1206 3669 1374 3728 excom·

200 3807 219 3852 a
245 3775 539 3858 municationis
559 3775 648 3858 sive
670 3777 921 3886 specialiter,
956 3779 1044 3860 sive
1065 3779 1310 3886 generaliter
1330 3779 1373 3860 in

199 3909 405 4017 >aliquos
435 3937 509 4017 pro
540 3910 691 3992 futuris
722 3911 857 4020 culpis
864 3976 949 3994 .....
985 3911 1166 4019 prolerre
1192 3939 1371 4020 praesu-

199 4073 218 4120 »
243 4049 374 4141 mant,
408 4043 488 4124 nisi
518 4069 636 4126 mora
657 4045 699 4125 in
721 4045 955 4127 exhibenda
976 4044 1272 4145 satisfactione,
1309 4045 1372 4126 vel

195 4207 218 4254 >
242 4175 379 4285 culpa,
415 4205 490 4259 scu
521 4180 680 4260 offensa
712 4180 999 4288 praecesserit,
1038 4179 1190 4288 quibus
1225 4179 1372 4261 merito

199 4341 217 4386 >
243 4309 296 4392 ad
327 4310 622 4418 injungendam
643 4312 945 4394 satisfationem
966 4313 1221 4420 hujusmodi,
1244 4323 1284 4395 et
1310 4324 1374 4395 ta-

198 4443 335 4526 ›liter
375 4445 632 4554 prohibenda
666 4446 819 4528 similia
862 4425 1134 4550 inducantur,
1178 4455 1251 4528 aut
1290 4447 1373 4528 alia
