3380 5132
580 407 681 454 arana
703 407 736 455 v.
761 423 805 437 —
828 407 970 455 mrunus
992 409 1013 452 1.
1343 391 1388 458 19

205 537 353 619 hocin
386 559 485 615 casu
519 561 594 616 nec
625 559 860 642 processuS,
893 559 968 615 neo
1004 537 1209 615 sententia
1229 538 1388 618 substi-

204 683 386 770 neretur,
430 671 502 751 sed
545 669 721 750 nullitali
764 669 998 776 subjaceret
1044 670 1119 778 leg.
1163 675 1206 770 1,
1241 679 1277 750 et
1308 671 1383 753 nit.

208 807 310 888 Coct.
345 807 395 886 Si
429 831 507 884 non
540 805 791 914 competenti.
816 803 979 884 Dicitur
999 810 1137 884 autem
1168 804 1225 884 od
1246 807 1383 915 pobli-

202 969 293 1023 oom
324 939 570 1038 uindictam,
604 937 702 1046 quia
731 938 810 1017 nisi
842 938 901 1019 ita
930 964 976 1019 se
996 965 1064 1020 res
1094 937 1278 1036 haberet,
1305 941 1388 1020 sci-

201 1077 295 1156 lieet
325 1099 409 1154 non
441 1081 549 1154 esset
570 1073 620 1152 ad
653 1072 806 1153 bonum
828 1072 1059 1179 publicum,
1082 1073 1134 1153 ad
1167 1081 1381 1174 terrorem,

202 1215 242 1288 et
273 1205 510 1314 exemplum
544 1205 735 1306 aliorum,
770 1205 842 1285 sed
872 1205 1141 1287 solummodo
1178 1205 1228 1284 ad
1272 1231 1387 1286 com-

202 1343 389 1441 modum,
424 1349 464 1420 et
497 1340 719 1421 utilitatem
765 1339 892 1440 illius,
936 1341 1005 1448 qui
1054 1341 1271 1438 damnum,
1311 1350 1384 1422 aut

200 1475 393 1582 injuriam
426 1499 577 1581 passus
598 1483 675 1574 est,
700 1481 799 1553 tunc
820 1489 903 1554 non
935 1473 1038 1554 foret
1068 1472 1281 1554 accusatio
1303 1475 1381 1554 ori-

198 1608 381 1708 minaliS,
406 1609 475 1688 sed
509 1610 617 1688 notio
640 1607 800 1707 ciuilis3
820 1606 1089 1688 scitissimum
1113 1633 1211 1687 oum
1243 1607 1311 1708 sit,
1331 1608 1381 1688 de

197 1744 310 1823 omni
343 1741 488 1822 delicto
510 1743 576 1850 agi
598 1767 736 1850 posse,
771 1741 834 1821 vel
866 1741 1058 1842 ciuiliter,
1084 1742 1147 1823 vel
1182 1743 1382 1824 crimino·
1457 1818 1461 1824 .

197 1877 305 1957 litor.
326 1875 516 1956 Cicilitcr
532 1877 584 1957 ad
602 1875 814 1975 interesse,
834 1883 873 1957 et
884 1876 1150 1958 commodum
1163 1877 1379 1985 proprium

193 2007 374 2108 ActoriS,
409 2009 684 2089 criminaliter
713 2009 770 2088 od
791 2007 1016 2088 vindictam
1040 2008 1268 2118 publicam,
1303 2035 1378 2090 seu

196 2143 245 2223 ad
276 2143 431 2223 bonum
466 2167 686 2222 commune
727 2141 1012 2248 Reipublicae,
1046 2143 1167 2248 cujus
1205 2143 1380 2222 interest
1454 2137 1456 2140 ’

194 2277 367 2358 crimina
397 2275 605 2383 impunita
635 2273 746 2355 haud
778 2299 959 2355 manere.
993 2273 1173 2356 Additur
1203 2276 1377 2356 tandem

193 2409 370 2518 legitime
390 2411 532 2518 foeta,
571 2416 617 2490 ut
649 2409 859 2506 innuatur,
883 2433 975 2487 eam
996 2433 1079 2490 non
1112 2433 1376 2516 quocumque

191 2544 329 2640 modo,
352 2543 424 2622 sed
442 2543 493 2622 ad
515 2541 723 2623 tramitem
741 2541 844 2648 legis
861 2567 952 2622 esse
975 2540 1222 2624 faciendam.
1245 2543 1375 2622 Porro

190 2681 239 2753 ut
269 2675 319 2752 ad
351 2674 559 2753 tramitem
591 2674 696 2781 legis
718 2675 804 2773 fiat,
829 2675 969 2783 plures
990 2674 1257 2782 requiruntur
1278 2701 1374 2755 oon·

189 2808 383 2909 ditioneS,
404 2834 510 2915 quae
529 2809 582 2890 ad
605 2809 726 2889 binas
741 2815 903 2890 tantum
924 2809 1177 2908 reducimuS,
1201 2805 1372 2890 scilicet:

274 2941 428 3023 Primo
460 2942 662 3024 conditio.
696 2943 830 3023 Debet
869 2941 1078 3024 accusatio
1118 2941 1292 3049 proponi
1334 2943 1375 3022 in

187 3077 367 3184 scriptia,
403 3076 568 3182 (saltem
611 3077 655 3154 in
697 3076 946 3157 criminibus
991 3074 1270 3181 gravioribus)
1303 3101 1378 3181 per

187 3209 372 3290 libellum
396 3213 475 3290 rito
485 3211 743 3318 formatum,
762 3209 1029 3318 exprimendo
1041 3235 1184 3289 nomen
1194 3207 1369 3315 jndicio,

188 3344 298 3450 apud
329 3369 452 3450 quem
483 3343 529 3423 fit
562 3343 792 3444 accusatio,
825 3350 872 3423 ut
902 3341 1096 3448 cognosci
1128 3342 1276 3440 valeat,
1319 3369 1371 3424 an

188 3476 242 3556 sit
271 3485 523 3584 competens,
559 3501 708 3556 nomen
743 3475 1071 3575 accusatoriam
1101 3477 1299 3576 coenanti,
1326 3487 1374 3558 ut

188 3617 397 3716 appareat,
423 3634 475 3689 an
506 3609 589 3690 sint
618 3607 738 3710 tales,
765 3616 810 3690 ut
841 3634 1054 3707 accusare,
1087 3607 1151 3689 vol
1183 3611 1368 3692 accusari

185 3741 363 3842 valeant,
397 3743 567 3854 speciem
599 3741 756 3843 delicti,
791 3741 890 3850 quia
921 3740 1130 3824 accusatio
1160 3740 1296 3821 delicti
1328 3741 1369 3819 in

183 3901 348 3981 genere,
368 3877 477 3956 siout
508 3875 674 3984 probari
707 3903 790 3958 non
822 3885 976 3985 potest,
1000 3875 1057 3956 ita
1088 3874 1256 3956 omnino
1278 3875 1372 3981 reji-

183 4010 327 4090 cienda
359 4019 447 4111 est3
472 4035 547 4090 nec
578 4020 717 4118 posset
734 4010 864 4117 judex
891 4011 1074 4090 debitam
1105 4031 1279 4114 poenam
1301 4032 1372 4086 ae-

182 4141 369 4244 stimare,
389 4144 468 4224 nisi
491 4142 688 4226 delictum
710 4143 1083 4225 determinaretur:
1105 4140 1253 4241 locum,
1273 4139 1370 4248 quia

182 4275 363 4384 alioquin
395 4277 556 4358 deesset
586 4303 655 4358 reo
677 4277 856 4358 facultas
879 4301 974 4357 sese
996 4272 1255 4374 defendendi,
1274 4297 1371 4380 pro-

183 4409 319 4491 bando
350 4411 585 4518 negativam
607 4413 742 4519 quoad
764 4410 889 4492 talem
911 4409 1066 4510 locum,
1091 4416 1132 4490 et
1158 4407 1218 4490 sic
1238 4413 1368 4488 testes
