3356 5118
506 389 606 438 mun
629 391 658 434 v.
689 405 731 420 -
756 391 1038 442 r1runnsxmx.
1297 369 1366 436 375

174 513 280 596 dum
298 541 388 596 esse
405 515 572 596 tradunt
595 513 702 596 inter
724 541 945 616 censuram
967 514 1092 597 latam
1115 514 1360 608 abdomine,

174 655 219 729 et
240 647 344 728 inter
365 673 602 750 censuram,
627 674 733 755 quae
761 646 901 753 ajuro
932 645 1015 726 lata
1046 655 1122 728 est.
1155 650 1262 728 Inter
1292 673 1363 728 eas

174 788 319 864 autem
350 781 457 863 latas
487 782 538 862 ab
561 780 742 881 homine,
765 781 917 862 iterum
938 781 1364 887 subdistinguendum

173 915 326 998 docent
365 915 470 998 inter
503 909 582 997 ¹eas
621 917 857 1027 specialiter
897 914 1019 1016 latas,
1057 922 1097 996 et
1137 939 1225 1014 eaS,
1259 939 1364 1022 quae

172 1050 426 1158 generaliter
455 1050 561 1134 latae
592 1057 705 1134 sunt.
743 1052 778 1130 A
801 1049 994 1132 censuris
1015 1048 1247 1156 specialiter
1268 1047 1363 1129 latis

175 1183 231 1262 ab
262 1183 423 1266 homirw
455 1183 614 1286 dicunt,
650 1184 767 1266 illum
801 1192 963 1266 tanturn
987 1183 1200 1264 absolvere
1220 1208 1358 1290 posse,

176 1315 251 1424 qui
282 1344 354 1398 eas
385 1318 493 1419 tulit,
527 1318 617 1425 ejus
648 1343 887 1416 successor,
921 1316 1135 1424 Superior,
1159 1315 1224 1398 vel
1253 1316 1363 1398 dele-

177 1458 323 1558 gatuS,
343 1459 383 1534 et
403 1451 689 1552 nullusaliuS,
715 1451 774 1532 uti
798 1462 890 1558 post
917 1451 961 1532 S.
988 1449 1138 1532 Thom.
1162 1454 1204 1532 in
1225 1449 1359 1532 addit.

172 1613 224 1694 p.
260 1589 381 1694 3,.q.
415 1589 494 1679 24,
528 1594 612 1668 art.
651 1591 693 1678 1,
728 1586 772 1666 S.
807 1585 967 1666 Bonav.
1004 1587 1046 1666 in
1079 1588 1124 1678 4,
1154 1584 1250 1665 dist.
1285 1586 1358 1676 18,

177 1716 391 1824 colligitur
411 1745 466 1800 ecc
496 1719 602 1802 Can.
632 1720 808 1802 Verbum
841 1721 895 1800 51
929 1721 978 1800 cle
998 1719 1163 1801 Poenit.
1189 1717 1286 1799 dist.
1315 1723 1358 1812 1,

183 1850 293 1960 Cup.
319 1851 560 1936 Pastoralis
584 1858 658 1946 11,
684 1859 710 1958 ἓ
732 1854 963 1935 Praeterea
984 1853 1033 1934 olc
1057 1855 1178 1963 Offic.
1208 1851 1359 1934 crota.

177 1991 222 2066 et
243 1985 352 2068 lavet
382 1989 525 2097 recula
544 1989 661 2094 juris
696 1995 740 2087 1,
772 2041 825 2054 -
847 1989 902 2070 ibi
938 2040 983 2050 —
1021 1989 1163 2068 Omnis
1195 2013 1258 2068 res
1283 2011 1363 2096 per

177 2146 453 2230 quascumque
474 2149 619 2204 causas
641 2125 827 2204 nascitur
836 2121 1087 2233 pereosdem
1104 2119 1356 2202 dissolvitur.

178 2252 261 2334 Cui
292 2255 471 2337 concinit
492 2257 620 2336 altera
641 2283 725 2366 rep.
749 2258 866 2363 juris
888 2259 948 2338 35
971 2257 1030 2362 ff.
1055 2307 1107 2318 -
1130 2253 1184 2334 ibi
1206 2299 1260 2314 -
1278 2251 1362 2336 Ni-

178 2384 245 2468 hr'l
274 2394 410 2469 tumen
439 2390 634 2471 naturale
664 2398 737 2484 est,
772 2417 896 2498 quam
917 2417 962 2470 eo
977 2415 1121 2499 penore
1137 2387 1361 2497 quidquam

177 2517 416 2624 dissolvere,
450 2551 528 2632 quo
560 2525 798 2634 colligatum
829 2533 900 2606 est.

268 2655 393 2762 quue
414 2655 575 2737 etiarnsi
599 2685 695 2738 reus
712 2657 968 2738 domicilium
985 2664 1132 2757 mutet,
1152 2655 1249 2764 quia
1270 2680 1362 2734 mu-

178 2784 335 2867 tatione
366 2787 561 2870 domicilii
587 2789 876 2896 subterfugere
914 2817 999 2872 non
1030 2797 1165 2898 potest
1190 2785 1361 2896 jurisdi-

179 2919 361 3000 ctionem
378 2921 561 3002 auoto'ris
577 2948 792 3003 censurae.
807 2925 893 3004 Irno
911 2924 1071 3004 absolvi
1089 2923 1226 3005 adhuc
1241 2921 1362 3004 debet

181 3079 210 3132 a
231 3053 384 3136 ferente
405 3081 640 3154 censuram,
658 3055 821 3136 etiarnsi
844 3056 1158 3164 appellationem
1182 3057 1363 3160 interpo-

182 3189 329 3288 suerit,
344 3189 569 3270 dummodo
588 3189 710 3292 fuerit
721 3189 850 3296 judex
867 3189 1120 3270 ordinarius.
1141 3185 1264 3268 Ratio
1282 3193 1360 3288 est,

182 3323 284 3430 quia
314 3350 387 3430 per
407 3324 722 3431 appellationem
750 3323 1034 3430 interpositam
1063 3323 1193 3430 judex
1224 3348 1251 3400 α
1282 3349 1360 3428 quo

183 3483 267 3537 non
300 3457 484 3564 privatur
500 3457 784 3566 jurisdictione
805 3457 942 3565 quoad
964 3483 1027 3556 ea,
1053 3481 1158 3564 quae
1180 3453 1363 3561 appella-

182 3589 286 3670 tioni
308 3617 390 3670 non
412 3591 600 3692 obstant,
635 3591 749 3698 atqui
781 3589 988 3671 absolutio
1010 3615 1034 3670 a
1055 3587 1242 3670 censuris
1279 3611 1362 3667 non

181 3724 337 3825 obstat,
360 3729 432 3806 sed
455 3727 538 3806 imo
562 3726 669 3806 lavet
685 3724 965 3832 appellationi,
985 3751 1083 3806 cunrw
1103 3723 1173 3824 sit,
1192 3722 1232 3802 id
1250 3721 1360 3830 quod

184 3885 258 3965 per
294 3859 610 3966 appellationem
642 3860 883 3942 intenditur.
919 3859 1016 3940 Dixi
1048 3857 1265 3940 dummodo
1287 3857 1365 3962 ju-

185 3989 270 4071 deo
290 3993 343 4072 sit
365 3991 621 4086 ordinarius,
647 4019 744 4072 nam
765 3993 994 4100 delegatuS,
1019 3991 1095 4073 etsi
1116 3991 1248 4098 possit
1268 3997 1364 4070 ante

184 4126 414 4208 admissam
431 4127 767 4236 appellationem,
790 4153 839 4208 ea
855 4135 992 4210 tamen
1010 4133 1198 4234 excepta,
1222 4132 1261 4206 et
1276 4151 1365 4205 am-

185 4259 310 4367 plexa
326 4260 630 4343 absolutionem
653 4261 890 4369 impendere
912 4260 1068 4368 nequit,
1092 4258 1190 4367 quia
1209 4284 1257 4340 eo
1274 4257 1364 4366 ipso
