3342 5126
505 469 606 516 mun
629 471 659 515 v.
685 487 728 500 --
752 469 891 517 omanus
914 471 995 516 xxn.
1103 500 1105 506 .
1291 453 1358 520 295

176 593 245 692 lia,
283 599 486 702 quatenus
516 596 700 702 sortilegi
722 596 811 676 sine
832 596 919 677 ulla
940 595 1103 702 urgenti
1130 623 1259 679 causa
1280 599 1356 681 Dei

177 728 477 837 providentiam
517 727 630 810 hisce
671 731 853 812 sortibus
895 730 1065 836 alligare
1107 731 1247 814 velint.
1283 737 1358 816 Li-

175 866 279 944 milo
309 869 448 944 lamen
476 861 558 943 nisi
590 871 722 944 sortes
754 864 857 945 istae
893 889 946 944 ex
991 863 1160 971 speciali
1206 866 1356 950 Divino

175 994 370 1076 instinctu
389 995 663 1078 adhibeantur
674 998 793 1105 juxta
809 997 1046 1106 exemplum
1058 999 1353 1106 Apostolorum

175 1129 217 1208 in
250 1129 444 1216 electione
473 1130 517 1211 S.
553 1131 750 1212 Mathiae.

263 1263 403 1343 Sortes
434 1263 609 1372 denique
640 1264 918 1346 divinatoriae
963 1263 1145 1370 graviter
1189 1267 1352 1349 illicitae

173 1404 286 1497 sunl,
320 1423 401 1477 non
433 1404 594 1479 lantum
625 1399 790 1506 quando
811 1399 915 1478 liunt
936 1423 1010 1504 per
1030 1424 1271 1506 expressam
1294 1401 1357 1480 in·
1477 1443 1480 1448 ·

173 1529 430 1612 vocationem
462 1533 692 1633 daemonis,
726 1532 797 1612 sed
819 1531 941 1612 eliam
965 1558 1037 1640 per
1058 1532 1197 1632 verba,
1222 1535 1350 1641 scrip-

172 1671 325 1764 turam,
358 1673 430 1745 aul
461 1665 542 1745 alia
572 1665 694 1772 signa
723 1665 880 1746 nullam
916 1665 1215 1744 connexionem
1256 1691 1349 1747 cum

172 1821 217 1875 re
248 1797 424 1897 occulta,
459 1804 498 1877 et
528 1807 676 1878 eventu
709 1797 847 1878 luluro
876 1796 1081 1877 habentia.
1112 1799 1217 1878 Con.
1243 1805 1289 1899 6,
1313 1783 1350 1879 cl

170 1954 331 2036 sequen.
367 1931 441 2022 26,
475 1937 629 2038 quaest.
665 1932 709 2030 5,
744 1938 781 2010 el
813 1957 904 2040 cop.
940 1933 979 2022 1,
1016 1930 1056 2012 li.
1093 1939 1122 2012 l.
1169 1930 1277 2012 Nam
1309 1932 1349 2012 in

171 2064 354 2144 sortibus
385 2063 475 2145 islis
506 2064 652 2145 sallem
683 2064 805 2145 tacite
836 2065 1012 2144 daemon
1053 2065 1203 2171 colitur
1246 2073 1353 2147 lam-

172 2195 298 2304 quain
329 2197 458 2296 DeuS,
484 2205 523 2277 et
543 2198 745 2278 revelator
774 2197 1046 2278 occultorum.

558 2519 794 2601 TITULUS
826 2519 961 2601 XXII.

465 2763 530 2842 De
559 2761 778 2841 collusione
807 2760 1043 2870 deleoeada

256 3000 360 3082 Cum
401 3009 441 3081 cl
480 2979 721 3081 collusionis
757 2999 912 3079 crimen
944 2998 1064 3081 affine
1094 3001 1149 3083 sil
1180 3004 1345 3086 crimini

168 3133 276 3236 falsi,
310 3161 357 3215 eo
388 3135 497 3242 quod
528 3133 749 3214 falsitatem
781 3131 962 3240 aliquam
994 3132 1035 3212 in
1066 3160 1112 3214 se
1142 3137 1340 3237 continet,

166 3275 206 3348 el
237 3267 328 3348 falsi
360 3266 539 3375 speciem
570 3265 720 3368 habcl;
744 3265 950 3346 colludere
971 3265 1088 3346 enim
1111 3265 1262 3374 injure
1283 3269 1345 3351 di-

165 3402 287 3502 citur,
322 3401 391 3509 qui
424 3399 536 3480 aliud
567 3400 666 3507 agit,
702 3407 742 3482 et
772 3401 883 3481 aliud
915 3399 1099 3501 simulat,
1134 3401 1230 3482 hinc
1260 3429 1341 3483 non

165 3533 370 3616 immerito
401 3562 426 3615 a
456 3535 505 3615 B.
542 3533 790 3644 Raymundo
821 3561 1020 3644 praesens
1053 3533 1200 3616 titulus
1226 3560 1347 3642 prae·

165 3668 406 3750 cedentibus
437 3667 641 3776 adjicitur.
1294 3759 1297 3766 ,
1387 3769 1389 3775 y

252 3801 477 3894 Quaeritur
507 3803 645 3911 itaque
677 3801 774 3910 quid
805 3801 858 3883 sil
879 3801 1065 3900 collusio,
1093 3803 1199 3882 inter
1220 3828 1340 3909 quos,

164 3935 378 4042 atquibus
400 3937 442 4016 in
463 3936 602 4018 causis
633 3936 833 4017 committi
856 3936 1001 4044 possit.
1027 3933 1212 4014 Collusio
1235 3959 1345 4016 com·

162 4070 345 4151 munitor
385 4070 577 4152 definitur
615 4115 674 4133 -
704 4071 833 4152 latens
865 4077 903 4150 el
932 4067 1213 4179 fraudolenta
1253 4093 1346 4148 con-

162 4205 294 4284 centio
337 4207 442 4286 inler
483 4211 678 4303 ociorem,
725 4211 762 4285 el
802 4229 916 4285 reum
958 4204 1001 4282 in
1035 4200 1347 4312 praejudicium
1436 4203 1439 4210 '

149 4337 361 4444 justitiae,
403 4339 466 4420 ael
497 4341 603 4418 inter
638 4337 886 4447 defensores,
920 4362 990 4418 sca
1013 4343 1215 4447 patronos
1246 4361 1344 4418 caa-

161 4497 247 4555 sae.
283 4473 377 4581 Ipsa
407 4471 627 4582 praecipue
653 4471 791 4552 locum
812 4469 935 4552 habet
958 4474 1000 4551 in
1021 4470 1159 4552 causis
1180 4468 1341 4550 benefi-
