3136 5138
302 384 347 450 92
591 393 883 448 rnaucucrronus
905 393 999 445 mars
1023 392 1192 456 cruorum

311 523 455 608 sistere
486 521 632 606 valide.
667 509 754 605 Nec
793 521 955 604 videtur
988 519 1255 629 praeferenda
1289 518 1474 606 Sanchez

310 656 526 758 sententia,
559 656 628 764 qui
656 662 771 764 putat
790 679 995 764 quemque
1014 652 1241 762 parochum
1262 679 1383 761 posse
1403 679 1476 734 va-

308 816 459 899 gorum
488 788 749 872 matrimonio
780 790 924 870 adesse
954 786 1031 868 etsi
1071 787 1113 868 in
1133 785 1243 894 'ejus
1282 785 1477 894 parochia

307 933 404 1006 actu
435 951 516 1006 non
545 932 864 1008 commorentur.
899 921 1098 1030 Proprius
1133 947 1230 1004 vero
1269 920 1476 1029 parochus

307 1056 457 1140 dicitur
487 1056 568 1156 ille,
602 1055 645 1136 in
675 1056 794 1164 cujus
824 1053 1018 1162 parochia
1046 1053 1140 1162 quis
1160 1053 1477 1150 habetdomici·

309 1190 425 1289 lium,
461 1214 544 1269 non
574 1214 671 1270 vero
700 1188 907 1297 parochus
936 1187 1123 1296 originis,
1165 1195 1288 1295 prout
1322 1187 1478 1294 pluries

307 1320 454 1403 decisit
484 1321 528 1402 S.
555 1320 723 1403 Conc'ilii
745 1320 1032 1428 Congregatio‚
1056 1319 1358 1428 praesertimin
1378 1322 1479 1402 Mu-

310 1455 457 1534 tinensi
485 1455 749 1536 Matrimonii
778 1453 863 1534 dici
896 1457 946 1534 18
967 1451 1187 1536 Nouembr.
1217 1454 1342 1536 1701.
1371 1453 1478 1546 Quis

309 1588 363 1670 sit
392 1587 598 1696 parochus
628 1587 823 1670 domicilii
842 1587 984 1670 statim
1005 1587 1258 1694 intelligitur,
1282 1612 1379 1668 cum
1406 1587 1478 1668 do-

310 1723 509 1806 micilium
553 1723 646 1833 quis
691 1723 748 1805 ibi
788 1723 955 1810 habere.
978 1722 1163 1824 dicatur,
1206 1721 1278 1804 ubi
1319 1722 1478 1804 habitat

308 1883 405 1939 cum
436 1857 645 1938 voluntate
675 1881 724 1938 eo
754 1855 843 1938 loco
864 1862 1059 1964 perpetuo
1080 1853 1286 1938 manendi.
1307 1855 1476 1937 Etcum

303 1991 398 2098 jure
428 1989 624 2070 canonico
654 1988 748 2096 quis
777 1987 907 2096 possit
936 1986 1155 2096 plusquam
1185 2013 1317 2068 uuum
1345 1987 1480 2070 domi-

308 2121 452 2203 cilium
469 2147 610 2202 verum
628 2120 779 2202 habere
796 2119 1073 2222 habitationis
1092 2119 1188 2202 hinc
1203 2145 1342 2202 coram
1364 2127 1480 2202 utro·

312 2255 411 2336 libet
439 2253 617 2362 parocho
648 2253 955 2335 matrimonium
986 2251 1217 2334 indistincte
1237 2251 1478 2336 contraham

312 2387 433 2488 valet,
463 2413 537 2468 ceu
559 2387 832 2469 communiter
851 2393 1019 2468 censent
1039 2387 1236 2468 Doctores
1255 2411 1351 2468 cum
1372 2385 1481 2467 San·

309 2519 409 2602 chez
441 2523 505 2602 Dc
524 2522 704 2602 matrim.
731 2521 801 2601 lib.
828 2523 853 2601 3
875 2519 970 2602 dist.
996 2523 1052 2602 24
1072 2547 1182 2602 num.
1208 2523 1234 2600 2
1256 2546 1309 2600 ex
1329 2547 1422 2630 cap.
1451 2522 1478 2599 2

309 2653 361 2734 cle
388 2654 532 2766 sepult.
569 2656 610 2735 in
646 2655 718 2754 VI,
752 2653 911 2736 etiarnsi
949 2653 1257 2736 convenientius
1296 2653 1351 2734 sit
1390 2678 1482 2734 ma-

311 2787 550 2870 trimonium
580 2788 664 2869 lieri
697 2813 836 2870 coram
866 2813 914 2869 co
945 2787 1124 2896 parocho
1163 2787 1205 2868 in
1244 2785 1364 2894 cujus
1404 2813 1481 2894 pa-

310 2921 450 3003 rochia
463 2921 556 3030 quis
577 2922 687 3029 degit
703 2931 883 3031 tempore
899 2921 1184 3006 celebrationis
1206 2919 1474 3002 matrimonii.

313 3057 369 3138 At
399 3055 585 3164 quaestio
616 3056 724 3164 apud
765 3055 964 3138 Doctores
1004 3061 1067 3136 est
1106 3054 1216 3135 circa
1254 3051 1482 3162 parochum

310 3189 429 3299 quasi
460 3189 668 3290 domicilii,
702 3217 798 3272 cum
829 3188 1068 3296 praesertim
1098 3187 1234 3297 quoad
1268 3185 1483 3268 matrimo-

314 3324 429 3406 nium
460 3323 538 3434 ipsi
561 3351 642 3405 non
664 3323 908 3406 conveniant
928 3321 971 3402 in
991 3330 1189 3430 conceptu
1210 3319 1485 3431 quasi-domi-

312 3457 410 3540 cilii.
456 3457 590 3565 Major
628 3459 859 3540 Auctorum
904 3483 1103 3540 numerus
1146 3455 1482 3564 quasi-domicilii

311 3600 565 3699 sequentem.
581 3593 650 3672 dat
680 3591 970 3675 definitionem:
1008 3589 1246 3674 ‹habitatio
1277 3590 1319 3672 in
1341 3590 1481 3698 aliquo

316 3723 403 3806 loco
442 3749 538 3806 oum
579 3722 803 3806 intentione
845 3724 902 3804 ibi
942 3723 1133 3807 manendi
1174 3741 1245 3831 per
1283 3721 1483 3830 majorem

314 3856 410 3940 anni
442 3865 614 3965 partem,
647 3865 720 3939 aut
740 3858 886 3940 saltem
907 3885 981 3967 per
999 3866 1211 3940 semestre.
1235 3889 1254 3932 ›
1279 3857 1398 3940 Hanc
1418 3883 1486 3939 rc-

315 3989 443 4073 linent
464 3988 571 4071 inter
589 3997 773 4072 caeteros
793 3991 996 4074 Gonzalez
1018 3989 1059 4072 in
1082 4017 1171 4101 cup.
1198 3991 1224 4071 3
1245 3989 1286 4070 h.
1312 3997 1341 4070 t.
1367 3989 1484 4075 Reis-

317 4121 491 4204 seustuel
512 4119 553 4203 h.
573 4131 602 4203 t.
622 4150 731 4204 num.
757 4125 829 4225 60,
853 4121 1222 4231 Schmalzgrueber
1240 4149 1350 4204 uum.
1381 4125 1478 4222 150,

317 4253 488 4364 Pirhing
517 4283 559 4337 n.
590 4259 656 4355 19,
690 4255 853 4339 Piehler
883 4285 992 4340 curn.
1023 4259 1090 4356 18,
1123 4255 1245 4362 Ergcl
1275 4283 1384 4338 manc.
1410 4258 1478 4354 12,

316 4387 501 4471 Sanchez
531 4389 581 4470 cle
610 4391 792 4494 matrim.
828 4390 896 4471 lib.
934 4393 958 4472 3
989 4388 1138 4502 disput.
1174 4392 1229 4469 23
1260 4417 1369 4471 amn.
1410 4391 1477 4485 12,
