3386 5126
569 451 669 498 amna
691 452 723 498 v.
748 468 791 480 —
814 452 953 499 cunnus
974 453 1045 498 r111.
1321 434 1387 500 205

214 581 460 661 Sanctorum
483 579 831 680 communionem,
856 579 1129 661 auricularem
1162 581 1386 662 consessio-

213 740 322 814 nem,
343 719 382 794 et
402 713 655 820 hujusmodi.
678 712 821 795 Hicin
844 713 913 793 tali
936 738 1036 794 casu
1058 721 1120 794 est
1151 713 1387 795 schismati-

214 875 288 929 cus
311 875 391 928 non
415 875 560 956 purus,
585 875 660 928 seu
693 847 864 948 mixtus,
889 847 1079 955 quamvis
1111 847 1214 928 alios
1236 849 1388 929 articu-

213 982 276 1063 los
309 983 399 1065 fidei
432 983 584 1083 credat,
610 989 649 1063 et
679 983 890 1090 approbet.
924 983 995 1062 Sic
1026 983 1068 1062 in
1091 1007 1136 1062 re
1166 983 1386 1062 communis

213 1117 452 1198 Doctorum.

300 1251 401 1330 Post
416 1249 517 1331 haec
533 1251 616 1331 duo
631 1249 699 1333 hic
716 1251 965 1332 advertenda
979 1257 1217 1350 occurrunt,
1238 1252 1387 1333 l.⁰sci-

213 1383 306 1465 licet
327 1385 437 1492 quod
476 1385 696 1488 ordinarie,
721 1393 761 1467 et
781 1385 958 1494 practice
979 1385 1182 1492 loquendo
1205 1384 1274 1465 viu
1297 1411 1388 1466 um·

213 1543 337 1626 quam
355 1517 507 1600 nostris
527 1520 769 1627 praesertim
792 1519 1047 1626 temporibus
1070 1518 1192 1600 datur
1207 1519 1386 1629 amplius

213 1650 394 1732 schisma
417 1679 587 1763 purum,
621 1679 696 1733 seu
727 1653 816 1733 sine
850 1652 1025 1734 haeresi.
1056 1652 1246 1734 Schisma
1277 1653 1385 1734 enim

213 1783 306 1866 licet
336 1784 377 1864 in
409 1813 487 1867 suo
518 1785 718 1895 principio
751 1813 833 1867 non
868 1785 1019 1867 habeat
1053 1813 1292 1895 perversum
1318 1789 1388 1868 Fi-

214 1917 276 1998 dei
309 1919 475 2026 dogma,
509 1919 617 2000 sicut
638 1920 848 2022 Haeresis,
873 1919 915 2000 in
945 1921 1027 2002 line
1058 1928 1195 2003 tamen
1225 1919 1387 2003 nullum

214 2050 397 2131 schisma
437 2053 617 2132 estsine
657 2053 832 2152 haeresi,
869 2081 944 2134 ceu
977 2055 1193 2136 manifeste
1229 2057 1388 2137 eruitur

214 2209 265 2262 ex
282 2183 420 2263 verbis
442 2183 487 2264 S.
508 2183 749 2291 Hieronymi
768 2185 811 2262 in
837 2188 938 2294 Cup.
958 2187 1070 2267 Inter
1086 2186 1289 2267 haeresim
1305 2193 1383 2280 26,

214 2343 326 2398 caus.
372 2319 450 2412 24,
485 2323 640 2425 quaest.
686 2319 730 2410 4,
764 2318 977 2397 -ibi-
1002 2318 1147 2400 <Inter
1181 2319 1386 2401 haeresim

218 2483 236 2526 »
258 2459 297 2532 et
327 2449 510 2532 schisma
540 2450 618 2531 hoc
649 2450 845 2532 interesse
867 2451 1131 2551 arbitramur,
1158 2455 1266 2560 quod
1288 2454 1387 2536 hae-

218 2585 360 2664 »resis
381 2611 624 2692 perversum
647 2585 797 2692 dogma
832 2585 997 2688 habeat,
1021 2587 1203 2668 schisma
1222 2597 1387 2696 propter

219 2717 543 2825 »Episcopalem
583 2718 879 2800 dissensionem
923 2720 974 2800 ab
1015 2721 1201 2803 Ecclesia
1236 2723 1387 2832 pariter
1426 2761 1428 2764 ·

220 2859 436 2958 »separat
474 2851 593 2943 Quod
635 2853 801 2960 quidem
844 2854 885 2933 in
926 2855 1125 2963 principio
1166 2856 1305 2966 aliqua
1335 2884 1386 2938 ex

218 2993 375 3093 »parte
406 2985 577 3092 intelligi
610 2993 757 3094 potest.
784 2985 1001 3068 Caeterum
1024 2989 1184 3069 nullum
1206 2991 1388 3072 schisma

218 3145 338 3197 »non
371 3117 551 3226 aliquam
584 3118 659 3199 sibi
677 3118 873 3226 confingit
893 3119 1113 3222 haeresim,
1137 3131 1184 3204 ut
1204 3129 1312 3203 recte
1335 3122 1386 3202 ab

219 3248 443 3330 »Ecclesia
482 3251 703 3331 recessisse
743 3251 998 3332 videatur».
1033 3253 1095 3334 2.⁰
1126 3253 1286 3334 Pariter
1320 3253 1387 3336 hic

214 3383 509 3464 advertendum
542 3391 618 3484 est,
653 3385 761 3492 quod
792 3411 875 3465 non
905 3385 1039 3465 omnis
1072 3413 1277 3486 recessus,
1311 3415 1386 3466 seu
1479 3384 1480 3388 ‘

214 3517 421 3625 separatio
443 3544 467 3597 a
488 3518 603 3625 Papa
624 3525 686 3599 est
706 3517 902 3619 schisma,
927 3519 999 3600 sed
1021 3518 1157 3600 solum
1179 3545 1383 3622 recessuS,

213 3658 253 3732 et
284 3651 488 3759 separatio
520 3653 571 3732 ab
605 3652 694 3760 ipso
725 3659 936 3760 tamquam
978 3653 1202 3735 aVioario
1236 3653 1386 3735 Christi

111 3783 118 3796 ’
213 3786 255 3865 in
296 3787 430 3887 terris,
464 3793 503 3868 et
535 3785 676 3894 Capite
719 3786 943 3868 formaliter
989 3787 1114 3869 totius
1159 3787 1381 3869 Ecclesiae.

216 3917 333 3999 Unde
373 3927 481 4000 recte
513 3918 767 4026 intelligitur,
804 3920 919 4002 illum
956 3919 1265 4026 schismaticum
1306 3946 1386 3999 non

218 4077 327 4154 esse,
361 4051 430 4159 qui
463 4051 697 4134 Romanum
729 4053 971 4135 Pontificem
1003 4063 1215 4162 tamquam
1237 4051 1387 4142 Christi

214 4187 428 4269 Vicarium
461 4189 502 4268 in
534 4187 669 4291 terriS,
704 4195 744 4270 et
766 4189 902 4297 Caput
932 4189 1156 4271 formaliter
1181 4188 1388 4271 Ecclesiae

213 4321 484 4428 recognoscit,
499 4321 617 4430 eique
639 4349 721 4430 qua
738 4321 964 4403 formaliter
984 4322 1170 4404 Pontifici
1194 4323 1388 4405 obedien-

216 4453 313 4534 tiam
332 4465 532 4563 praestat3
551 4457 621 4537 sed
639 4483 721 4537 non
739 4457 826 4538 vult
842 4457 959 4538 illum
974 4483 1266 4566 recognoscere
1282 4465 1388 4539 tam·
