3264 5146
494 432 601 484 maun
623 433 668 482 ιν.
696 450 715 466 -
738 433 877 487 arnonus
899 435 933 486 11.
1261 424 1305 487 83

127 567 255 666 prout
295 558 418 642 habet
449 559 646 642 Nicolaus
676 562 692 640 Ι
722 588 813 672 cup.
848 563 946 644 212.
981 571 1030 666 t.,
1065 572 1104 645 et
1134 565 1183 646 de
1219 563 1297 645 hac

124 692 371 775 difficultate
415 695 693 777 concessionis
737 696 996 804 explicantur
1033 697 1158 779 verba
1197 699 1297 780 Gre-

124 825 234 932 gorii
264 825 358 904 XIII
387 827 576 934 negantis
610 854 731 936 posse
762 829 911 909 Sedem
941 829 1223 937 Apostolicam
1254 831 1294 912 in

126 958 207 1040 hoc
228 959 483 1068 dispensare.
508 961 585 1042 His
601 989 696 1042 vero
713 961 773 1044 sic
789 962 1053 1071 dispensatis
1074 972 1294 1071 antequam

115 1091 212 1200 sint
242 1095 294 1172 ad
324 1094 516 1202 copulam
546 1101 745 1203 potentes
779 1122 861 1178 non
897 1097 1146 1204 permittitur
1174 1096 1296 1179 coha-

126 1227 274 1309 bitatio
304 1235 471 1336 propter
490 1229 717 1336 periculum
749 1230 1078 1315 incontinentiae.
1099 1232 1197 1311 -Ex
1219 1231 1297 1312 im-

126 1359 364 1466 pedimento
395 1361 539 1442 aetatis
570 1362 630 1443 sic
652 1363 920 1445 determinato
950 1364 1136 1472 sequitur
1155 1365 1297 1448 matri-

126 1494 314 1574 monium
347 1503 603 1578 contractum
634 1497 685 1576 ab
717 1523 780 1597 ec,
805 1497 874 1605 qui
904 1523 1037 1578 ‘annos
1068 1499 1295 1606 pubertatis

120 1631 320 1730 excessit,
355 1655 446 1710 esse
467 1630 665 1722 validum,
690 1630 766 1712 etsi
787 1631 971 1712 nondum
1001 1658 1095 1713 cum
1118 1631 1297 1714 foemina

121 1765 347 1846 carnaliter
386 1765 642 1846 commisceri
672 1765 821 1867 valeat,
859 1793 956 1847 cum
992 1767 1062 1873 jus
1104 1766 1296 1848 ecclesia-

123 1899 279 1980 sticum
310 1906 485 1980 aetatem
516 1899 787 2000 constituerit,
811 1927 936 2008 quam
957 1901 993 1981 is
1010 1901 1097 2010 jam
1123 1901 1294 2008 adeptus

124 2039 205 2132 est,
229 2041 270 2112 et
291 2031 465 2113 actualis
495 2033 677 2140 potentia
696 2035 748 2114 ad
770 2034 1020 2116 validitatem
1041 2033 1293 2116 matrimonii

118 2165 217 2272 jure
249 2165 427 2247 naturali
458 2193 540 2248 non
570 2167 816 2277 requiratur.

250 2299 309 2378 6.ο
339 2298 403 2378 Ex
434 2325 525 2410 cop.
560 2300 635 2394 ult.
670 2300 711 2382 b.
737 2309 767 2380 t.
801 2309 840 2381 et
871 2327 921 2380 ex
944 2327 1034 2410 cap.
1060 2299 1167 2379 unic.
1193 2299 1207 2376 l
1227 2361 1234 2378 .
1261 2307 1289 2378 1.

124 2433 172 2510 in
199 2432 262 2512 VI
277 2429 486 2538 receptum
517 2442 618 2534 erat,
643 2441 689 2514 ut
709 2433 745 2514 si
767 2433 872 2515 inter
892 2433 1129 2542 impuberes
1149 2432 1295 2512 fuisset

125 2563 279 2644 initum
309 2565 615 2658 matrimonium
648 2567 697 2647 de
719 2567 938 2674 praesenti,
963 2566 998 2646 si
1019 2565 1097 2648 hoc
1123 2593 1202 2646 non
1225 2592 1297 2645 va-

126 2696 240 2778 lebat
268 2697 425 2778 ratione
456 2698 652 2806 conjugii,
686 2700 874 2780 obstante
905 2699 1195 2807 impedimento
1226 2725 1296 2779 ae-

123 2831 255 2944 tatis,
275 2831 429 2913 valeret
458 2842 595 2914 tamen
626 2841 672 2915 ut
701 2834 912 2942 sponsalia
932 2835 981 2915 de
1003 2833 1157 2935 futuro,
1182 2833 1298 2914 invo-

125 2973 224 3046 cato
255 2963 469 3073 principio:
508 2973 665 3047 «actus
695 2967 816 3068 valet,
840 2975 886 3048 ut
906 2975 1040 3075 potest
1060 2966 1193 3048 velere
1215 2992 1298 3046 non

126 3096 242 3177 sicut
271 3099 464 3204 agitur.»
498 3099 541 3180 Id
572 3101 696 3180 ctiam
728 3100 863 3180 valere
893 3107 985 3208 post
1009 3097 1297 3180 Tridentinum

124 3227 363 3311 Concilium
393 3257 441 3312 eo
471 3257 571 3312 casu
602 3259 683 3339 quo
714 3231 949 3340 impuberes
990 3229 1299 3312 matrimonium

127 3363 384 3444 clandestine
415 3363 661 3446 contrahunt
701 3373 839 3446 tenent
868 3365 1010 3466 Perez,
1045 3362 1228 3444 Sanchez
1261 3373 1300 3443 et

128 3497 284 3578 Garoia
304 3497 414 3606 apud
435 3497 637 3580 Gonzalez
659 3497 702 3578 in
728 3501 1001 3580 Continentur.
1026 3497 1083 3578 ud
1103 3524 1194 3608 cup.
1220 3495 1294 3576 ult.

126 3632 173 3711 b.
209 3639 240 3711 t.
275 3659 384 3712 num.
421 3636 462 3732 5,
496 3632 595 3740 quia
623 3631 910 3714 Tridentinum
941 3633 1157 3714 dumtaxat
1188 3631 1296 3710 veris

129 3763 407 3846 matrimoniis
437 3764 687 3848 clandestine
718 3767 934 3849 celebratis
975 3753 1150 3847 sormam
1181 3790 1301 3873 prae-

126 3895 298 4006 scripsit
326 3925 375 3979 ac
404 3898 566 4000 restitit,
590 3925 672 3980 non
704 3901 769 4002 iis,
794 3927 899 4009 quae
930 3925 1003 4009 pro
1033 3897 1298 4008 sponsalibus

132 4031 352 4132 habentur,
384 4041 424 4114 et
453 4031 684 4114 declarasse
715 4034 759 4115 S.
794 4033 1161 4141 Congregationem
1192 4030 1300 4112 Con·

129 4167 213 4246 cilii
248 4167 288 4246 in
319 4190 402 4248 uno
437 4167 683 4250 Vitorbiensi
718 4169 863 4248 mensis
893 4168 1002 4250 Julii
1036 4167 1144 4248 1587
1177 4165 1300 4246 refert

133 4299 389 4382 Panimollus
405 4299 527 4382 decis.
553 4303 647 4401 123,
672 4299 811 4381 adnot.
837 4302 894 4402 II,
919 4329 1027 4382 num.
1058 4303 1109 4380 12
1130 4325 1291 4406 nempe:

1 4459 2 4469 ³
136 4465 155 4506 ‹
175 4433 214 4514 id
235 4433 412 4540 pendere
432 4457 483 4513 ex
506 4432 770 4541 dispositione
786 4431 891 4540 juris
914 4432 1162 4533 communis,
1186 4430 1295 4538 quod
