3136 5138
422 381 527 432 maun
550 383 596 430 lv.
622 399 643 414 ·
666 382 806 435 rlruncs
829 381 874 432 tv.
1172 370 1235 432 117

94 511 212 592 deinde
237 511 377 591 minus
398 509 585 618 componi
607 519 740 618 potest
770 538 865 592 cum
886 512 967 592 fine
987 511 1233 592 secundario

95 645 336 745 matrimonii,
370 671 517 752 nempe
546 672 643 726 curn
674 645 892 752 tranquilla
933 644 1235 726 cohabitatione

95 789 124 860 et
134 804 224 887 pace
244 780 467 887 conjugum
474 811 485 880 3
504 787 624 888 prout
640 781 892 888 experientia
912 781 1088 880 ostendit
1108 780 1231 861 etiam

96 913 125 992 in
149 921 378 994 sanctorum
401 913 581 1012 familiia,
608 941 702 995 cum
731 914 966 1022 polygamia
986 915 1155 1020 vigeret.
1180 917 1238 992 At

96 1043 331 1127 haecomnia
350 1073 431 1126 non
453 1054 537 1127 tam
560 1047 818 1129 interdictam
844 1047 937 1154 jure
968 1053 1140 1128 naturae
1161 1073 1235 1154 po-

96 1175 293 1283 lygamiam
323 1180 558 1278 ostendunt,
583 1205 705 1288 quarn
737 1179 877 1261 minus
906 1179 1231 1261 convenientem.

96 1310 153 1392 Jus
170 1315 274 1420 quod
296 1315 505 1422 prohibuit
525 1315 801 1424 polygamiam
825 1314 902 1396 luit
923 1313 993 1420 jus
1014 1313 1235 1422 positivum
1339 1345 1343 1356 ·

95 1447 255 1530 divinum
286 1448 593 1557 primigenium,
617 1476 763 1558 nempe
794 1450 946 1530 nostris
972 1459 1238 1556 protoparen-

95 1578 184 1660 tibus
210 1582 483 1690 propositum,
507 1609 588 1690 quo
620 1609 670 1662 ex
692 1583 832 1664 relatis
852 1583 989 1664 verbis
1011 1608 1036 1662 a
1055 1581 1236 1661 Domino

95 1710 220 1794 indicta
243 1714 321 1796 fuit
336 1715 616 1822 monogamia;
635 1716 745 1824 quod
766 1715 934 1823 proinde
951 1715 1022 1821 jus
1043 1713 1238 1794 universo

97 1843 158 1926 tuit
181 1847 359 1930 humano
379 1849 519 1956 generi
546 1850 801 1958 impositum,
825 1848 1121 1957 cumprimum
1142 1873 1237 1954 pro·

94 1987 329 2086 toparentum
360 1982 598 2090 conjugium
628 1983 751 2064 fuerit
777 1982 909 2063 forma
933 1979 1236 2089 conjugiorum,

94 2137 177 2216 quae
204 2117 257 2196 ab
288 2114 470 2196 humano
500 2142 648 2224 genere
679 2115 958 2198 contrahenda
983 2114 1025 2194 in
1048 2115 1233 2196 futurum

93 2239 203 2329 eamq
231 2251 276 2330 In
306 2248 384 2330 hoc
418 2251 512 2357 jure
552 2252 727 2360 positivo
759 2252 896 2334 divino
927 2251 1179 2359 dispensatio
1211 2276 1250 2328 a

93 2379 161 2460 Deo
187 2383 283 2464 data
312 2392 374 2466 est
412 2384 670 2491 patriarchis,
714 2385 783 2493 qui
824 2386 961 2494 plures
1001 2384 1235 2465 habuerunt

95 2541 236 2618 uxores,
257 2519 366 2624 quod
381 2517 457 2597 viri
479 2518 727 2600 sanctissimi
749 2545 831 2600 non
854 2517 1061 2618 fecissent,
1081 2517 1116 2598 si
1135 2517 1233 2598 illud

93 2644 255 2730 illicitum
286 2677 363 2732 suo
394 2658 575 2759 tempore
596 2652 756 2752 luisset,
780 2660 820 2732 et
841 2652 991 2759 populo
1012 2651 1230 2749 haebraeo,

92 2803 129 2859 ac
148 2781 265 2888 juxta
284 2785 423 2891 plures
443 2785 640 2867 Doctores
670 2784 793 2867 etiarn
815 2785 979 2894 populis
1000 2784 1228 2892 gentilium,

92 2917 259 3018 quamvis
280 2917 351 2996 alii
373 2899 536 3025 negent,
560 2918 658 3026 quia
678 2945 751 3026 pro
781 2919 872 2998 istis
901 2946 984 2999 non
1004 2917 1153 2998 militat
1174 2917 1234 2998 di-

92 3051 345 3152 spensationis
383 3051 545 3132 divinae
583 3051 704 3152 ratio,
738 3078 884 3158 nempe
924 3051 1063 3159 populi
1102 3050 1236 3130 fidelis

92 3180 369 3290 multiplicatio.
389 3185 505 3278 Quae
520 3185 771 3293 dispensatio
793 3185 985 3279 facillime
1006 3181 1238 3290 explicatur

93 3309 125 3391 in
149 3326 286 3398 nostra
316 3318 532 3419 sententia,
556 3327 598 3400 at
627 3345 710 3400 non
741 3325 874 3426 potest
903 3316 1061 3424 concipi
1084 3315 1126 3394 in
1147 3315 1236 3421 opi-

10 3447 11 3450 ‘
91 3445 204 3550 nione,
230 3453 340 3560 quod
361 3453 596 3562 polygamia
624 3452 678 3534 sit
703 3452 797 3560 jure
818 3458 990 3532 naturae
1010 3448 1233 3557 prohibita,

92 3603 167 3660 cum
196 3583 238 3664 in
264 3585 358 3692 jure
388 3593 560 3668 naturae
591 3611 672 3666 uon
704 3585 824 3666 detur
843 3581 1109 3692 dispensatio,
1134 3583 1238 3662 Pro-

92 3714 205 3814 posita
233 3725 372 3800 autern
404 3743 476 3826 per
506 3718 714 3800 Christum
746 3718 835 3824 lege
870 3714 1107 3824 evangelica
1135 3714 1239 3796 haec

10 3925 11 3958 ÷
92 3849 193 3930 venia
212 3879 287 3934 seu
309 3852 564 3959 indulgentia
584 3852 749 3934 sublata
769 3861 844 3952 est,
869 3859 909 3932 et
929 3851 1237 3932 matrimonium

10 4069 12 4084 ‚
94 3983 288 4068 reductum
320 3987 371 4068 ed
401 3987 654 4095 primaevam
683 3986 817 4094 legem
853 3982 1157 4091 monogamiam
1192 4012 1239 4064 ac

94 4115 243 4218 proinde
263 4146 348 4202 uon
367 4121 489 4204 modo
510 4119 721 4204 christiani
747 4121 820 4202 sed
841 4128 881 4202 et
900 4118 1148 4228 quicumque
1169 4117 1237 4196 alii

94 4247 164 4331 sive
200 4254 391 4338 haebraei
428 4255 514 4337 sive
554 4255 737 4338 infideles
767 4256 819 4336 ad
849 4255 955 4337 hanc
995 4254 1239 4336 servandam

95 4379 207 4492 legem
247 4371 461 4490 tenentur,
504 4389 612 4470 unde
652 4389 989 4498 impedimentum
1028 4383 1241 4493 ligaminis
