3360 5126
502 395 606 442 ursus
624 396 664 442 ‘v.
689 411 732 424 -
755 395 897 444 memus
918 396 1014 442 xvm.
1284 377 1350 444 279

94 622 99 634 ι
165 529 242 602 aut
267 520 399 602 iterati
432 521 473 600 in
504 520 652 602 clerico
683 527 745 602 est
775 521 992 626 depositio.
1033 523 1136 632 Cup.
1171 522 1351 633 Presby-

165 663 245 736 ter.
272 657 344 748 12,
378 655 475 736 (list.
496 659 573 747 82,
600 681 691 765 cup.
730 655 834 735 Cum
855 681 935 735 non
957 655 1010 734 ab
1042 654 1203 740 homine
1223 657 1278 737 10
1301 655 1352 737 de

163 790 363 873 Judicils.
389 789 521 868 Burb.
547 789 596 870 ele
622 791 957 902 Offic,Episcop.
974 794 1019 882 3,
1044 789 1211 896 ullepol.
1247 793 1346 892 110,

164 953 210 1004 n.
246 926 319 1005 10.
960 967 967 980 ’

259 1057 352 1138 Non
384 1066 446 1138 est
476 1064 616 1138 aulem
646 1056 714 1139 hio
751 1057 914 1139 silentio
953 1059 1252 1166 praetereunda
1281 1058 1348 1140 di-

165 1192 344 1300 spositio
375 1219 466 1303 cap.
496 1197 542 1285 2,
568 1191 609 1273 h.
634 1201 663 1274 t.
690 1219 795 1300 quae
829 1193 890 1274 sio
919 1219 966 1274 se
986 1192 1347 1285 habet-Fures,

165 1333 209 1406 et
239 1325 432 1420 latrones,
466 1328 504 1406 si
535 1330 577 1408 in
608 1325 812 1426 ferundo,
846 1327 907 1406 cel
937 1325 1225 1437 depraedando
1246 1329 1352 1408 occi-

168 1459 341 1551 duntur,
375 1464 504 1541 cisum
525 1467 581 1540 est
596 1487 679 1570 pro
710 1462 767 1540 eis
797 1486 879 1540 non
910 1485 992 1566 esse
1023 1458 1239 1540 orandum.
1269 1459 1352 1542 Sed

166 1593 208 1670 sl
240 1592 532 1702 comprehensi,
555 1601 628 1674 aret
651 1593 855 1673 uulnerati
875 1592 1137 1702 Presbytero,
1163 1592 1223 1672 cel
1243 1593 1353 1672 Diu-

167 1753 271 1808 cono
303 1727 480 1836 confessi
501 1728 685 1836 suerint,
720 1712 1041 1808 communionem
1072 1731 1128 1808 eis
1159 1753 1240 1806 non
1275 1753 1349 1808 ne-

164 1887 328 1969 pumos.
931 1935 933 1938 ,

259 1995 316 2076 Ut
332 2003 443 2102 patet
457 1997 697 2102 hujusmodi
714 1995 998 2102 dispositionis
1015 2021 1111 2103 pars
1124 1995 1354 2104 primasta-

167 2130 266 2227 tuit,
300 2129 477 2234 quodsi
509 2129 637 2227 fures,
667 2139 706 2209 et
736 2129 917 2208 latrones
950 2129 1075 2208 occisi
1108 2127 1260 2208 fuerint
1290 2128 1355 2206 in-

172 2260 389 2368 lragranti,
422 2261 578 2341 seilicet
608 2262 708 2340 dum
730 2269 826 2340 actu
847 2259 1022 2340 mortale
1053 2259 1210 2341 lurtum
1241 2286 1355 2340 com-

171 2397 355 2496 mittunt,
399 2421 473 2502 pro
513 2393 615 2500 ipsis
657 2395 862 2475 orandum
903 2419 985 2473 nou
1020 2401 1098 2475 est.
1132 2392 1354 2475 Rationem

171 2529 297 2636 hujus
328 2527 486 2636 primae
518 2528 647 2634 partis
677 2527 809 2608 diotae
841 2524 1126 2633 dispositionis
1168 2525 1354 2632 assignat

170 2661 338 2761 Glossa,
373 2661 470 2767 quia
491 2683 639 2766 nempe
660 2653 820 2741 constat
842 2660 886 2740 in
907 2660 987 2740 isto
1008 2685 1125 2760 casu,
1151 2681 1222 2740 eos
1244 2685 1355 2740 mor-

170 2804 269 2875 tuos
300 2821 390 2876 esse
423 2793 464 2873 in
495 2800 662 2901 peccato
693 2793 879 2873 mortali:
913 2821 986 2901 pro
1018 2793 1071 2875 iis
1112 2801 1253 2889 autem
1283 2793 1354 2901 qui

170 2933 232 3008 sio
263 2917 415 3008 mortui
447 2935 562 3027 sunt,
596 2927 800 3006 orandum
832 2937 915 3006 uon
947 2953 1038 3007 esse
1070 2937 1213 3034 aperte
1243 2934 1356 3034 petet

170 3089 227 3141 ex
263 3064 366 3140 Con.
402 3063 458 3145 21
485 3059 1084 3170 proObeuntlbus,caus.13.
1119 3069 1272 3167 quaest.
1308 3062 1351 3142 2.

176 3196 285 3274 Can.
313 3195 385 3286 13,
411 3223 451 3301 q.
476 3200 521 3286 2,
547 3193 618 3274 ubi
649 3219 883 3298 congruum
915 3193 1083 3300 quidem
1115 3194 1279 3294 dicitur,
1312 3201 1356 3274 ul

134 3429 137 3434 ,
170 3326 378 3409 Sacerdos
403 3355 485 3438 pro
514 3329 686 3408 mortuis
703 3326 916 3408 catholicis
938 3328 1181 3406 memoriam
1191 3328 1353 3434 faciet,

171 3470 213 3542 el
235 3460 479 3560 intercedam
504 3489 582 3543 non
604 3469 738 3542 tumen
752 3488 833 3572 pro
857 3462 996 3572 impiis
1018 3459 1223 3569 (quemuis
1245 3459 1358 3540 chri·
1410 3517 1413 3524 -

170 3597 303 3676 stiunt
319 3596 506 3705 suerint)
528 3597 611 3677 tole
641 3595 741 3703 quid
771 3623 893 3706 opere
924 3596 1071 3678 licebit.
1106 3595 1215 3676 Hinc
1246 3593 1308 3674 inl
1332 3639 1355 3656 -

176 3737 273 3812 runt
309 3731 495 3812 nonnulli
537 3721 796 3812 canonistas*
827 3732 930 3812 tales
969 3729 1192 3839 privandos
1233 3729 1357 3812 etiam

172 3890 268 3944 esse
294 3864 576 3948 ecclesiastica
594 3865 820 3974 sepultura.

262 3999 306 4108 Iu
331 3999 519 4078 secunda
544 4007 683 4082 autem
706 4007 821 4108 parte
842 3999 1047 4108 praelatae
1078 3995 1359 4106 dispositionis

172 4129 327 4212 dieitur
359 4133 527 4240 quodsi
551 4133 676 4213 iidem
708 4133 837 4233 fures,
861 4141 901 4214 et
930 4133 1110 4215 latrones
1130 4129 1255 4212 occisi
1277 4154 1360 4210 nou

177 4264 328 4346 luerint
364 4266 406 4346 in
449 4266 669 4374 fragranti,
713 4271 786 4350 sed
828 4274 987 4350 tantum
1029 4265 1231 4349 vulnerati
1241 4327 1252 4365 ,
1295 4262 1360 4345 vel

174 4397 299 4492 etiem
331 4402 634 4511 comprehensi,
669 4429 718 4486 ac
759 4429 851 4485 vere
883 4401 1137 4510 poenitentes
1177 4397 1359 4484 confessi
