3380 5132
333 343 378 407 28
630 357 898 406 munerorrouns
922 357 1015 404 tuam
1039 357 1198 405 cmcurcr

333 489 385 598 ad
416 486 612 568 ulteriora
643 486 888 593 procedere3
921 511 1045 566 secus
1087 493 1230 566 contra
1271 483 1412 593 ipsum
1448 497 1515 573 ut-

332 629 427 729 pote
458 619 826 728 praevaricatorem
859 618 965 699 actio
1001 617 1191 700 intentari
1225 627 1373 725 potest.

419 756 476 835 At
505 779 599 835 cum
631 779 683 833 ex
713 751 855 860 populi
886 749 1073 833 moribus
1100 776 1183 831 non
1215 751 1396 857 amplius
1426 755 1512 834 veri

331 894 593 969 accusatores
625 886 889 988 haberentur,
915 913 964 967 ne
988 885 1163 966 crimina
1195 883 1402 992 impunita
1424 913 1514 968 ma·

330 1028 488 1120 nerent,
521 1020 690 1101 inducta
719 1027 782 1100 est
812 1019 990 1128 simplex
1030 1017 1308 1120 denunciatio,
1341 1021 1391 1102 de
1428 1047 1513 1128 qua

330 1149 547 1260 loquemur
577 1153 620 1233 in
650 1152 837 1260 sequenti

862 1453 887 1550 ἓ
920 1449 982 1530 2³

705 1710 770 1788 De
799 1706 1124 1790 denunciatione.

412 1945 684 2029 Denunciatio
707 1947 895 2030 insensu
921 1949 1028 2055 juris
1049 1947 1207 2030 definiri
1231 1955 1389 2057 potest:
1415 1975 1506 2030 ma-

324 2079 538 2187 nifestatio
570 2083 755 2163 criminis
785 2083 1003 2194 Superiori
1043 2083 1220 2192 lepitime
1241 2084 1384 2192 facta,
1417 2085 1506 2165 sine

324 2211 569 2323 oblipatione
592 2216 801 2327 probandi
830 2219 1000 2318 crimen,
1035 2226 1071 2297 et
1100 2215 1301 2298 subeundi
1326 2243 1503 2327 poenam

323 2346 505 2428 talionis.
550 2350 668 2430 Unde
709 2359 820 2457 patet
861 2351 1220 2432 denunciationem
1258 2351 1502 2432 dissimilem

322 2505 414 2559 esse
445 2481 497 2561 ab
529 2483 791 2564 accusatione
823 2509 904 2564 non
936 2491 1099 2567 tantum
1135 2485 1270 2593 quoad
1311 2486 1499 2587 modum,

321 2613 395 2694 sed
426 2615 550 2697 etiam
581 2617 716 2725 quoad
747 2615 1032 2723 obligationes

410 2755 503 2860 Ipsa
533 2749 656 2832 dividi
679 2749 782 2831 solet
804 2751 844 2830 in
862 2752 1158 2861 Ecanpelicam
1181 2761 1220 2834 et
1231 2751 1494 2860 judicialem.

319 2887 573 2996 annpelica
605 2884 728 2993 (quae
759 2885 884 2966 etiam
915 2894 1102 2994 paterna,
1138 2886 1320 2968 fraterna
1351 2893 1391 2968 et
1431 2913 1500 2968 ca·

319 3023 483 3104 ritativa
522 3021 802 3130 nuncupatur)
839 3046 889 3102 ea
934 3029 995 3101 est
1041 3046 1147 3129 quae
1194 3021 1240 3100 fit
1286 3019 1498 3128 Superiori

317 3162 528 3262 tamquam
561 3157 690 3262 patri,
725 3178 806 3233 non
837 3153 888 3233 ad
921 3153 1131 3260 publicam
1159 3153 1401 3254 vindictam,
1427 3154 1498 3235 sed

317 3289 368 3370 ad
399 3297 612 3398 paternam
650 3287 961 3388 correctionem,
995 3296 1035 3368 et
1065 3289 1397 3406 emendationem
1427 3289 1499 3368 de·

316 3425 513 3507 nunciati.
549 3422 798 3529 Evangelica
829 3431 1011 3522 vocatur,
1047 3448 1094 3502 eo
1126 3423 1294 3530 quoda
1331 3419 1496 3502 Christo

314 3556 492 3637 Domino
518 3557 684 3657 tradita,
708 3565 748 3637 et
769 3557 1020 3664 praescripta
1041 3558 1270 3664 reperiatur
1292 3554 1335 3634 in
1357 3553 1499 3634 Evan-

313 3689 420 3797 gelio
451 3691 495 3770 S.
532 3689 746 3790 Matthaei,
782 3719 816 3772 c.
847 3695 919 3791 18,
945 3719 981 3772 c.
1012 3693 1085 3772 15.
1122 3693 1235 3772 Haec
1266 3699 1405 3770 tamen
1442 3691 1494 3771 ad

313 3823 441 3906 nostri
472 3831 671 3906 tractatus
701 3851 876 3932 scopum
910 3825 1073 3935 proprie
1105 3852 1186 3906 non
1218 3832 1391 3932 spectat,
1421 3824 1493 3906 sed

311 3957 363 4038 ad
394 3958 642 4066 Theologos.
677 3957 901 4040 Jadiciatis
943 3967 1082 4040 autem
1114 3986 1163 4041 ea
1194 3967 1277 4060 est,
1312 3984 1417 4066 quae
1449 3957 1496 4038 fit

310 4091 522 4202 Superiori
567 4103 611 4176 ut
629 4093 772 4202 judici
812 4095 863 4176 ad
905 4093 1127 4175 vindictam
1159 4093 1386 4203 publicam.
1431 4089 1493 4172 De

310 4223 386 4304 hac
418 4226 543 4332 igitur
572 4227 837 4334 potissimum
869 4227 910 4308 in
941 4227 1150 4335 praesenti
1184 4223 1446 4335 paragrapho
1468 4249 1494 4303 a

308 4358 428 4439 nobis
459 4367 521 4441 est
551 4359 854 4444 disserendum.
