3264 5146
440 412 549 464 urana
571 413 618 462 ιν.
643 431 663 444 -
686 413 825 464 arnonus
847 413 869 462 1.
1201 398 1244 461 63

102 543 182 623 haec
202 513 266 622 'est
297 539 542 642 differentia,
575 543 683 649 quod
714 541 780 620 hio
810 567 862 622 ex
892 548 1008 647 parte
1048 540 1123 620 viri
1165 542 1239 622 ha-

102 677 176 756 beat
192 675 325 756 locum
347 673 533 754 mulieris
553 674 793 782 depravatio
811 673 1020 785 blanditiis
1037 673 1239 754 illecebris

98 809 274 916 dolisque,
307 807 366 888 ita
395 815 442 888 nt
472 835 578 915 quae
609 808 724 916 prius
754 815 841 889 erat
871 807 1014 888 nolens
1050 808 1157 890 lacte
1186 809 1240 888 sit

103 941 231 1041 volens,
265 947 305 1021 et
334 967 440 1048 quae
471 949 559 1022 erat
580 940 689 1022 bona
710 941 817 1022 lecta
835 941 891 1022 sit
910 967 1052 1048 prava.
1078 941 1238 1022 Verum

97 1102 182 1182 qliae
207 1103 335 1184 prava
367 1075 475 1156 lacta
505 1084 567 1158 est
598 1103 707 1157 nunc
728 1102 778 1156 ex
798 1075 1013 1184 hypothesi
1035 1102 1129 1156 vere
1150 1078 1239 1159 vult

102 1210 216 1315 lugam
246 1210 298 1290 ad
329 1207 642 1290 matrimonium
684 1209 1001 1310 conciliandum,
1045 1237 1119 1290 nec
1148 1211 1238 1318 ejus

99 1341 274 1423 voluntati
307 1341 393 1422 ulla
422 1342 486 1422 vis
507 1342 694 1423 infertur.
721 1341 826 1423 Cum
847 1369 944 1449 ergo
966 1343 1009 1422 in
1030 1371 1130 1425 casu
1156 1372 1238 1425 non

99 1474 301 1558 habeamus
322 1475 403 1556 nisi
425 1475 617 1583 injuriam
640 1476 795 1558 illatam
817 1477 1073 1584 parentibus
1094 1487 1137 1560 'et
1157 1507 1238 1561 non

95 1609 184 1690 desit
201 1609 278 1690 nisi
301 1635 446 1690 eorum
469 1636 713 1710 cousensus
737 1609 996 1717 applicantur
1016 1611 1067 1691 ad
1094 1637 1236 1693 casum

94 1742 238 1822 eaedem
272 1742 454 1823 rationes
483 1741 600 1851 prins
630 1743 878 1850 propositae.
913 1742 1033 1836 Quod
1063 1745 1238 1850 pertinet

96 1883 214 1956 autem
242 1877 295 1958 ad
327 1877 433 1956 duos
464 1903 601 1973 casuS,
637 1884 677 1957 et
706 1875 948 1984 praesertim
974 1877 1109 1983 quoad
1129 1877 1240 1960 huno

97 2007 260 2092 ultimum
281 2011 336 2112 ‚id
367 2018 429 2092 est
460 2011 704 2110 notandum,
738 2011 847 2118 quod
878 2011 957 2091 nisi
1000 2011 1238 2119 plenissime

92 2146 313 2230 ostendatur
342 2145 530 2226 mulieris
560 2172 810 2227 consensum
841 2145 969 2228 fuisse
999 2147 1168 2228 omnino
1189 2149 1240 2228 li-

98 2277 217 2360 berum
253 2306 420 2388 semper
459 2279 739 2387 praesumitur
778 2277 1045 2377 intervenisse
1085 2282 1242 2364 violen-

97 2410 190 2512 tiam,
211 2421 250 2494 et
272 2413 460 2494 mulieris
476 2439 725 2494 consensum
742 2411 871 2493 luisse
887 2421 1000 2494 metu
1017 2422 1237 2516 extortum,

92 2571 171 2623 cum
197 2554 342 2655 raptus
373 2545 530 2628 crimen
561 2546 787 2654 imputetur
816 2545 919 2626 viro.
953 2545 1005 2626 Et
1036 2548 1132 2654 quia
1161 2550 1240 2630 dil·

95 2677 189 2759 licilis
207 2680 387 2787 probatu
408 2687 471 2760 est
491 2680 592 2760 haec
614 2679 851 2760 omnimoda
880 2679 1047 2761 libertas
1068 2708 1242 2764 consen-

91 2836 162 2909 sus,
192 2811 292 2893 hinc
322 2813 524 2920 estquod
552 2813 691 2921 plures
723 2823 915 2893 emanent
945 2811 1034 2894 aS.
1060 2813 1240 2921 Congre-

91 2945 231 3046 gatione
262 2946 510 3047 decisioneS,
544 2972 650 3054 quae
680 2944 873 3027 videntur
901 2946 1075 3053 probare
1102 2947 1154 3027 ab
1175 2947 1238 3027 Ea

91 3077 227 3162 admitti
258 3089 427 3189 raptum
458 3079 726 3180 seductionis
760 3107 855 3161 cum
885 3106 1030 3162 revera
1051 3107 1132 3161 non
1153 3081 1236 3162 sint

94 3210 156 3290 nisi
174 3214 365 3321 derepto
386 3213 622 3311 violentiae,
647 3240 752 3320 quae
772 3240 936 3322 semper
955 3213 1238 3321 praesumitur

93 3344 155 3424 nisi
181 3346 488 3430 evidentissime
519 3347 776 3446 excludetur,
813 3357 859 3429 ut
890 3347 931 3426 in
962 3373 1087 3428 occsa
1127 3349 1239 3428 Hor-

89 3476 192 3586 dipcl.
210 3482 405 3562 Matrini.
426 3481 483 3559 24
493 3481 632 3590 April.
652 3483 761 3560 1858
778 3488 818 3560 et
832 3480 1065 3562 Parisicns.
1081 3482 1136 3561 27
1148 3481 1239 3562 Aa·

89 3619 173 3712 pust.
201 3616 328 3694 1864.
352 3658 373 3672 -
392 3612 555 3720 Raptus
577 3621 717 3693 autem
738 3612 950 3695 constituit
970 3612 1240 3722 impedimen-

92 3753 159 3824 tum
179 3745 450 3847 matrimonii,
475 3772 760 3854 qnaecumque
781 3746 836 3830 sit
855 3747 1019 3846 mulier,
1044 3773 1150 3855 quae
1171 3772 1239 3826 ra·

92 3877 193 3980 pitur,
226 3882 363 3989 virgo,
407 3881 619 3982 deflorate,
659 3881 799 3982 vidua,
838 3884 971 3963 bonae
1008 3882 1073 3962 vel
1104 3877 1273 3961 malae'

94 4008 203 4098 lamae
234 4016 401 4118 mulier,
426 4023 472 4097 ut
502 4043 597 4098 cum
628 4015 836 4098 communi
864 4016 1090 4108 Doctorum
1116 4017 1240 4098 sentit

93 4143 126 4226 P.
154 4149 398 4234 Thesaurus
427 4179 493 4263 op.
527 4158 564 4231 et
596 4151 670 4232 loc.
707 4153 795 4252 cit„
830 4151 933 4232 ratio
955 4159 1030 4250 est,
1057 4151 1155 4259 quia
1175 4159 1240 4232 at·

91 4283 251 4366 tonditur
270 4285 313 4366 in
334 4311 383 4366 eo
404 4286 566 4367 decreto
588 4283 818 4366 Tridentini
839 4284 891 4365 ad
912 4284 1142 4364 libertatem
1164 4309 1237 4391 pro

92 4417 348 4522 matrimonia
372 4425 413 4502 et
433 4419 581 4528 cuique
603 4417 764 4500 mulieri
787 4417 832 4500 fit
853 4417 1018 4526 injuria,
1038 4418 1073 4498 si
1095 4417 1137 4496 in
1158 4417 1236 4496 hoc
