3264 5146
523 425 631 476 ursan
653 425 700 475 rr.
725 443 745 458 -
767 425 906 476 rrruuus
928 425 975 474 111.
1204 493 1207 496 ,
1292 409 1335 474 87

163 580 255 664 cup.
293 555 347 633 30
379 552 429 631 de
456 553 654 664 sponsat,
688 551 796 633 sicut
827 551 1006 634 validum
1046 551 1233 633 habitum
1264 561 1327 634 est

163 686 478 768 matrimonium
507 687 565 768 ita
595 685 751 767 occulte
788 693 1058 786 contractum,
1102 695 1147 768 ut
1192 685 1329 767 nullae

164 822 256 929 ejus
287 828 427 902 essent
456 821 735 929 probationes
765 821 928 929 quando
949 845 1148 928 personae
1169 829 1330 902 contra·

164 954 351 1035 hentium
384 953 483 1034 illud
514 953 741 1035 voluissent
769 953 994 1061 publicare,
1020 953 1098 1032 nisi
1119 953 1231 1033 aliud
1252 953 1330 1032 im-

164 1087 448 1194 pedimentum
480 1085 719 1186 obstitisset,
754 1095 799 1166 ut
828 1112 879 1164 ex
912 1112 999 1195 cap.
1035 1088 1061 1164 2
1093 1085 1134 1166 h.
1171 1093 1200 1166 t.
1244 1088 1331 1165 Imo

164 1218 397 1300 Concilium
419 1217 709 1298 Tridentinum
728 1243 823 1296 sess.
849 1220 906 1296 24
927 1245 1015 1328 cop.
1046 1221 1062 1297 l
1089 1231 1139 1298 cte
1155 1219 1325 1326 reform.

165 1354 351 1433 nrotrim.
385 1358 604 1460 postquam
635 1349 813 1431 asseruit
852 1358 1036 1432 sanctam
1075 1351 1151 1432 Dei
1192 1351 1332 1432 Eccle-

165 1487 274 1567 siam
305 1511 359 1566 ex
375 1485 619 1592 justissimis
641 1484 778 1566 causis
799 1485 1039 1566 detestatam
1062 1512 1225 1594 semper
1240 1513 1331 1566 esse

166 1619 434 1700 matrimonia
453 1619 706 1700 clandestina
732 1627 854 1726 atque
881 1645 930 1698 ea
956 1617 1230 1725 prohibuisse,
1260 1619 1331 1700 de-

165 1751 263 1832 inde
294 1751 414 1832 docet
444 1750 716 1832 dubitandum
746 1777 828 1829 non
849 1775 940 1830 esse
960 1749 1061 1831 hacc
1080 1751 1333 1833 claudestina

164 1885 433 1967 matrimonia
462 1885 590 1965 libero
621 1884 950 1965 contrahentium
981 1910 1184 1965 consensu
1226 1885 1333 1966 facta

166 2031 260 2101 rata
289 2027 330 2099 et
359 2045 458 2098 vera
487 2045 578 2099 esse
608 2018 885 2118 matrimonia,
920 2017 1117 2125 quamdiu
1147 2017 1332 2098 Ecclesia

166 2153 246 2233 Dei
277 2179 327 2232 ea
357 2151 473 2232 irrita
493 2177 574 2232 non
596 2151 703 2252 lecit,
727 2159 768 2232 et
788 2177 858 2232 eos
880 2151 1138 2232 anathemate
1160 2152 1333 2232 damna-

167 2288 228 2368 vit
258 2288 328 2397 qui
360 2312 409 2366 ea
429 2311 527 2366 vera
547 2293 586 2367 et
606 2293 694 2366 rata
715 2312 805 2366 esse
827 2293 1035 2392 negarent.
1060 2285 1332 2365 Animadver-

167 2438 263 2500 tens
293 2427 432 2500 autem
464 2419 508 2499 S.
535 2420 727 2526 Synodus
747 2417 1041 2526 prohibitiones
1062 2417 1153 2497 illas
1169 2425 1336 2525 propter

166 2553 388 2634 hominum
409 2547 726 2632 inobedientiam
743 2552 830 2658 jam
851 2577 933 2632 non
954 2551 1162 2658 prodesse,
1187 2560 1226 2631 et
1241 2578 1335 2657 gra-

167 2688 240 2768 via
271 2693 439 2792 peccata
467 2687 737 2794 perpendenS,
771 2712 875 2793 quae
906 2711 958 2766 ex
984 2685 1247 2767 clandestinis
1268 2712 1338 2766 co·

168 2820 327 2929 njugiis
357 2826 494 2901 ortum
523 2819 743 2921 habebant,
777 2819 1016 2928 praesertim
1046 2845 1142 2900 vero
1173 2847 1332 2920 eorum,

168 2955 242 3061 qui
265 2953 308 3032 in
329 2961 439 3034 statu
460 2952 733 3033 damnationis
753 2951 1063 3060 permanebant,
1084 2953 1183 3033 dum
1203 2953 1337 3060 priore

171 3113 321 3188 uxore,
355 3114 450 3168 cum
481 3113 563 3195 qua
592 3085 698 3168 clam
729 3093 1029 3187 contraxerant,
1054 3085 1208 3185 relicta,
1242 3113 1336 3166 cum

170 3221 256 3301 alia
285 3220 421 3328 palam
452 3219 738 3302 contraherent
768 3229 808 3302 et
838 3246 933 3302 cum
969 3245 1018 3299 ea
1059 3219 1100 3298 in
1141 3231 1338 3325 perpetuo

169 3353 375 3435 adulterio
405 3354 601 3455 viverent,
635 3355 701 3435 cui
733 3354 842 3434 malo
863 3352 916 3433 ab
936 3352 1135 3452 Ecclesia,
1162 3375 1266 3459 quae
1288 3352 1337 3432 de

169 3485 346 3568 occultis
377 3511 459 3566 non
485 3487 657 3593 judicat,
692 3485 879 3567 succurri
899 3511 982 3565 non
1003 3491 1175 3592 poterat,
1194 3484 1339 3564 statuit

170 3619 342 3728 aliquod
372 3619 579 3702 efficacius
619 3621 848 3702 remedium
888 3619 1096 3720 adhibere,
1142 3619 1250 3727 quod
1290 3644 1339 3698 eo

170 3755 339 3834 decreto
369 3755 583 3861 praestitit.
628 3757 824 3835 Innovate
863 3755 1032 3861 proinde
1073 3752 1339 3862 dispositione

173 3915 271 3998 cap.
297 3889 321 3966 3
352 3887 392 3968 h.
419 3896 447 3967 t;
483 3889 532 3970 de
563 3887 760 3970 faciendis
791 3888 1172 3970 denuntiationibus
1194 3884 1340 3967 deinde

175 4023 352 4101 formam
381 4021 696 4103 substantialem
726 4021 988 4103 matrimonio
1019 4020 1245 4129 proposuit.
1288 4019 1341 4100 Et

176 4153 375 4262 quoniam
404 4181 509 4264 quac
539 4165 725 4265 spectant
744 4157 795 4238 ad
816 4155 1155 4239 clandestinitatis
1171 4152 1339 4262 impedi·

177 4293 364 4368 mentum
394 4289 535 4370 omnia
563 4291 606 4370 in
636 4288 821 4372 Ecclesia
855 4289 977 4396 juxta
1016 4287 1093 4370 hoc
1133 4289 1338 4391 decretum
