3380 5132
603 407 704 452 urens
727 407 760 454 v.
784 423 827 436 -
850 409 989 456 rrrunus
1012 410 1035 455 1.
1367 391 1411 458 25

233 531 417 640 exceptis
449 531 736 641 impuberibus
758 535 962 644 pubertati
995 535 1211 644 proximis,
1227 564 1275 619 eo
1302 540 1410 645 quod

232 668 313 749 doli
347 693 522 777 capaces
554 680 891 778 praesumuntur,
924 670 982 752 uti
1006 677 1116 779 patet
1138 699 1189 752 ex
1213 673 1289 782 lep.
1319 677 1407 755 111

222 803 282 909 ff.
318 803 368 884 de
398 803 549 912 regulis
579 805 713 886 Juris.
741 805 1039 886 Verumtamen
1081 812 1238 888 attenta
1274 806 1410 915 impu-

230 935 375 1018 berum
423 946 569 1040 aetate,
600 939 728 1046 judex
778 941 927 1048 poterit
967 967 1017 1021 ex
1052 941 1408 1023 commiseratione

231 1095 388 1176 poenae
418 1070 598 1178 rigorem
640 1071 829 1180 mitigare
871 1074 947 1182 lep.
982 1077 1057 1173 37,
1095 1079 1136 1177 §-
1171 1075 1219 1154 ln
1250 1073 1408 1156 delictis

221 1205 279 1312 ff.
316 1204 367 1285 de
394 1206 544 1287 minor.
564 1205 688 1289 Ratio
719 1214 874 1308 autem,
894 1235 969 1289 cur
993 1233 1137 1290 omnes
1168 1209 1408 1318 delinquen-

230 1345 291 1419 tes
322 1339 566 1446 regulariter
597 1341 783 1423 accusari
816 1341 990 1449 possint,
1026 1350 1088 1423 est
1117 1342 1216 1450 quia
1242 1343 1313 1449 jus
1334 1369 1406 1424 na-

227 1472 360 1554 turale
392 1473 521 1581 exigit
551 1501 854 1583 quemcumque
885 1474 1191 1556 malefactorem
1220 1476 1371 1584 puniri.

314 1609 381 1688 Ab
411 1608 489 1691 hae
519 1617 656 1690 tamen
687 1609 896 1690 communi
928 1609 1073 1716 regula
1117 1609 1399 1718 excipiuntur:

234 1742 292 1820 l.⁰
307 1741 519 1851 Principes
550 1743 731 1851 supremi
755 1743 1022 1851 Superiorem
1043 1743 1153 1824 haud
1177 1770 1405 1850 agnoscen-

229 1881 289 1954 tes
320 1901 409 1955 can.
448 1881 522 1977 13,
558 1905 670 1959 cous.
706 1882 751 1978 9,
785 1885 939 1986 quaest.
961 1881 1005 1958 3.
1041 1878 1104 1958 2.⁰
1121 1877 1200 1970 Qui
1229 1877 1317 1984 jam
1339 1905 1405 1959 se-

226 2009 306 2090 mel
336 2009 603 2092 criminaliter
643 2018 864 2092 accusatus
906 2011 996 2111 suit,
1031 2017 1071 2090 et
1110 2010 1291 2118 legitime
1332 2039 1403 2119 per

226 2145 470 2226 sententiam
517 2143 735 2224 absolutus
776 2171 867 2255 cap.
903 2148 948 2225 4.
982 2143 1032 2224 de
1062 2127 1243 2225 accuset.
1279 2144 1401 2225 Ratio

225 2285 301 2378 est,
336 2277 434 2387 quia
465 2303 561 2357 reus
592 2303 665 2384 per
694 2277 939 2358 sententiam
965 2276 1182 2358 absolutus
1212 2301 1314 2357 suae
1337 2277 1402 2358 in-

224 2413 435 2494 nocentiae
457 2411 704 2510 restituitur,
724 2418 764 2490 et
779 2408 982 2491 sententia
998 2411 1081 2492 lata
1112 2419 1254 2492 contra
1269 2438 1400 2492 unum

224 2553 506 2626 accusatorem
539 2545 646 2652 parit
662 2543 938 2651 exceptionem
961 2544 1017 2624 rei
1032 2543 1243 2650 judicatae
1259 2549 1401 2624 contra

224 2678 657 2785 omnesdepopu103
690 2703 786 2758 cum
828 2677 938 2757 enim
984 2676 1156 2785 quilibet
1200 2702 1400 2758 accusare

223 2810 415 2919 potuerit,
441 2839 538 2911 uno,
563 2815 631 2919 qui
665 2812 888 2921 praevenit,
916 2811 1037 2911 victo,
1070 2819 1291 2893 censentur
1310 2838 1400 2893 om·

221 2971 309 3027 mes
341 2945 449 3026 victi.
477 2945 631 3053 Excipe
663 2945 740 3025 11151
773 2944 982 3026 accusatio
1014 2971 1095 3027 non
1129 2945 1276 3026 luisset
1299 2945 1400 3052 legi-

222 3080 318 3161 time
340 3080 567 3188 proposita,
591 3079 654 3159 vel
677 3104 750 3187 per
770 3078 1039 3160 collusionem
1062 3079 1241 3187 partium
1263 3079 1394 3178 elusa,

221 3214 282 3294 vel
306 3214 384 3294 nisi
409 3216 449 3294 in
473 3215 617 3294 eodem
652 3213 757 3294 lacto
779 3215 899 3322 plura
921 3213 1212 3295 intervenerint
1233 3213 1391 3312 delicta,

220 3349 283 3428 vel
315 3373 411 3429 reus
442 3347 660 3428 absolutus
696 3348 817 3429 luerit
848 3353 1009 3426 tantum
1041 3348 1093 3426 ab
1135 3347 1398 3428 observantia

216 3480 376 3587 judicii,
401 3507 482 3562 non
515 3506 613 3562 vero
645 3507 668 3559 a
700 3480 845 3562 delicto
881 3489 958 3561 etc.
980 3479 1152 3560 Caetera
1173 3479 1265 3560 vide
1287 3480 1396 3586 apud
1442 3531 1446 3536 -

221 3613 438 3695 Auctores.

305 3745 427 3828 Nune
457 3727 672 3827 videamus
703 3746 910 3854 quodnam
942 3746 997 3828 sit
1027 3746 1210 3828 efficium
1243 3744 1395 3854 judicis

216 3881 258 3960 in
280 3907 380 3964 casu
403 3879 694 3962 accusationis.
713 3880 737 3960 J
742 3880 872 3962 udicis
892 3881 1072 3962 officium
1090 3880 1130 3959 in
1149 3907 1248 3962 casu
1272 3905 1396 3961 accu-

216 4013 388 4096 sationis
410 4025 472 4094 est
493 4013 706 4094 admittere
732 4013 1055 4114 accusationem,
1080 4019 1283 4121 quatenus
1305 4015 1395 4119 ipsa

216 4149 339 4229 luerit
369 4147 565 4256 legitima,
590 4149 664 4231 etsi
697 4156 916 4230 accusatus
948 4147 1120 4228 infamia
1150 4147 1283 4228 delicti
1312 4175 1393 4230 non

216 4283 397 4384 laboret3
422 4283 750 4392 quandoquidem
766 4281 894 4390 judex
917 4308 965 4362 ex
982 4281 1116 4364 officio
1133 4309 1210 4364 suo
1233 4290 1394 4364 tenetur

216 4417 381 4498 studere
403 4418 510 4499 bono
542 4418 817 4525 reipublicae3
842 4417 952 4524 atqui
978 4417 1186 4500 accusatio
1210 4417 1393 4524 legitima
