3386 5126
557 472 654 518 mnu
676 473 706 518 v.
733 491 776 502 -
799 473 936 520 mancos
959 474 1028 519 v111.
1310 457 1376 525 203

200 623 292 677 ram
322 603 455 676 sonat.
489 597 629 706 Ipsum
660 597 939 705 multipliciter
970 597 1098 706 accipi
1131 606 1278 706 potest,
1304 605 1376 684 sed

198 731 239 810 in
262 755 363 811 casu
395 737 537 811 nostro
567 738 629 810 est
649 775 699 792 -
721 735 918 829 scissura,
941 732 1025 812 cicc
1045 729 1280 838 disjanctio,
1298 763 1377 846 prr

198 891 320 974 qaam
350 865 441 972 qais
471 863 579 944 altro
609 891 651 944 se
680 865 732 945 ab
764 866 920 946 unitate
949 866 1196 946 aniversalis
1231 869 1377 949 Eccle-

196 999 285 1080 siae
318 1006 500 1109 separat,
536 999 578 1077 in
609 1006 805 1106 qaantam
837 1024 886 1079 ea
916 1007 971 1080 esi
1004 1025 1150 1109 corpas
1171 1000 1375 1082 misticum

196 1159 251 1214 ccc
265 1131 478 1240 fidelitas,
513 1141 547 1212 ct
576 1132 767 1242 lepittmis
785 1133 1036 1243 pastoribus,
1060 1161 1110 1214 ac
1125 1137 1374 1243 pracsertim

195 1268 384 1349 Βοηιαηο
415 1267 625 1374 Pontifico
660 1274 871 1376 tamquam
906 1270 1040 1379 capite
1075 1277 1276 1351 constans.
1315 1274 1375 1352 lta

194 1407 287 1508 post
334 1399 384 1482 D.
429 1399 579 1482 Thom.
625 1400 808 1482 schisma
854 1401 1054 1482 definiunt
1100 1403 1373 1484 communiter

192 1532 406 1614 Doctores,
434 1533 629 1614 Diximus
651 1534 776 1626 altro,
802 1534 901 1642 quia
920 1533 1054 1641 siquis
1085 1535 1136 1614 ab
1164 1535 1372 1616 Ecclesiae

194 1664 485 1746 communione
508 1691 589 1745 non
623 1665 730 1746 ultro
761 1694 806 1747 se
848 1666 1114 1774 separaverit,
1148 1667 1220 1747 sed
1252 1695 1371 1775 sepa-

194 1807 312 1877 ratus
348 1797 485 1899 luerit,
520 1807 618 1880 tunc
648 1826 729 1880 non
761 1799 1068 1901 schismaticae,
1110 1801 1180 1882 sed
1213 1827 1374 1882 excom-

198 1932 426 2014 manicatas
458 1933 701 2042 appellatur.

279 2066 470 2146 Schisma
510 2066 567 2146 ita
598 2066 810 2148 delinitum
833 2067 1030 2148 dividitur
1060 2068 1101 2147 in
1127 2095 1297 2177 param,
1334 2077 1374 2150 et

189 2224 270 2277 non
303 2225 472 2308 param,
517 2225 592 2278 seu
633 2200 825 2290 mixtam,
873 2199 1030 2280 scilicet
1075 2225 1171 2279 oum
1207 2199 1367 2280 haeresi

190 2331 471 2439 conjunctum.
506 2330 698 2412 Schisma
727 2358 880 2439 purum
909 2332 1011 2412 illud
1036 2338 1120 2430 est,
1155 2333 1264 2440 quod
1304 2333 1366 2414 di·
1422 2339 1425 2345 ’

188 2471 296 2546 recte
317 2464 538 2573 opponitur
559 2466 711 2546 anitati
730 2466 958 2566 Ecclesiae,
988 2493 1067 2546 non
1085 2465 1210 2574 fidei.
1246 2466 1365 2547 Unde

189 2595 257 2696 ille
298 2606 360 2680 est
398 2597 688 2680 schismaticus
727 2627 873 2708 puruS,
910 2600 980 2707 qui
1018 2625 1161 2680 omnes
1193 2625 1365 2706 prorsus

188 2731 283 2813 fidei
305 2731 499 2812 articulos
516 2731 707 2832 admittit,
741 2740 781 2814 at
811 2732 963 2814 fatetur
993 2733 1361 2842 obtemperandum

187 2889 278 2946 esse
299 2863 505 2970 legitimae
527 2863 759 2945 auctoritati
791 2865 833 2944 in
854 2865 1040 2946 Ecclesia
1060 2865 1268 2966 existenti,
1293 2890 1364 2944 ve-

185 3007 420 3082 rumtamen
458 3025 509 3079 ex
531 2996 689 3080 malitia
719 2998 894 3106 denegat
924 2999 1200 3080 obedientiam
1234 3000 1369 3106 legiti-

185 3157 277 3212 mae
309 3130 407 3211 huic
437 3131 687 3212 auctoritati.
722 3131 813 3211 Hac
844 3132 893 3212 de
929 3155 972 3210 re
1003 3128 1190 3212 schisma
1216 3156 1369 3238 purum

185 3262 344 3346 definiri
381 3273 516 3371 potest
554 3263 827 3346 «malitiosus
849 3291 1038 3346 recessus
1062 3291 1086 3344 a
1108 3289 1207 3344 vera
1227 3263 1371 3345 Eccle-

191 3397 294 3479 ›sia
314 3397 449 3506 quoad
481 3397 755 3480 obedientiam
785 3397 942 3498 solum,
967 3404 1007 3478 et
1026 3397 1086 3498 fit,
1113 3404 1153 3476 et
1174 3403 1251 3496 est,
1274 3421 1370 3475 cum

189 3530 323 3638 >quis
352 3557 497 3611 omnes
527 3531 620 3613 fidei
653 3531 863 3630 articulos
900 3531 1033 3638 ipsam
1069 3529 1191 3611 etiam
1224 3553 1368 3634 supre-

189 3695 207 3741 »
228 3691 342 3746 mam
361 3663 492 3772 ipsius
507 3665 719 3746 pontilicis
742 3672 1005 3774 potestatem,
1026 3670 1065 3745 et
1080 3663 1303 3771 primatum
1327 3659 1368 3740 in

190 3797 413 3879 »Ecclesia
446 3799 587 3899 crodit,
622 3805 785 3880 recusat
815 3807 952 3879 tamen
987 3824 1039 3878 ex
1060 3821 1176 3877 mera
1210 3793 1369 3874 malitia

188 3963 207 4008 ›
227 3932 417 4032 subesse,
438 3939 478 4012 et
498 3932 664 4014 obedire
681 3933 726 4013 S.
747 3931 935 4013 Pontifici
955 3929 1179 4011 formaliter
1200 3936 1367 4033 sumpto

188 4095 206 4141 >
228 4091 310 4172 qua
325 4065 411 4165 tali,
437 4093 603 4174 seuqua.
619 4065 767 4175 Capiti,
788 4073 827 4146 et
848 4063 997 4144 Christi
1022 4063 1063 4143 in
1096 4061 1218 4144 terris
1239 4059 1366 4141 Vica-

185 4197 301 4298 ›rio,
334 4199 546 4280 Ecclesiae
569 4199 812 4298 universali,
846 4198 908 4278 vel
932 4197 1078 4279 celeris
1111 4196 1243 4278 dictae
1275 4193 1369 4275 uni·

185 4331 395 4414 ›versalis
416 4333 624 4415 Ecclesiae
646 4332 845 4414 membris
878 4329 1002 4432 uniri,
1037 4343 1110 4412 aut
1134 4330 1292 4430 unitae,
1327 4337 1367 4412 ct

185 4493 204 4540 a
226 4465 475 4574 conjunctus
492 4493 583 4547 esse
600 4466 795 4548 detrectat
819 4496 855 4546 »,
878 4465 946 4548 Sic
967 4462 1153 4546 schisma
1169 4463 1214 4544 fit
1235 4470 1274 4543 et
1290 4467 1365 4561 est,
