3380 5132
331 334 396 397 322
621 343 913 395 rancescerenus
936 345 1028 395 rums
1055 343 1222 396 ememor

337 483 544 584 patratum
574 472 628 552 sit
660 500 685 552 a
714 481 828 580 parte
857 471 966 552 fideli
1003 481 1095 580 post
1124 472 1431 552 conversionem
1464 483 1503 552 et

337 615 576 716 susceptum
608 607 829 714 baptisma3
861 653 881 666 -
911 619 956 708 (tt)
989 605 1053 685 vel
1084 606 1136 685 ab
1177 607 1319 687 eedem
1350 606 1404 688 sit
1434 633 1506 714 pa-

337 751 491 824 tratum
524 749 616 821 ante
647 741 973 842 conversionem;
996 785 1016 800 -
1037 754 1082 842 (γ)
1105 739 1168 820 vel
1188 740 1224 819 si
1255 766 1303 821 eo
1334 739 1504 821 crimine

338 903 382 956 se
415 875 537 956 ambo
569 873 836 974 foedaverint,
859 919 880 934 -
900 874 944 968 (δ)
975 873 1039 953 vel
1071 874 1236 954 demum
1267 873 1301 952 si
1333 898 1430 980 pars
1463 873 1504 951 in

339 1003 577 1090 infidelitate
614 1033 796 1131 manens·
826 1007 951 1115 hujus
991 1007 1175 1088 criminis
1206 1033 1277 1088 rea
1305 1007 1373 1088 sit.
1407 1007 1502 1110 -Si

340 1142 449 1222 enim
472 1140 650 1248 primum
673 1141 883 1246 contingat
903 1166 1000 1248 pars
1017 1141 1148 1221 fidelis
1168 1167 1249 1220 non
1270 1147 1403 1248 potest
1422 1141 1505 1248 pri·
1659 1143 1660 1186 ³

340 1273 488 1380 vilegio
520 1273 596 1353 hoc
618 1274 691 1372 uti,
719 1301 814 1354 cum
844 1302 940 1382 pars
972 1274 1146 1356 infidelis
1178 1275 1410 1356 discedendi
1433 1274 1505 1353 ha·
1659 1279 1660 1286 '

342 1408 479 1488 buerit
504 1407 731 1513 legitimam
754 1434 940 1508 causam,
964 1417 1004 1488 et
1024 1408 1285 1516 privilegium
1306 1409 1504 1490 tributum

338 1543 393 1622 sit
423 1541 465 1620 in
498 1541 678 1621 savorem
699 1541 809 1642 fidei,
834 1569 915 1621 non
936 1542 977 1622 in
1000 1540 1181 1622 favorem
1212 1542 1359 1641 delicti,
1385 1552 1507 1650 prout

271 1653 274 1671 ³
342 1675 486 1756 decisit
526 1676 569 1756 S.
616 1675 888 1782 Congregatio
929 1675 1207 1784 Inquisitienis
1247 1677 1314 1756 die
1357 1679 1374 1756 l
1420 1677 1508 1756 Au-

340 1799 450 1918 pu'sti
476 1809 600 1890 1759.
627 1809 668 1888 Si
693 1837 788 1889 vero
811 1810 1000 1890 adveniat
1019 1811 1227 1890 secundus
1248 1835 1385 1909 casua,
1410 1815 1508 1888 tunc

343 1967 437 2022 cum
480 1941 645 2022 macula
685 1943 875 2022 adulterii
916 1969 988 2050 per
1027 1942 1335 2022 conversionem
1366 1950 1405 2022 et
1435 1941 1509 2020 ba-

343 2075 539 2182 ptismum
572 2073 736 2155 sublata
766 2102 857 2154 esse
887 2085 1117 2176 censeatur,
1142 2083 1181 2156 et
1208 2101 1304 2184 pars
1334 2073 1508 2154 infidelis

343 2207 674 2288 irrationabiliter
695 2221 735 2290 et
761 2211 910 2316 injuste
932 2212 974 2288 in
994 2217 1186 2316 suscepto
1217 2207 1387 2290 consilio
1417 2235 1509 2316 per-

275 2429 281 2436 ,
342 2349 501 2422 sereret
531 2341 698 2422 minime
730 2371 773 2424 se
801 2345 907 2450 parti
937 2335 1044 2424 fideli
1076 2342 1378 2444 reconciliandi,
1404 2342 1510 2423 lacta

344 2473 682 2580 interpellatione,
708 2501 760 2554 an
782 2476 879 2556 velit
900 2503 996 2583 pars
1017 2475 1192 2556 infidelis
1218 2477 1395 2583 recipere
1418 2501 1511 2582 par-

343 2619 425 2688 tem
455 2606 617 2687 fidelem
649 2616 688 2688 et
718 2635 812 2689 cum
843 2635 892 2689 ea
923 2609 1078 2717 absque
1108 2610 1356 2690 contumelia
1387 2607 1509 2689 Crea-
1660 2609 1661 2616 '

345 2741 448 2821 toris
478 2739 678 2841 habitare,
703 2768 755 2820 ne
786 2769 881 2850 pars
911 2743 1042 2823 fidelis
1074 2745 1115 2823 in
1147 2751 1256 2824 statu
1279 2742 1511 2823 involunta-

345 2873 430 2953 riae
461 2863 735 2954 continentiae
766 2903 861 2956 cum
892 2877 1085 2983 peccandi
1116 2875 1297 2984 periculo
1328 2885 1506 2975 maneat,
1660 2909 1661 2972 j

345 3015 479 3114 potest
509 3007 610 3088 haec
641 3009 693 3088 ad
723 3010 805 3088 alie
834 3019 930 3090 vota
959 3011 1148 3109 transire,
1175 3017 1214 3091 et
1240 3011 1297 3090 ita
1326 3010 1510 3091 decisum
1660 2999 1661 3088 ?

349 3149 411 3221 est
441 3169 466 3220 a
496 3142 700 3249 Suprema
724 3143 990 3251 Inquisitione
1012 3145 1077 3224 dic
1102 3145 1153 3224 17
1174 3147 1353 3226 Juneur.
1383 3143 1507 3224 1797.
1599 3221 1603 3224 ,
1660 3131 1661 3134 ¹

348 3278 403 3354 nt
434 3275 469 3353 si
501 3276 645 3356 tertius
666 3303 789 3357 casus
820 3277 1025 3378 obveniat,
1050 3304 1145 3358 eum
1176 3279 1348 3358 crimina
1378 3277 1511 3384 quoad
1660 3355 1661 3364 .

348 3435 522 3516 poenam
554 3420 885 3518 compensentur,
919 3419 958 3492 et
988 3419 1153 3520 propter
1184 3411 1429 3494 adulterium
1461 3411 1512 3490 ab

350 3554 521 3650 utroque
552 3545 819 3626 commissum
863 3555 1008 3626 neutra
1047 3573 1142 3654 pars
1173 3547 1321 3628 habeat
1357 3547 1511 3654 justam

347 3701 517 3756 causam
549 3675 797 3777 discedendi,
832 3678 867 3756 si
898 3685 994 3791 post
1020 3679 1385 3787 interpellationem
1416 3705 1512 3788 pars

350 3807 524 3887 infidelis
546 3811 724 3890 renuerit
744 3811 931 3892 habitare
953 3813 1108 3920 absque
1129 3811 1377 3896 contumelia
1392 3813 1514 3894 Crea-

350 3939 464 4038 toriS,
495 3949 628 4049 potest
657 3969 754 4050 pars
784 3943 915 4024 fidelis
947 3945 998 4025 ad
1030 3945 1112 4025 alia
1132 3953 1226 4027 vota
1257 3945 1444 4046 transire,
1470 3955 1515 4024 ut

349 4074 467 4155 docet
506 4101 599 4155 eum
642 4077 830 4184 pluribus
860 4077 1109 4182 Doctoribus
1139 4081 1385 4162 Benedictus
1416 4077 1515 4159 XlV

352 4207 394 4286 in
419 4209 581 4300 ezraest.
612 4213 766 4294 Cenon.
796 4215 892 4293 546.
919 4213 1038 4306 Quod
1069 4215 1104 4295 si
1136 4216 1301 4296 demum
1324 4213 1515 4316 adveniat

351 4341 597 4426 adulterium
629 4353 835 4454 patratum
867 4373 958 4428 esse
993 4349 1045 4429 ab
1084 4349 1249 4451 infideli,
1288 4359 1385 4432 tuuc
1421 4375 1517 4456 pars
