3360 5126
532 459 631 505 nune
654 459 686 503 v.
709 475 751 487 -
776 459 917 506 rrrunus
939 459 1006 505 m.
1296 437 1364 504 257

183 589 337 684 stillae,
372 582 471 694 quia
501 591 563 665 est
596 582 761 666 violatio
787 583 908 691 juriS,
941 585 1050 690 quod
1082 583 1280 691 conjuges
1313 587 1364 665 ad

184 720 359 802 invicem
391 718 558 818 habent,
597 724 643 798 ut
673 717 859 825 obligare
899 743 945 798 se
986 717 1162 799 invicem
1205 717 1365 825 possint

183 855 234 936 ad
256 881 339 936 non
363 853 630 935 dividendum
650 877 815 934 carnem
838 877 961 934 suam
982 878 1076 932 cum
1110 852 1207 952 alio,
1228 851 1362 958 prouti

183 987 301 1068 docet
332 986 375 1068 S.
411 985 599 1066 Thomas
619 989 664 1071 2.
691 989 737 1070 2.
758 1013 799 1092 q.
825 987 928 1066 154.
954 992 1036 1066 art.
1063 989 1107 1066 8.
1138 985 1255 1080 Quae
1278 1009 1362 1064 ma-

183 1119 269 1200 litia
310 1118 590 1201 consentiente
631 1118 753 1200 etiam
796 1119 926 1200 altera
966 1125 1095 1226 parte,
1141 1146 1222 1200 non
1264 1117 1360 1200 toll·
1469 1211 1471 1216 ,

182 1253 281 1356 itur,
315 1253 415 1362 quia
450 1253 521 1361 jus
557 1253 788 1361 conjugale,
823 1253 862 1332 vi
895 1253 1016 1335 cuius
1046 1253 1171 1352 licite,
1197 1263 1236 1336 et
1251 1253 1363 1360 juste

182 1387 333 1496 copula
354 1395 582 1487 exercetur,
603 1377 765 1469 nonest
785 1389 826 1468 in
848 1395 1046 1495 potestate
1068 1387 1291 1495 conjugum
1314 1414 1362 1468 eo

181 1547 323 1621 sensu,
349 1533 395 1603 ut
416 1521 525 1602 istud
547 1523 588 1602 in
611 1521 785 1603 alterum
814 1521 1049 1620 transferre,
1070 1520 1132 1602 vel
1164 1521 1214 1601 ad
1237 1517 1362 1602 usum

181 1655 443 1735 commodare
489 1655 649 1764 possint
686 1655 727 1734 in
757 1681 926 1762 gravem
962 1654 1144 1736 auctoris
1189 1659 1360 1736 naturae

183 1785 392 1892 injuriam,
417 1773 487 1896 qui
510 1788 673 1870 vinculo
706 1789 980 1870 indissolubili
1012 1798 1234 1895 utrumque
1265 1813 1362 1868 con-

175 1919 320 2026 jugem
352 1922 588 2006 adstrinxit.
613 1923 721 2005 Hinc
744 1925 890 2006 merito
919 1924 1008 2006 Inn.
1039 1925 1097 2005 XI
1128 1924 1361 2032 oppositam

181 2058 500 2164 propositionem
532 2059 759 2158 damnavit,
783 2085 888 2166 quae
910 2059 971 2140 sic
991 2086 1036 2139 se
1058 2058 1255 2139 habet-
1274 2059 1358 2138 Co-

172 2187 278 2296 pula
300 2216 389 2270 oum
407 2192 640 2300 conjugatu,
676 2192 961 2272 constantiente
993 2194 1158 2283 marite,
1192 2217 1272 2270 non
1304 2200 1360 2271 est

177 2321 443 2418 adulterium,
489 2324 655 2431 ideoque
685 2325 838 2433 sufficit
871 2327 912 2406 in
944 2323 1196 2432 consessione
1225 2323 1361 2405 dicere

176 2482 218 2538 sc
254 2483 338 2542 esse
369 2459 650 2569 fornicatum.

222 2643 224 2648 .
270 2575 534 2657 Adulterium
568 2573 729 2682 proprie
765 2571 919 2656 dictum
951 2571 1146 2654 dividitur
1180 2573 1223 2652 in
1261 2577 1359 2654 sirn-

173 2715 292 2824 pleoe,
326 2709 413 2789 sive
447 2707 703 2808 unilaterale,
739 2715 778 2788 et
809 2706 980 2817 duplos,
1019 2706 1107 2786 sive
1129 2705 1353 2787 bilaterale.

179 2843 368 2952 Simplex
400 2841 590 2942 habetur,
625 2850 663 2922 et
685 2849 747 2922 est
769 2867 851 2922 non
874 2842 1009 2922 solum
1041 2842 1205 2949 quando
1236 2841 1354 2923 solu-

177 2986 245 3058 tus
277 3001 373 3058 cum
405 2975 643 3082 conjugata,
677 2975 749 3055 sed
772 2975 896 3054 etiam
919 2975 1085 3082 quando
1110 2974 1358 3082 conjugatus

177 3138 271 3192 oum
315 3109 451 3190 soluta
481 3109 700 3191 carnaliter
733 3108 943 3189 miscetur.
983 3110 1088 3190 Can.
1128 3111 1232 3191 Cum
1262 3136 1356 3220 erpo

168 3250 263 3354 post
294 3270 384 3323 cun.
420 3243 526 3322 Illae
557 3245 627 3342 14,
665 3269 776 3324 caus.
823 3246 899 3342 32,
934 3251 1090 3350 quaest.
1126 3247 1155 3324 5
1187 3251 1224 3323 ct
1261 3271 1351 3325 can.

174 3379 284 3459 Puto
315 3378 370 3458 16
403 3377 496 3458 eud.
533 3403 645 3460 curos.
681 3385 718 3458 et
750 3385 905 3486 quaest.
933 3403 1025 3457 cun.
1051 3375 1148 3455 Non
1169 3377 1355 3456 moccho-

175 3514 280 3594 beris
311 3519 387 3592 etc.
425 3509 548 3592 Ratio
570 3519 632 3592 est
654 3512 752 3619 quia
775 3511 834 3590 vir
861 3537 990 3618 aeque
1022 3537 1070 3591 ac
1101 3536 1205 3591 uxor
1235 3509 1287 3590 ad
1308 3510 1357 3590 fi-

173 3647 266 3726 dem
283 3644 543 3752 conjugalem
561 3643 848 3752 adstringitur.
874 3645 977 3724 Can.
997 3641 1129 3724 Nemo
1147 3669 1258 3725 eous.
1274 3646 1352 3742 32,

172 3789 326 3888 quaest.
370 3782 436 3859 4.“
466 3777 630 3888 Duplex
661 3805 758 3876 vero
793 3779 881 3860 sive
924 3778 1132 3860 bilaterale
1162 3778 1351 3879 habetur,

172 3921 211 3993 et
242 3921 319 4013 est,
360 3913 525 4021 quando
574 3921 746 4022 utraque
777 3938 954 4021 persona
989 3911 1226 3993 coeuntium
1258 3937 1352 3990 ma-

173 4043 364 4125 trimonio
417 4053 477 4125 est
513 4043 653 4151 ligata.
688 4046 778 4128 Hoc
820 4045 1068 4128 adulterium
1110 4045 1262 4154 duplex
1294 4051 1356 4124 est

172 4178 340 4284 gravius
382 4177 582 4260 adulterio
624 4178 817 4287 simplici,
852 4179 949 4287 qnia
991 4206 1063 4288 per
1094 4179 1230 4287 ipsum
1272 4205 1354 4260 non

171 4319 332 4394 tantum
365 4312 542 4394 laeditur
573 4313 674 4394 fides
705 4313 894 4421 propriae
930 4313 1053 4394 uxori
1093 4312 1247 4413 debita,
1280 4313 1354 4394 sed

171 4445 293 4528 etiam
319 4449 391 4556 jus
422 4448 600 4532 laeditur
631 4448 800 4530 alterius
822 4447 975 4549 meriti,
999 4457 1039 4531 et
1060 4449 1228 4558 saepius
1251 4447 1351 4529 libe·

282 4611 490 4657 nmnm.
1210 4597 1227 4652 9
