3264 5146
290 419 332 482 20
577 429 868 482 rsaunucrrouas
893 429 986 479 rums
1012 429 1178 480 cauomm

297 589 347 642 no
379 562 544 642 daretur
575 559 738 641 lieentia
774 557 1037 641 contrahendi
1077 557 1387 640 matrimonium
1418 559 1461 638 in

297 695 584 777 detrimentum
616 693 901 802 promissionis
930 690 1209 799 sponsalitiae.

413 829 473 908 8.⁰
503 827 569 907 Ad
611 826 734 906 aliam
775 833 933 933 partem
975 825 1081 906 tituli
1122 825 1360 906 aecedentes
1401 825 1461 904 lo-

295 959 462 1066 quimur
482 959 531 1039 de
546 958 838 1040 Matrimoniis.
859 957 1170 1038 Matrimonium
1190 957 1365 1065 spectari
1386 985 1460 1065 po-

297 1103 375 1178 test
395 1102 441 1173 ut
461 1099 695 1173 contractus
716 1101 756 1172 et
777 1099 823 1173 ut
842 1099 1163 1172 sacramentum.
1189 1091 1234 1172 Si
1254 1099 1460 1199 spectetur

295 1239 342 1310 ut
373 1234 607 1308 eontraotus
633 1225 840 1306 definitur:
879 1224 1045 1304 «maris
1067 1233 1106 1304 et
1128 1224 1329 1306 foeminae
1359 1226 1461 1331 legi-

294 1364 489 1444 timarum
521 1384 790 1465 personarum
821 1357 1053 1464 conjunctio
1076 1358 1330 1439 individuam
1351 1359 1458 1438 vitan

295 1491 633 1577 consuetudinem
666 1492 902 1572 retinens.»
937 1490 1019 1572 Ubi
1052 1517 1148 1570 vero
1179 1491 1460 1572 consideretur

295 1636 341 1709 ut
371 1632 676 1707 sacramentum
717 1625 921 1706 definitur:
960 1631 1235 1705 <contractus
1276 1625 1460 1732 baptiza-

292 1769 430 1842 torum
460 1759 669 1866 legitimus
710 1766 749 1838 et
780 1757 1074 1838 indissolubilis
1114 1758 1219 1838 iuter
1249 1758 1383 1837 virum
1419 1767 1460 1838 et

297 1894 532 1994 foeminam,
567 1919 648 2000 quo
679 1892 855 1973 traditur
874 1900 913 1972 et
934 1900 1169 1999 acceptatur
1193 1899 1339 1972 mutua
1368 1917 1459 1971 oor-

293 2054 440 2137 porum
480 2035 663 2134 potestas
695 2025 906 2107 inordina
944 2026 995 2106 ad
1036 2032 1153 2105 actus
1183 2025 1234 2105 de
1264 2051 1308 2106 se
1339 2032 1458 2132 aptos

294 2161 345 2242 ad
376 2160 504 2268 prolis
534 2158 839 2265 generationem
870 2158 1053 2238 elevatus
1075 2185 1100 2240 a
1120 2157 1282 2238 Christo
1314 2159 1365 2238 ad
1395 2159 1457 2239 di-

293 2293 489 2399 gnitatem
512 2291 756 2372 sacramenti
773 2300 813 2372 et
830 2291 1043 2372 conferens
1065 2291 1239 2396 gratiam
1261 2319 1312 2372 ex
1333 2317 1455 2400 opere

293 2431 519 2532 operato.»
555 2425 741 2517 Quarum
771 2425 1054 2506 definitionum
1085 2425 1210 2505 verba
1239 2424 1280 2503 in
1305 2433 1457 2507 tracta-

294 2557 404 2638 tione
426 2565 695 2665 exponentur.
723 2558 974 2639 Matrimonii
1004 2584 1125 2665 porro
1151 2559 1257 2638 duae
1278 2568 1375 2640 sunt
1395 2559 1457 2641 di-

294 2689 490 2790 visiones3
509 2688 642 2797 primo
664 2690 773 2770 enim
794 2690 989 2772 dividitur
1004 2691 1045 2770 in
1063 2692 1299 2800 lepitimum,
1319 2699 1456 2772 ratum

294 2834 334 2904 et
351 2833 682 2904 consummatum.
710 2827 953 2932 Lopitimum
968 2833 1031 2906 est
1046 2826 1154 2932 quod
1176 2853 1201 2906 a
1220 2826 1457 2933 nou-bapti-

293 2956 395 3037 zatis
427 2955 683 3038 contrahitur
706 2957 881 3058 servatis
912 2957 1073 3065 legibus
1095 2957 1369 3058 naturalibus,
1394 2957 1455 3036 di-

294 3092 416 3192 vinis²
445 3099 485 3172 et
505 3093 624 3200 forte
654 3090 859 3172 civilibus
884 3093 1132 3174 Addidimus
1163 3092 1262 3174 illud
1283 3092 1454 3173 verbum

281 3226 415 3330 forte,
439 3224 538 3333 quia
568 3253 652 3306 non
684 3225 832 3306 desunt
852 3227 1063 3326 DoctoreS,
1089 3226 1158 3334 qui
1189 3233 1352 3306 teneant
1382 3253 1454 3334 po-

292 3365 479 3437 testatem
507 3358 671 3439 eivilem
692 3357 793 3437 nihil
815 3358 963 3438 addere
985 3386 1105 3466 posse
1126 3353 1455 3439 ordinationibus

286 3487 394 3595 juris
426 3490 625 3570 naturalis
656 3498 695 3570 et
725 3491 889 3604 positivi
920 3490 1047 3571 divini
1077 3517 1209 3598 neque
1240 3491 1282 3571 in
1312 3491 1454 3570 matri-

292 3619 431 3700 monio
462 3645 487 3699 a
518 3623 837 3729 non-baptizatis
879 3630 1103 3723 oontra0t03
1146 3623 1222 3702 etsi
1263 3649 1455 3704 numero-

292 3756 424 3836 siores
446 3756 643 3838 Doctores
674 3755 791 3836 aliter
821 3757 1016 3858 sentiunt,
1046 3767 1168 3864 prout
1192 3765 1333 3838 nostra
1362 3785 1454 3838 sen-

293 3888 419 3970 tentia
447 3899 523 3988 est,
561 3890 668 3997 quod
700 3889 909 3997 aliquam
941 3892 1018 3972 hon
1058 3891 1283 3973 infidelium
1314 3892 1454 3972 matri-

293 4023 431 4104 monio
448 4025 596 4104 addere
613 4031 652 4104 et
667 4023 855 4104 ordinare
872 4025 1034 4106 valeant
1054 4026 1193 4106 civiles
1213 4032 1449 4131 potestates

290 4156 405 4236 salvo
426 4165 561 4238 tamen
577 4158 670 4265 jure
693 4159 868 4239 naturali
891 4167 930 4240 et
950 4159 1125 4266 positivo
1156 4159 1292 4240 divino
1313 4159 1454 4267 primi-

290 4290 426 4397 genio.
451 4293 605 4373 Rotam
635 4294 743 4401 quod
774 4293 1034 4401 abaptizatis
1065 4292 1322 4376 contrahitur
1351 4319 1453 4373 non-

293 4425 391 4506 dum
410 4425 563 4506 carnali
581 4426 728 4535 copula
744 4427 989 4536 completum
1007 4456 1057 4508 ox
1080 4454 1169 4540 rap.
1191 4429 1216 4509 7
1234 4428 1283 4507 de
1299 4427 1447 4509 divort.
