3136 5138
429 402 543 469 'nmnn
566 418 613 466 ir.
638 436 657 449 -
681 419 819 471 nunnus
844 417 876 471 v,
1182 401 1244 466 141

98 545 199 626 etde
230 545 381 646 futuro,
415 551 501 625 sive
532 544 633 627 huon
662 553 871 654 postrema
901 545 955 626 sit
990 545 1235 644 necessaria,

8 673 9 764 i
98 680 170 760 sive
197 680 450 787 contingens
475 681 510 760 E
531 689 673 762 eontra
702 681 879 764 conditio
908 684 1046 761 sotere
1074 689 1240 789 sumpta

8 853 9 926 ξ
98 811 248 892 includit
292 821 453 893 tantum
498 813 774 894 conditionem
814 814 863 893 de
905 813 1042 894 futuro
1083 812 1240 894 eontin-

8 955 10 1032 ζ
99 953 254 1050 gentem.
290 945 400 1038 Quin
440 945 523 1028 imo
563 947 719 1053 primae
760 945 1011 1027 conditiones
1051 973 1132 1026 non
1167 973 1239 1026 su-

8 1053 10 1080 ³
99 1080 282 1184 spendunt
312 1077 619 1186 obligationem,
652 1081 725 1161 sed
764 1079 904 1161 statim
945 1087 1016 1160 aut
1054 1079 1237 1179 firmant,

99 1219 155 1292 aut
171 1211 331 1311 tollunt,
354 1219 476 1320 prout
495 1212 755 1293 verificantur
771 1213 834 1292 vel
856 1239 938 1292 non
960 1211 1238 1312 verificantur,

99 1351 218 1426 etant
247 1345 387 1426 statim
417 1345 600 1428 nascitur
629 1353 668 1426 et
697 1353 907 1453 permanet
937 1345 1147 1452 obligatio,
1176 1343 1241 1424 vel

99 1479 323 1587 aprinoipio
343 1507 425 1560 non
446 1480 642 1562 nascitur:
668 1488 689 1560 a
712 1489 853 1562 eontra
873 1479 914 1560 in
935 1480 1240 1561 conditionibus

99 1612 138 1690 do
163 1612 296 1693 futuro
327 1613 657 1718 contingentibus
687 1611 883 1718 obligatio
904 1639 985 1692 non
1006 1613 1145 1694 statim
1168 1642 1242 1694 na-

100 1741 217 1844 scitur,
243 1745 316 1826 sed
347 1755 564 1853 postquam
586 1745 793 1828 verificabo
823 1753 885 1826 est
913 1746 1104 1826 conditio,
1130 1745 1240 1838 Quin

100 1874 166 1958 imo
183 1879 222 1960 in
244 1879 442 1987 principio
463 1881 676 1961 dubitatur
690 1885 743 1959 ab
759 1887 977 1960 enascatur
995 1906 1121 1959 neone
1138 1879 1243 1960 obli-

8 2119 9 2124 ,
98 2011 202 2113 gotio,
237 2021 277 2094 et
307 2013 566 2094 solummodo
597 2013 710 2094 nasei
743 2012 905 2113 dieitur,
940 2039 1033 2092 oum
1065 2011 1244 2093 conditio

8 2139 9 2142 ‘
99 2142 245 2252 impleta
260 2156 336 2228 est.
357 2145 500 2256 Neque
522 2149 681 2229 dicatur
696 2155 945 2255 apponentes
967 2147 1239 2228 conditionem

99 2275 269 2384 ignorare
291 2309 343 2362 an
365 2308 413 2362 ea
433 2281 641 2363 verificata
661 2281 730 2382 sit;
749 2309 927 2391 namque
942 2281 978 2360 si
995 2307 1043 2362 ea
1058 2282 1107 2361 de
1122 2307 1243 2388 prae-

98 2411 196 2493 terito
220 2409 349 2495 luerit
369 2413 432 2494 vel
464 2415 514 2494 de
543 2415 762 2522 praesenti,
786 2413 861 2495 etsi
892 2415 1037 2494 debeat
1058 2413 1240 2520 dignosci

98 2567 139 2624 an
153 2572 197 2626 ea
212 2547 335 2628 luerit
351 2548 559 2628 verificata
573 2547 637 2627 vel
652 2573 749 2648 non,
768 2574 929 2654 semper
945 2553 1081 2626 tamen
1098 2573 1242 2626 verum

96 2687 158 2777 est,
188 2681 295 2788 quod
327 2707 421 2764 eum
452 2680 685 2789 apponitur,
710 2689 782 2761 aut
803 2707 851 2761 ea
872 2689 934 2761 est
955 2681 1017 2760 vel
1048 2703 1130 2760 non
1161 2689 1238 2780 est,

54 2829 62 2846 ·
97 2833 134 2890 ae
159 2815 325 2920 proinde
355 2814 494 2896 statim
525 2815 778 2920 dignoscitur
797 2816 832 2894 si
854 2822 975 2895 onata
997 2814 1118 2894 luerit
1137 2814 1241 2894 obli-

97 2947 188 3048 gatio
209 2949 273 3028 vel
294 2975 393 3048 non3
417 2950 525 3030 unde
556 2949 696 3030 statim
723 2949 826 3029 cedit
857 2949 1051 3056 obligatio
1073 2947 1136 3027 vel
1158 2973 1238 3026 non

96 3077 194 3162 redd.
219 3083 578 3175 Quemadmodum
601 3083 642 3162 in
664 3083 967 3164 conditionibus
998 3079 1242 3162 necessariis

97 3207 227 3296 suturis
258 3216 398 3295 statim
429 3215 534 3296 cedit
563 3215 773 3324 obligatio,
808 3217 901 3325 qnia
935 3242 1006 3296 eae
1038 3222 1146 3296 nerto
1177 3213 1244 3292 su-

96 3349 193 3428 turae
223 3357 336 3449 sunt,
370 3349 532 3430 etiamsi
563 3351 615 3431 ad
645 3351 862 3458 petendam
892 3349 956 3429 vol
993 3347 1236 3454 exigendam

96 3476 383 3588 obligationem,
407 3490 572 3590 tempus
603 3483 749 3564 debeat
779 3480 945 3580 attendi,
976 3507 1056 3589 quo
1088 3479 1240 3559 laetum

95 3615 319 3698 verificetur.
345 3616 438 3698 Non
469 3618 529 3698 sio
560 3645 654 3697 vero
686 3617 727 3696 in
758 3616 1060 3732 conditionibus
1092 3611 1243 3694 futuris

94 3749 409 3858 contingentibus
435 3751 614 3852 advenit3
638 3778 732 3833 oum
764 3777 836 3832 eae
857 3749 1057 3832 verificari
1080 3727 1265 3827 valeant

95 3879 145 3958 vel
164 3908 258 3985 non;
281 3883 452 3992 proinde
484 3883 572 3964 dies
598 3883 859 3991 obligationis
880 3909 955 3964 neo
977 3910 1018 3963 ee
1035 3881 1081 3963 lit
1101 3881 1241 3964 statim

93 4035 153 4094 nec
173 4019 290 4118 uenit,
315 4018 386 4098 sed
408 4025 569 4098 tantum
599 4017 968 4125 quandoeonditio
989 4015 1241 4112 verificatur,

8 4253 9 4266 ἦ
94 4169 173 4228 eum
203 4151 251 4231 eet
276 4177 358 4232 non
380 4150 588 4232 verificatd
616 4177 747 4258 neque
779 4159 997 4232 enascatur
1026 4147 1237 4256 obligatio.

95 4275 237 4364 Dicitur
257 4293 396 4367 autem
412 4285 561 4366 resolvi
579 4284 788 4392 obligati0,
810 4271 905 4366 oum
923 4292 1039 4367 aolus
1056 4284 1107 4364 ab
1124 4281 1241 4362 initio

8 4429 10 4508 t
82 4421 146 4510 ,est
173 4411 365 4528 simplex,
390 4419 568 4504 conditio
599 4427 737 4500 tamen
766 4419 902 4520 efficit,
926 4430 972 4500 ut
992 4401 1126 4498 ualeat
1155 4441 1244 4495 ees-
