3136 5138
268 379 313 443 90
558 386 851 440 rnaunucrionna
873 387 967 438 mnis
991 385 1159 438 eduorum

277 521 393 601 nium
423 517 568 600 deinde
598 524 852 598 contractum
882 515 1071 624 quamvis
1106 516 1243 599 illicite
1274 516 1434 617 initum,

278 661 414 734 tamen
441 659 504 732 est
524 649 656 731 valide
677 649 944 750 celebratum,
969 649 1048 729 nisi
1070 648 1181 731 aliud
1211 651 1343 732 obstet
1364 652 1441 732 im·

277 787 571 895 pedimentum,
605 792 645 865 et
674 783 808 890 proles
838 809 890 863 ex
921 783 999 866 hoc
1028 791 1149 866 enata
1168 783 1357 867 habenda
1380 793 1441 866 est

280 927 325 1000 ut
345 918 541 1026 legitima.
565 917 622 996 At
642 915 713 997 filii
735 915 819 998 nati
851 943 903 996 ex
934 916 1194 998 matrimonio
1221 945 1303 998 non
1323 943 1440 1026 prae·
1556 989 1557 994 i

278 1051 417 1134 missis
438 1049 818 1134 denuntiationibus
847 1047 1064 1151 celebrem,
1088 1052 1195 1158 quod
1220 1078 1273 1133 ex
1293 1051 1440 1134 latente
1557 1145 1558 1150 Ν

277 1185 567 1294 impedimento
598 1182 778 1263 etiams
807 1180 993 1288 pertibus
1018 1182 1205 1290 ignorato
1235 1184 1356 1264 fuerit
1376 1184 1440 1263 in-

276 1317 472 1417 validum,
515 1324 613 1398 sunt
642 1313 842 1422 illegitimi
872 1315 921 1395 de
951 1323 1168 1422 parentum
1208 1317 1440 1424 ignorantia
1559 1370 1560 1414 ,

276 1451 436 1533 nullum
470 1450 652 1532 habituri
682 1450 932 1550 subsidium,
966 1477 1060 1532 cum
1091 1449 1148 1530 illi
1179 1451 1313 1532 taliter
1342 1477 1441 1532 con·
1560 1516 1561 1558 ,

275 1583 487 1684 trahendo,
522 1609 604 1663 non
634 1591 719 1664 tam
745 1591 931 1690 expertes
961 1582 1169 1683 scientiae,
1200 1583 1263 1664 vel
1294 1583 1439 1664 saltem
1561 1662 1562 1700 ἔ

274 1718 532 1800 affectatores
573 1716 827 1825 ignorantiae
857 1713 1088 1818 videantur,
1131 1725 1252 1824 prout
1292 1716 1442 1798 dicitur
1562 1810 1563 1834 ,

270 1880 362 1963 cop.
400 1855 424 1932 3
456 1852 497 1932 h.
534 1861 562 1932 t.

391 1988 454 2068 4?
484 1986 666 2068 Ulterius
697 2009 961 2092 progressum
982 1983 1106 2064 estin
1129 1984 1250 2065 citato
1267 1985 1441 2066 Decreto
1563 1956 1564 1992 ι

271 2117 502 2200 Concilium
534 2117 836 2216 Tridentium,
860 2117 1063 2225 siquidem
1084 2144 1135 2198 ex
1156 2119 1352 2226 expositis
1374 2144 1443 2198 ra·
1564 2145 1565 2150 ‘

273 2252 455 2333 tionibus
478 2251 651 2332 lormam
667 2249 776 2331 dedit
791 2250 1106 2332 substantialem
1122 2251 1313 2358 conjugio
1330 2251 1441 2332 chri·
1565 2250 1566 2284 ¹

271 2384 500 2466 stianorum
532 2386 612 2465 sub
643 2384 792 2465 verbis:
831 2383 949 2476 «Qui
983 2384 1114 2485 aliter,
1158 2411 1281 2493 quam
1323 2411 1443 2494 prae
1566 2396 1567 2438 l

278 2526 429 2598 »sente
460 2519 654 2627 parocho,
689 2519 751 2600 vel
782 2519 862 2600 alio
892 2520 1102 2601 sacerdota
1134 2521 1183 2601 de
1214 2520 1345 2628 ipsius
1367 2548 1441 2629 pa-

278 2683 295 2720 »
317 2643 428 2732 rc'chi
461 2660 532 2734 eut
551 2651 757 2734 Ordinarii
779 2651 957 2754 licentia,
983 2661 1022 2732 et
1042 2654 1205 2734 duobus
1226 2653 1288 2734 vel
1306 2653 1441 2734 tribus

277 2783 490 2864 »testibus
520 2784 827 2864 matrimonium
857 2783 1096 2868 contrahere
1132 2787 1435 2884 attentaverint,

240 2975 244 2980 .
278 2941 387 2996 »eos
417 2916 462 2997 S.
499 2915 691 3024 Synodus
722 2917 773 2996 ad
808 2917 868 2998 sic
909 2919 1232 3000 contrahendum
1273 2917 1441 2998 omnino

277 3082 293 3120 »
315 3047 521 3130 inhabiles
551 3049 696 3148 reddit,
730 3057 771 3129 et
790 3049 1025 3157 hujusmodi
1047 3059 1281 3132 contractus
1303 3050 1442 3131 irritos

274 3193 352 3264 »et
383 3185 518 3266 nullos
551 3211 641 3264 esse
673 3183 865 3284 decernit,
901 3193 1022 3290 prout
1051 3210 1122 3266 eos
1143 3186 1345 3292 praesenti
1368 3188 1441 3268 de·

276 3327 423 3400 »creto
458 3317 594 3399 irritos
625 3317 720 3398 lacit
750 3325 790 3398 et
819 3315 1017 3396 annullat.
1043 3349 1061 3392 >
1096 3318 1196 3400 Post
1225 3319 1332 3426 quod
1371 3319 1443 3400 de-

269 3460 428 3532 cretum
466 3478 548 3532 non
588 3451 761 3558 quisque
801 3475 1026 3530 consensus
1067 3476 1335 3557 personarum
1376 3455 1441 3534 vel

274 3583 409 3663 verbis
442 3584 505 3662 vel
537 3583 697 3664 actibus
728 3583 1027 3686 manifestatus
1060 3584 1131 3664 sed
1162 3591 1440 3664 tantumcon·

271 3743 420 3798 sensus
450 3713 733 3822 legitimarum
764 3741 1032 3823 personarum
1063 3715 1198 3796 editus
1228 3741 1367 3796 coram
1393 3715 1442 3794 il-

274 3850 325 3929 lis
355 3849 581 3956 designatis
613 3848 798 3956 personis
818 3849 1029 3931 constituit
1048 3849 1371 3948 matrimonium,
1401 3857 1441 3929 et

272 3981 391 4064 aliter
419 3983 542 4064 datus
573 4007 800 4062 consensus
830 3990 891 4063 est
923 3983 1114 4091 informis
1136 3981 1303 4088 proinde
1326 3981 1442 4062 inva-

273 4115 397 4215 lidus,
431 4114 530 4223 quia
560 4114 692 4196 lorrna
720 4124 783 4196 est
812 4115 1110 4198 substantialis:
1146 4123 1185 4196 et
1208 4141 1288 4196 non
1305 4114 1441 4230 solum

273 4273 355 4328 non
387 4246 563 4328 habetur
596 4257 917 4349 sacramentum5
960 4249 1031 4329 sed
1073 4275 1147 4329 nec
1186 4255 1437 4348 contractus

271 4379 343 4487 qui
375 4379 516 4462 irritus
547 4388 587 4462 at
617 4380 758 4463 nullus
785 4388 847 4463 est
877 4389 997 4489 prout
1027 4407 1075 4462 eo
1105 4381 1266 4462 decreto
1295 4379 1443 4464 Conci-
