3360 5126
512 419 613 464 urana
634 417 668 462 v.
690 433 734 444 —-
757 416 898 464 arnonus
921 417 989 462 xix.
1269 391 1336 462 283

157 557 251 630 tum
292 573 343 626 ex
379 542 556 652 justitia,
590 543 685 622 licet
728 543 777 622 dc
817 567 865 620 eo
903 540 1063 620 nullum
1094 539 1338 621 interveniat

111 775 114 780 ,
158 689 343 789 pactum.
368 679 472 786 Arp.
499 703 590 786 cap.
630 673 979 756 Gorzoubitai.
1006 673 1336 754 Concentioaatis

155 822 222 894 est
252 839 333 920 qua
354 809 519 919 praevio
551 816 669 916 pacto
701 807 854 916 petitur
875 805 1030 914 aliquid
1056 805 1163 885 ultra
1182 814 1336 888 sortem

157 947 310 1028 mutui.
344 945 487 1026 Realis
519 949 658 1023 autem
679 952 757 1040 est,
792 968 889 1023 cnm
921 936 1211 1047 quis'mutuat
1240 965 1336 1020 oum

160 1088 278 1188 pacto
310 1104 524 1186 expresso,
560 1077 624 1158 vel
654 1077 779 1158 tacito
810 1075 1036 1184 accipiendi
1059 1074 1167 1155 ultra
1182 1080 1335 1154 sortem

160 1215 324 1294 luorum
355 1241 406 1292 ex
439 1219 600 1294 mutuo.
634 1210 773 1292 Tertio
796 1210 992 1304 dividitur
1014 1209 1056 1288 in
1076 1233 1330 1318 expressam,

157 1373 236 1427 seu
266 1346 548 1453 naanffestam,
573 1351 613 1426 et
634 1345 817 1435 tacitam,
843 1369 918 1424 seu
932 1342 1173 1452 palliatam.
1195 1341 1337 1422 Usura

157 1505 374 1586 expressa,
407 1505 483 1560 seu
514 1477 761 1575 manifesta,
785 1484 825 1558 et
856 1476 1039 1557 formalis
1070 1481 1147 1572 est,
1172 1474 1336 1582 quando

159 1615 381 1720 cupresso,¹
397 1638 471 1692 seu
494 1609 726 1710 manifeste,
751 1617 791 1691 et
808 1609 1032 1691 formaliter
1047 1608 1228 1716 exigitur
1243 1631 1338 1714 pre·

158 1746 265 1828 tium
297 1773 370 1852 pro
402 1753 564 1843 mutuo,
599 1753 645 1826 ut
676 1755 785 1826 esset
814 1743 850 1824 si
882 1743 975 1851 quis
1012 1749 1220 1824 mutuaret
1241 1768 1337 1822 cen-

158 1891 249 1962 tum
267 1905 315 1959 eo
336 1905 532 1986 expresso
549 1888 683 1986 pacta,
703 1887 749 1960 ut
765 1877 844 1959 sibi
867 1879 1134 1958 redderentur
1149 1882 1333 1974 centum,

159 2023 201 2093 at
230 2013 425 2123 quinqua.
461 2013 602 2094 Usura
619 2011 757 2111 tacita,
782 2039 856 2092 seu
879 2011 1061 2118 palliata,
1087 2019 1127 2092 et
1147 2009 1337 2090 virtualis

157 2153 236 2243 est,
261 2171 366 2252 quae
388 2171 472 2224 non
487 2143 758 2226 committitur
779 2145 818 2222 vi
840 2151 1075 2224 contractus
1098 2142 1232 2222 mutui
1255 2141 1338 2222 lor-

160 2279 297 2377 malis,
322 2285 362 2358 ct
381 2279 581 2384 expressi,
605 2277 677 2356 sed
700 2276 871 2358 alterius
892 2283 1129 2357 contractus
1146 2275 1332 2373 nomine,

158 2439 208 2493 ac
248 2411 385 2519 specie
426 2409 549 2492 veluti
593 2409 717 2516 pallio
748 2408 940 2507 contecti,
975 2415 1015 2490 et
1044 2407 1250 2506 occultati,
1291 2415 1338 2487 ut

157 2549 259 2628 dum
292 2544 474 2652 praecise
505 2543 558 2624 ob
590 2544 873 2650 anticipatum,
907 2551 980 2623 aut
1010 2542 1179 2623 dilatam
1214 2540 1334 2622 solu-

159 2679 313 2760 tionem
354 2677 508 2786 aliquid
549 2679 599 2758 de
635 2677 750 2783 justo
792 2675 927 2784 pretio
969 2673 1221 2774 detrahitur,
1266 2682 1338 2756 aut

157 2837 288 2919 supra
312 2810 475 2917 justum
508 2808 684 2917 pretium
715 2809 894 2914 exigitur
924 2835 1017 2918 arp.
1063 2835 1155 2918 cap.
1191 2809 1240 2888 ln
1281 2811 1337 2890 ci·

158 2946 284 3025 citata
314 2951 386 3024 tua
417 2949 445 3024 6
477 2942 724 3042 chsaris.

245 3078 402 3169 Quarto
434 3075 629 3157 dividitur
665 3100 793 3155 usura
824 3075 866 3154 in
899 3075 1185 3167 terratorium,
1220 3102 1334 3156 com-

152 3213 452 3320 pensatoriam,
487 3216 523 3288 et
546 3208 823 3318 panitariam.
850 3209 991 3292 Usura
1026 3208 1247 3290 lucratoria
1268 3207 1337 3316 (de

158 3369 242 3451 qua
280 3349 491 3448 tamquam
533 3341 698 3447 propria
740 3368 872 3422 usura
902 3367 954 3421 ex
987 3341 1171 3448 professo
1206 3349 1337 3447 agunt

157 3475 374 3581 Theologi,
399 3473 535 3556 eterit
566 3473 631 3554 hio
652 3476 805 3583 sermo)
828 3483 907 3576 est,
932 3501 1039 3584 quae
1059 3474 1240 3557 continet
1262 3474 1337 3554 ali·

157 3610 267 3716 quod
309 3609 470 3689 lucrum
511 3608 735 3716 temporale
767 3633 911 3708 causa,
947 3617 986 3690 et
1011 3607 1176 3690 nomine
1205 3607 1336 3690 solius

157 3741 293 3856 mutui
309 3741 589 3850 principaliter
609 3749 817 3824 exactum.
845 3741 986 3825 Usura
1006 3742 1337 3851 compensatoria

156 3884 234 3976 est,
278 3904 360 3984 qua
399 3905 450 3958 ox
482 3885 601 3984 pacto
632 3877 809 3986 exigitur
839 3879 994 3988 aliquid
1025 3905 1153 3986 supra
1182 3885 1335 3960 sortem

158 4011 314 4093 ratione
341 4011 443 4119 justi
475 4011 688 4113 interesse,
723 4039 799 4094 seu
823 4015 963 4096 damni
986 4013 1251 4120 emergentia,
1271 4011 1337 4092 vel

83 4261 86 4269 Ι
158 4147 259 4228 lucri
291 4147 510 4247 cessantia,
535 4148 643 4256 quod
666 4148 820 4256 patitur
843 4158 1057 4247 mutuam,
1084 4156 1157 4230 aut
1178 4145 1335 4228 ratione

157 4281 342 4388 periculi,
368 4289 408 4363 et
438 4283 700 4383 incommodi,
737 4285 847 4393 quod
878 4284 1148 4393 probabiliter
1178 4309 1330 4392 passu·

158 4439 231 4496 rus
270 4415 405 4498 estin
447 4423 592 4500 mutuo
633 4419 929 4527 recuperande.
965 4419 1017 4503 Et
1052 4418 1154 4502 haec
1185 4445 1331 4519 usura,
