3380 5132
285 395 289 408 '
335 413 400 478 308
622 427 914 480 pmncacrronas
935 427 1030 478 sums
1053 426 1221 479 cinomm

346 556 631 665 »populorum
662 555 848 636 moribus
878 564 1119 656 nascuntur,
1144 581 1207 656 ac,
1237 562 1339 635 teste
1369 579 1505 634 rerum
1656 605 1657 638 l

346 722 365 763 ›
385 717 482 790 usu,
503 691 554 771 ad
571 689 800 771 vitiosiores
816 691 923 771 vitae
945 690 1126 797 privatae
1147 696 1187 770 et
1206 687 1392 798 publicae
1408 713 1506 767 con·

307 885 323 924 ,
346 859 365 896 >›
386 824 628 905 suetudines
645 825 801 906 editum
819 825 1074 931 januamque
1089 809 1352 932 patefaciunt.
1367 821 1509 902 -Mul-

347 991 365 1033 v
386 965 511 1066 toque
531 985 622 1038 esse
644 959 835 1065 graviore
854 958 956 1039 haec
985 957 1095 1038 mala
1115 956 1332 1064 constabit,
1355 957 1390 1035 si
1411 981 1508 1035 con-

331 1125 363 1188 >
383 1089 599 1192 sideretur,
626 1092 763 1172 frenos
795 1092 931 1172 nullos
962 1091 1124 1172 loturos
1144 1097 1295 1189 tantoS,
1319 1087 1389 1195 qui
1410 1115 1507 1168 eon-

348 1247 546 1302 ›cessam
587 1224 714 1303 semel
754 1223 1023 1304 divortiorum
1070 1223 1305 1320 facultatem
1344 1221 1507 1301 valeant

347 1387 365 1429 >
386 1354 494 1472 intra
514 1363 661 1457 certos
687 1364 759 1437 ant
789 1367 882 1438 ante
903 1357 1105 1465 provisos
1130 1355 1279 1436 limites
1300 1379 1499 1436 coercere.

347 1489 541 1595 »Magna
570 1516 740 1598 prorsus
770 1499 832 1571 est
854 1489 916 1570 vis
948 1489 1245 1598 exemplorum,
1270 1487 1400 1594 major
1429 1514 1502 1566 cu-

345 1619 615 1729 ›piditatum:
651 1622 762 1704 hisce
793 1623 1068 1706 incitamentis
1098 1623 1186 1703 fieri
1218 1624 1350 1721 debet,
1376 1628 1420 1700 ut
1440 1619 1502 1700 di·

345 1756 609 1837 »vortiorum
640 1757 766 1838 libido
796 1759 920 1839 latius
956 1758 1135 1868 quotidie
1175 1784 1343 1865 serpens
1374 1757 1502 1865 pluri·

346 1921 364 1962 »
384 1915 546 1970 morum
564 1889 723 1972 animos
739 1893 918 1994 invadat,
938 1893 1055 2001 quasi
1073 1894 1242 1973 morbus
1258 1889 1498 1997 contagione

346 2023 593 2130 »vulgatus
623 2033 695 2106 aut
725 2052 873 2133 agmen
903 2053 1119 2134 aquarum,
1143 2024 1346 2133 superatis
1377 2048 1501 2130 agge·

346 2155 514 2258 nibus,
549 2161 777 2241 exundans
807 2207 828 2220 -
858 2161 970 2242 Haec
999 2170 1106 2242 certe
1137 2167 1234 2240 sunt
1264 2158 1403 2238 omnia
1432 2180 1504 2264 per

348 2305 371 2365 ‘›
391 2319 435 2372 se
466 2292 591 2395 clara,
624 2295 697 2374 sed
729 2295 962 2374 renovanda
1003 2319 1139 2373 rerum
1180 2299 1387 2398 gestarum
1420 2313 1503 2368 me·

350 2427 521 2505 »moria
559 2427 664 2508 fiunt
703 2428 889 2509 clariora.
922 2410 1107 2509 -Simul
1137 2451 1185 2506 ac
1216 2425 1290 2506 iter
1319 2421 1505 2504 divortiis

350 2591 369 2628 ι»
389 2563 524 2638 tutum
546 2560 633 2667 lege
656 2551 854 2669 praestari
876 2561 1022 2670 coepit,
1047 2557 1231 2658 dissidia,
1256 2556 1501 2655 simultates,

347 2693 638 2774 »secessiones
668 2695 892 2803 plurimum
927 2721 1105 2810 crevere3
1139 2700 1178 2773 et
1208 2701 1323 2774 tanta
1352 2699 1413 2772 est
1442 2690 1503 2768 vi·
1656 2681 1657 2772 l

347 2827 504 2906 »vendi
546 2829 755 2935 turpitudo
795 2839 1030 2932 consecuta,
1074 2839 1119 2912 nt
1157 2854 1229 2908 eos
1267 2826 1394 2934 ipsos
1433 2823 1502 2931 qni
1656 2799 1657 2824 Ν

347 2993 364 3028 »
386 2958 546 3042 fuerant
585 2961 730 3043 talium
770 2964 1068 3045 discessionum
1109 2961 1363 3056 defensoreS,
1407 2954 1501 3036 iacti

345 3127 363 3164 »
384 3093 645 3201 poenituerit;
665 3097 734 3204 qui
750 3097 829 3179 nisi
847 3099 1050 3180 contraria
1065 3097 1153 3204 lege
1170 3093 1397 3176 remedium
1414 3115 1503 3169 ma·

347 3235 476 3308 »ture
506 3230 777 3337 quaesissent,
823 3233 1047 3314 timendum
1088 3237 1189 3330 erat,
1223 3257 1273 3309 ne
1308 3250 1502 3336 praeceps

345 3394 363 3434 ›
385 3361 426 3442 in
447 3389 568 3444 suam
589 3364 680 3472 ipsa
709 3365 930 3473 perniciem
960 3364 1192 3471 respublica
1211 3362 1504 3444 dilaberetur.·

346 3527 364 3566 ›
387 3493 564 3576 Romani
596 3506 751 3578 veteres
782 3499 915 3605 prima
945 3499 1212 3580 divortiorum
1233 3492 1421 3602 exempla
1441 3489 1501 3569 di·

345 3635 533 3709 »cuntur
558 3629 828 3732 inhorruisse;
851 3633 923 3712 sed
954 3659 1036 3713 non
1066 3634 1189 3738 longa
1219 3657 1335 3712 mora
1354 3657 1503 3710 sensus

347 3794 364 3830 »
385 3757 613 3841 honestatis
634 3761 675 3841 in
697 3763 846 3844 animis
862 3767 1165 3875 obstupescere,
1185 3765 1416 3845 moderator
1432 3789 1506 3842 cu·

345 3891 567 3999 »piditatis
598 3896 731 4003 pudor
761 3896 938 4000 interire,
962 3899 1145 4006 fidesque
1175 3897 1371 4005 nuptialis
1390 3901 1506 3976 tanta

347 4053 481 4106 »cum
511 4027 675 4108 licentia
707 4028 850 4110 violari
881 4032 1027 4140 coepit,
1052 4041 1098 4112 ut
1127 4057 1323 4138 magnam
1345 4028 1430 4108 veri
1451 4027 1507 4108 si·
1656 4009 1657 4090 l

345 4159 656 4242 »militudinem
697 4163 846 4245 habere
877 4167 1065 4248 videatur
1103 4165 1211 4274 quod
1243 4192 1267 4244 a
1296 4161 1506 4243 nonnullis

345 4293 584 4402 »scriptum
614 4293 805 4401 legimus,
829 4299 1024 4380 mulieres
1054 4325 1137 4379 non
1158 4297 1384 4379 mutatione
1406 4321 1503 4375 con·

344 4459 362 4501 >
382 4428 537 4530 sulum,
552 4429 627 4554 sed
649 4431 893 4513 maritorum
915 4459 1155 4516 enumerare
1177 4459 1307 4514 aniius
1328 4455 1502 4512 consuc-
1656 4545 1657 4564 Ν
