3380 5132
307 416 370 480 302
594 431 886 482 rmunucrrouus
908 432 1001 484 runis
1025 431 1193 483 cauomcr

319 558 399 636 »in
430 557 692 638 matrimonia
721 558 943 638 christiana
972 565 1229 666 potestatem,
1264 565 1309 638 ut
1338 557 1477 665 potius

319 717 465 791 »cam,
501 699 654 798 quanta
684 699 760 803 est,
794 717 920 799 penes
950 692 1178 772 Ecclesiam
1219 718 1309 772 esse
1351 716 1479 797 agno-

317 831 516 908 »scercnt
546 833 585 906 ct
615 825 881 907 declararent.
907 824 1070 906 Revera
1094 827 1320 928 HonoriuS,
1345 826 1481 910 Theo-

321 959 502 1040 »dosius
519 959 673 1066 junior,
696 960 954 1040 lustinianus
979 960 1095 1040 lateri
1118 987 1199 1040 non
1221 960 1477 1060 dubitarunt,

319 1127 337 1168 »
360 1097 401 1174 in
423 1093 473 1174 iis
494 1094 619 1174 rebus
640 1121 745 1202 quac
767 1095 931 1202 nuptias
953 1094 1171 1201 attingant,
1196 1120 1277 1176 non
1299 1094 1480 1202 amplius

318 1253 480 1334 »quam
512 1227 754 1308 custodibus
784 1237 824 1308 et
853 1227 1139 1308 defensoribus
1170 1253 1384 1308 sacrorum
1412 1253 1480 1306 ca·

318 1387 512 1442 »nonum
543 1360 622 1441 sibi
654 1387 744 1441 csse
775 1362 909 1442 licere.
935 1360 988 1440 Et
1008 1361 1058 1440 do
1078 1359 1379 1442 connubiorum
1402 1361 1477 1438 im·

319 1525 336 1568 >›
357 1493 600 1598 pedimentis
615 1495 650 1574 si
667 1494 765 1601 quid
787 1520 859 1602 per
878 1494 1011 1576 edicta
1026 1502 1264 1594 sanxerunt,
1284 1516 1476 1572 caussam

319 1625 585 1706 »docuerunt
606 1653 686 1706 non
708 1627 839 1726 inviti,
864 1627 1058 1722 nimirum
1080 1626 1120 1706 id
1141 1625 1220 1706 sibi
1247 1624 1476 1732 sumpsisse

319 1785 406 1838 »cx
436 1759 643 1839 Ecclesiae
673 1760 878 1867 permissu
910 1769 1031 1867 atque
1063 1759 1322 1859 auctoritate5
1356 1758 1476 1865 cujus

318 1925 333 1965 »
358 1893 487 1999 ipsius
513 1894 715 2000 judicium
746 1895 960 2001 exquirere
981 1902 1021 1974 ct
1042 1883 1272 1974 reverenter
1294 1892 1475 1998 accipere

319 2035 659 2108 »consueverunt
688 2029 730 2106 in
761 2027 1048 2108 controversiis
1079 2029 1129 2108 de
1160 2027 1373 2138 honestate
1403 2049 1478 2104 na-

321 2159 517 2258 »talium,
544 2159 594 2241 de
615 2160 814 2260 divortiis,
839 2159 1015 2267 denique
1046 2162 1095 2241 de
1126 2161 1251 2240 rebus
1282 2157 1475 2239 omnibus

320 2319 454 2372 »cum
486 2294 690 2400 conjugali
728 2295 891 2374 vinculo
932 2294 1276 2375 necessitudinem
1317 2318 1481 2398 quoquo

321 2427 481 2508 »modo
511 2425 773 2510 habentibus.
797 2475 818 2488 -
842 2429 971 2534 Igitur
995 2429 1087 2535 jura
1117 2427 1271 2535 optimo
1303 2425 1345 2504 in
1374 2424 1482 2504 Con-

321 2591 338 2632 »
361 2558 453 2638 cilio
475 2559 714 2640 Tridentino
745 2562 957 2642 delinitum
988 2569 1050 2641 est
1077 2561 1118 2640 in
1139 2560 1346 2640 Ecclesiae
1367 2566 1481 2666 potc-

321 2700 464 2772 »state
486 2721 576 2773 esse
600 2695 883 2805 impedimenta
914 2697 1219 2786 matrimonium
1241 2695 1476 2774 diripientia

321 2829 613 2928 »constitacrq
639 2839 674 2908 ct
701 2857 864 2910 caussas
896 2829 1218 2910 matrimoniales
1239 2827 1296 2907 ad
1314 2828 1478 2934 judices

320 2959 646 3042 »ecclesiasticos
675 2973 870 3074 spectare.
890 3009 910 3024 -
926 2963 1012 3043 Nec
1043 2989 1289 3070 quemquam
1315 2971 1477 3040 moveat

321 3095 429 3174 »illa
459 3103 668 3204 tantopore
691 3125 715 3177 a
736 3095 958 3204 Regalistis
988 3097 1222 3204 praedicata
1252 3093 1472 3194 distincti0,

320 3229 398 3308 »vi
435 3231 555 3336 cujus
594 3239 847 3312 contractum
888 3229 1114 3338 nuptialem
1156 3255 1182 3308 a
1220 3237 1476 3310 sacramento

321 3395 338 3435 »
359 3363 614 3472 disjungunt,
639 3393 687 3446 eo
708 3393 807 3445 sane
829 3365 1014 3465 consilio,
1039 3373 1097 3460 ut,
1118 3362 1327 3442 Ecclesiae
1350 3386 1479 3440 reser-

321 3529 337 3568 >›
361 3499 464 3576 uatis
485 3501 730 3580 sacramenti
763 3499 1006 3599 rationibus,
1030 3505 1285 3578 contractum
1316 3495 1480 3575 tradant

320 3663 336 3702 a
359 3629 400 3709 in
421 3639 665 3738 potestatem
696 3633 991 3738 arbitriumque
1013 3631 1242 3740 principum
1265 3627 1480 3710 civitatis,-

320 3795 336 3832 >›
359 3761 521 3842 Etenim
562 3790 643 3844 non
684 3773 817 3871 potest
856 3765 1093 3872 hujusmodi
1134 3764 1360 3861 distincti0,
1405 3786 1480 3839 scu

321 3896 499 3975 »verius
529 3897 752 3999 distractio,
787 3899 951 4006 probari
968 3930 979 4000 3
1013 3925 1108 3980 cum
1138 3897 1397 4005 exploratum
1427 3893 1482 3973 sit

320 4061 337 4103 >›
362 4029 400 4108 in
430 4031 691 4112 matrimonio
734 4032 955 4113 christiano
982 4041 1251 4114 'contractum
1282 4057 1308 4110 a
1342 4051 1482 4110 sacra-

321 4172 495 4244 »mento
526 4191 606 4245 non
638 4194 728 4246 csse
758 4167 1087 4268 dissociabilem3
1121 4175 1242 4273 atque
1274 4165 1363 4247 ideo
1395 4189 1484 4244 uon·

321 4327 338 4369 >
360 4323 479 4406 posse
501 4309 755 4382 contractum
772 4329 915 4382 verum
932 4311 971 4382 et
986 4302 1215 4408 legitimum
1236 4299 1475 4396 consistere,

322 4433 457 4540 »quin
492 4435 545 4516 sit
580 4463 628 4516 eo
669 4437 757 4545 ipso
797 4447 1115 4518 sacramentum.
1152 4435 1259 4516 Nam
1290 4432 1479 4513 Christus
