3386 5126
333 327 399 394 146
639 352 908 402 rnamucmouns
932 356 1026 401 nurus
1049 357 1207 404 canomcr

335 476 540 584 spirituali
567 481 661 588 jure
692 484 965 583 commendet,
1000 511 1047 564 ac
1078 510 1219 590 preces
1261 485 1512 592 interponat,

332 610 406 690 sed
437 615 636 720 praecise,
671 625 717 697 ut
747 616 901 723 injusta
930 617 1224 724 impedimenta
1253 645 1336 698 non
1367 625 1513 726 ponat,

337 751 410 824 aut
441 744 637 852 injustam
668 776 816 830 veram
848 777 930 830 non
961 749 1146 856 incipiat,
1180 750 1244 830 vel
1280 751 1512 858 incaeptam

337 879 578 962 continuare
609 883 786 982 desinat,
820 885 928 991 quod
960 883 1092 964 cuivis
1123 883 1279 964 licitum
1313 893 1389 964 est:
1416 909 1512 963 cum

333 1011 471 1116 quivis
497 1015 567 1122 jus
598 1016 748 1098 habeat
778 1017 1011 1125 quaesitum
1043 1017 1084 1096 in
1110 1017 1311 1115 libertate,
1338 1016 1512 1098 etfama

332 1169 426 1224 sua.
465 1148 540 1229 Vel
570 1152 753 1257 procedit
778 1152 831 1231 ab
853 1178 918 1250 eo,
943 1151 1012 1258 qui
1034 1150 1193 1257 dejure
1215 1150 1410 1256 prodesse
1431 1174 1510 1256 po-

334 1289 414 1364 test
444 1283 496 1364 ad
527 1285 744 1391 spirituale
775 1315 812 1366 v.
845 1313 887 1394 g.
922 1285 1182 1383 beneficium,
1216 1291 1255 1364 et
1286 1293 1384 1366 tunc
1415 1284 1512 1364 dare

338 1417 436 1524 quid
467 1421 690 1526 temporale
721 1447 794 1528 pro
810 1421 904 1528 jure
935 1419 1139 1528 spirituali
1171 1445 1253 1498 non
1286 1424 1458 1500 excusat
1488 1440 1513 1494 a

332 1551 540 1634 Simonia.
575 1552 700 1634 Ratio
731 1565 808 1655 est,
843 1557 941 1664 quia
971 1555 1014 1634 in
1044 1553 1115 1634 tali
1148 1579 1248 1634 casu
1290 1550 1513 1659 temporale

335 1685 495 1785 datum,
530 1685 594 1768 vel
634 1688 886 1794 promissum
928 1689 1101 1797 positive
1142 1686 1277 1768 influit
1308 1685 1348 1766 in
1381 1685 1510 1766 oolla-

333 1821 461 1917 tione,
495 1828 535 1900 et
565 1821 835 1928 acquisitione
865 1821 1118 1930 spiritualis3
1152 1849 1227 1904 seu
1259 1821 1351 1901 licet
1391 1820 1511 1902 solu-

335 1953 408 2051 tio,
442 1955 506 2034 vel
539 1955 763 2061 praestatio
795 1957 853 2037 rei
885 1957 1122 2065 temporalis
1144 1955 1344 2062 dirigatur
1365 1955 1417 2034 ad
1439 1979 1511 2033 re-

334 2087 573 2170 dimendam
607 2115 771 2188 vexam,
804 2098 941 2172 tamen
976 2117 1097 2172 verus
1123 2089 1217 2170 finis
1240 2097 1300 2170 est
1320 2087 1513 2168 movendi

337 2223 589 2305 voluntatem
619 2223 843 2323 collatoriS,
878 2225 941 2306 vel
970 2224 1155 2323 alterius,
1180 2225 1249 2332 qui
1272 2230 1429 2331 partem
1452 2222 1513 2300 di-

339 2369 493 2437 rectam
524 2357 646 2440 habet
678 2359 718 2437 in
749 2358 1013 2439 concessione
1040 2359 1147 2465 juris
1177 2356 1422 2464 spiritualis,
1456 2353 1511 2434 il-

337 2489 490 2597 ludque
544 2491 774 2590 obtinendi,
832 2492 1107 2598 praestatione
1163 2491 1221 2571 rei
1274 2487 1515 2598 temporalis

339 2625 444 2736 Cap.
478 2631 541 2709 23
571 2625 613 2706 h.
649 2633 678 2706 t.

424 2759 519 2840 Huc
550 2783 645 2838 oum
667 2758 898 2863 pervenerit
928 2760 1076 2858 oratio,
1102 2759 1243 2866 quaeri
1265 2785 1348 2838 non
1371 2758 1515 2836 imme-

338 2891 415 2971 rito
437 2897 584 2998 potest,
604 2897 744 2972 utrum
762 2891 904 2972 Clerici
938 2893 989 2972 ad
1017 2891 1295 2973 redimendam
1319 2892 1515 2998 injustam

339 3025 598 3107 vexationem
629 3033 764 3132 petere
795 3026 1001 3132 possinta
1031 3026 1139 3108 civili
1172 3025 1414 3108 auctoritate
1434 3023 1517 3104 Rc·

337 3161 450 3268 pium
473 3161 691 3270 placitum,
716 3159 848 3241 velut
878 3161 995 3267 ajunt
1020 3163 1193 3271 chium
1224 3169 1454 3268 caecantur
1474 3160 1517 3238 in

339 3293 547 3376 beneficiis
578 3321 629 3374 ex
660 3293 845 3400 legitima
876 3297 1140 3378 concessione
1165 3295 1245 3375 sibi
1277 3295 1398 3403 pleno
1422 3294 1518 3399 jure

337 3429 681 3536 competentibus,
707 3437 752 3510 ut
772 3429 878 3510 sacri
901 3430 1085 3511 muneris
1115 3430 1356 3512 exercitium
1382 3427 1520 3508 susci-

344 3564 471 3670 piant,
506 3569 545 3640 et
575 3588 720 3666 capere
765 3562 925 3670 possint
966 3561 1269 3671 possessionem
1311 3564 1517 3643 bonorum

343 3691 659 3799 temporalium?
692 3693 875 3796 Certum,
901 3706 1023 3804 atque
1054 3693 1331 3776 indubitatum
1364 3695 1518 3801 injure

339 3835 418 3928 est,
444 3827 484 3907 id
506 3827 547 3906 in
569 3853 716 3933 genere
740 3825 829 3908 fieri
861 3829 972 3910 haud
1005 3857 1140 3937 posse:
1167 3829 1304 3936 agitur
1327 3829 1437 3909 enim
1467 3828 1519 3908 de

339 3961 465 4042 read
500 3961 832 4044 Ecclesiasticam
868 3970 1111 4070 potestatem
1142 3961 1341 4070 privative
1383 3959 1516 4070 perti-

340 4096 468 4196 nenti,
494 4122 599 4204 quae
630 4097 772 4204 procul
804 4095 930 4178 dubio
963 4097 1240 4204 independens
1261 4102 1324 4176 est
1353 4122 1380 4176 a
1409 4093 1520 4176 civili

339 4235 555 4334 potestate,
580 4256 655 4309 ceu
677 4229 831 4336 pluries
862 4229 1090 4330 innuimus,
1120 4229 1214 4311 hinc
1245 4225 1424 4310 ministri
1441 4227 1520 4308 Ec·

340 4357 493 4440 clasiae
515 4361 592 4442 hoo
622 4364 868 4470 obsequium
899 4370 1157 4471 praestantes
1188 4363 1376 4472 potestati
1408 4360 1520 4442 civili
