3360 5126
14 295 83 401 353³
116 291 117 294 '
235 295 236 298 ’
301 305 370 379 242
611 324 880 372 permortua
904 325 995 371 sums
1018 325 1175 373 cauciaci

305 453 417 534 licito
449 453 604 559 absque
624 449 737 530 omni
760 449 884 556 culpa
905 449 1174 530 homicidium
1205 452 1371 532 casuale
1391 479 1493 534 con-

303 587 460 694 tigisse,
489 593 531 666 et
551 583 699 664 exinde
730 584 887 666 nullam
920 583 1263 690 irregularitatem
1299 595 1493 668 contrac-

306 729 391 802 tam
423 747 514 800 esse
556 727 763 798 narratur.
800 717 923 798 Ratio
957 726 1033 818 est,
1068 719 1166 825 quia
1197 720 1495 829 irregularitas

303 881 358 934 ex
399 851 648 950 homicidio,
692 852 802 958 quod
843 877 868 930 a
907 852 1067 958 privato
1113 853 1384 934 commissum
1427 863 1493 936 est

304 1015 461 1099 poenae
502 986 707 1067 rationem
748 985 886 1067 habet.
931 986 1072 1066 Poena
1112 994 1251 1066 autem
1292 989 1495 1094 supponit

304 1124 488 1230 culpam,
533 1145 640 1228 quae
681 1119 750 1199 tali
792 1147 894 1200 casu
928 1145 1010 1199 non
1041 1120 1172 1219 adest,
1210 1147 1286 1201 seu
1316 1121 1488 1222 clarina,

209 1341 212 1351 ,
305 1255 405 1364 quia
435 1253 514 1336 tale
556 1251 829 1334 homicidium
871 1279 982 1333 mere
1016 1254 1183 1334 casuale
1213 1282 1288 1336 nec
1318 1255 1488 1354 directe,

305 1417 382 1471 nec
413 1390 607 1471 indirecto
638 1387 918 1468 voluntarium
936 1395 1012 1486 est,
1037 1397 1336 1496 consequenter
1365 1387 1490 1496 peni-

305 1531 374 1605 tus
392 1551 473 1604 non
491 1523 798 1629 imputandum.
815 1521 933 1602 Unde
950 1523 1053 1602 bene
1070 1523 1174 1603 dixit
1190 1523 1307 1630 Papa
1322 1523 1364 1602 in
1380 1525 1487 1635 Cap.

61 1617 84 1630 ”
125 1655 127 1662 ’
225 1681 228 1690 ·
307 1658 495 1738 utlaius
531 1661 590 1737 13
608 1655 649 1735 u.
671 1664 699 1735 t.
727 1657 769 1736 u
788 1655 1218 1762 flu-m-cum
1239 1658 1492 1768 Capelianus

307 1790 398 1898 (qui
425 1816 582 1898 equum
606 1787 796 1870 cohibere
817 1816 900 1870 non
922 1790 1063 1870 valens
1084 1791 1232 1872 occidit
1252 1791 1490 1900 mulierem)

310 1950 382 2003 aec
413 1923 633 2017 uoluntate,
669 1949 739 2002 uec
768 1930 861 2002 actu
892 1922 1159 2005 homicidium
1184 1927 1494 2035 perpetrauerit

308 2083 381 2138 aec
411 2056 523 2138 dedit
552 2083 720 2166 operam
744 2057 915 2138 illicitae
938 2059 1014 2150 rei,
1040 2085 1120 2138 nou
1143 2059 1357 2169 impedias,
1381 2086 1490 2167 quo-

310 2193 446 2272 minus
476 2190 620 2272 dioina
654 2192 787 2301 possit
828 2191 968 2298 officia
1009 2191 1227 2273 celebrare.
1261 2192 1370 2272 Hinc
1400 2191 1489 2272 ele-

308 2332 454 2428 ganter
485 2324 536 2403 ud
569 2349 655 2402 rem
677 2324 873 2431 applicari
896 2324 1012 2403 casui
1045 2333 1178 2431 potest
1208 2324 1353 2432 regula
1391 2324 1489 2406 data

212 2527 216 2534 .
310 2454 352 2534 in
388 2455 491 2565 Cap.
530 2456 639 2546 Quia
670 2465 708 2536 te
737 2459 814 2547 38,
845 2454 940 2536 dist.
975 2457 1101 2535 1.²-
1130 2456 1186 2535 ibi
1209 2501 1260 2518 ·-
1286 2458 1492 2549 Quoniam

310 2618 390 2671 uou
422 2599 495 2670 tua
525 2599 664 2701 sponte
696 2590 738 2671 id
758 2592 913 2698 secisse
945 2595 1210 2698 acquesceris,
1246 2591 1341 2674 iude
1366 2619 1494 2673 cauo-

309 2723 400 2802 nice
429 2724 542 2803 uallo
573 2721 691 2802 modo
710 2721 937 2829 judicaria.

849 2997 949 3096 §4²

563 3255 628 3334 De
649 3251 885 3344 homicidio,
902 3253 963 3332 uel
983 3253 1239 3333 mutilatione

505 3387 555 3465 ob
592 3386 868 3466 necessariam
899 3387 965 3466 sui
1001 3385 1292 3493 defensionem.

399 3653 544 3734 Pauca
574 3679 684 3734 nuno
716 3653 765 3734 de
795 3644 1033 3752 homicidioss
1069 3653 1132 3734 vel
1164 3652 1416 3734 mutilatione
1434 3651 1491 3730 ob

312 3785 590 3868 necessariam
621 3785 687 3866 sai
720 3786 1001 3866 defensionem
1035 3787 1154 3868 lacta.

398 3921 474 4003 Jus
507 3922 711 4020 naturale,
747 3919 952 4022 divinum,
986 3921 1287 4003 ethumanum
1323 3919 1495 4030 permit-

311 4065 404 4138 tunt
434 4057 630 4163 injustam
662 4055 743 4134 vim
777 4055 814 4134 vi
852 4055 1063 4162 repellere.
1089 4056 1309 4163 Eleganter
1330 4057 1381 4136 ad
1403 4079 1493 4136 rem

316 4190 420 4296 Cap.
455 4189 724 4296 Significuoit
756 4191 828 4289 18,
864 4195 889 4292 g
914 4190 1000 4295 fia.
1036 4187 1077 4270 h.
1104 4195 1132 4268 t.
1157 4235 1215 4251 -
1236 4187 1291 4268 ibi
1312 4231 1371 4252 -··
1396 4189 1494 4269 Vim

312 4319 355 4400 oi
376 4320 569 4430 repellere
591 4349 726 4404 omues
750 4323 868 4432 leaeo,
894 4331 930 4403 et
952 4324 1090 4404 omnia
1099 4324 1209 4430 jura
1230 4326 1489 4434 permittunt.
