3360 5126
420 413 423 421 ι
558 395 658 442 nutus
680 395 711 440 v,
738 413 779 423 -
803 396 942 444 mrucus
964 397 1021 442 xx.
1321 372 1387 440 291

200 527 297 602 vata
327 521 379 600 ad
410 499 617 602 monitum
653 522 757 631 Cap.
785 522 897 610 7.¹h.
924 531 953 602 t.
980 531 1017 602 ct
1049 521 1202 602 Battus
1228 523 1387 602 Comae

197 683 292 765 cop.
328 660 372 734 6.
407 656 464 734 At
493 654 528 734 si
561 654 747 735 Clericus
779 655 904 736 suerit
937 655 1133 736 falsarius
1175 655 1387 736 literarum

199 787 534 895 Apostolicarum
565 787 789 896 deponitur
830 789 883 870 ab
925 788 1077 889 officio,
1111 796 1151 869 et
1182 790 1388 870 Beneficio
1521 851 1523 856 .
1565 829 1570 837 ·

107 1020 111 1026 ¹
198 928 269 1006 cit.
305 951 396 1034 cup.
432 924 472 1004 1.
509 923 550 1003 h.
586 931 615 1004 t.
650 932 689 1003 et
718 924 878 1004 Bullac
913 923 1073 1004 Coenac
1106 951 1198 1034 cap.
1234 930 1278 1004 6.
1304 923 1390 1004 No·

198 1057 373 1138 tandum
404 1064 543 1137 tamen
585 1055 655 1136 hic
697 1065 772 1156 est,
810 1057 919 1163 quod
958 1057 1000 1137 in
1031 1056 1173 1138 Const.
1209 1059 1389 1164 Aposto-

198 1189 304 1270 lioae
335 1189 455 1269 Sedis
485 1189 566 1269 sub
597 1193 640 1268 n⁰
664 1192 689 1270 9
711 1215 892 1297 sequens
922 1190 1049 1272 relate
1081 1191 1133 1271 ad
1163 1190 1242 1270 hoc
1272 1217 1389 1299 repe-

126 1331 130 1340 “
203 1322 309 1402 ritur
324 1321 667 1402 articulus—ibi
689 1372 735 1382 —
757 1322 950 1404 «Omnes
968 1323 1158 1403 falsarios
1175 1323 1384 1404 literarum
1542 1415 1543 1418 p

206 1455 594 1564 »Apostolicarum
631 1457 757 1537 etiam
789 1457 831 1536 in
864 1458 997 1538 forma
1028 1457 1188 1557 Brevis,
1216 1486 1265 1538 ac
1286 1487 1387 1566 sup-

206 1623 226 1666 >
245 1589 517 1697 plicationum
529 1590 722 1696 gratiam,
738 1592 801 1670 vel
813 1591 1018 1697 justitiam
1031 1592 1382 1692 concernentium,
1459 1679 1465 1690 ι

205 1750 318 1831 »per
349 1723 404 1806 R.
441 1723 705 1826 Pontificem,
746 1725 808 1804 vel
840 1727 885 1807 S.
920 1725 974 1806 R.
1010 1725 1059 1808 E.
1097 1726 1387 1808 Vico-Cancel-

204 1856 389 1959 >larioS‚
423 1885 499 1938 seu
532 1858 730 1940 Gerontes
763 1858 873 1939 vices
903 1886 1063 1961 eornm,
1095 1867 1167 1941 aut
1198 1861 1248 1940 de
1269 1843 1387 1941 man-

204 2022 224 2067 s
246 1991 339 2072 dato
372 1992 557 2099 ejusdem
581 1992 633 2074 R.
659 1992 872 2074 Pontifiois
893 1994 1180 2100 signaturum:
1208 2020 1386 2076 necnon

207 2123 350 2203 »falso
382 2125 641 2230 publicantes
671 2125 835 2208 Literas
875 2125 1153 2230 ApostolicaS,
1188 2127 1312 2205 etiam
1344 2127 1386 2206 in

207 2255 380 2335 »forma
410 2257 572 2355 Brevis²
608 2263 647 2335 et
677 2255 802 2336 etiam
846 2257 948 2336 falso
980 2257 1193 2362 signantes
1229 2259 1386 2367 suppli·

207 2387 429 2469 »cationes
459 2387 700 2494 hujusmodi
742 2390 823 2468 sub
856 2389 1023 2469 nomine
1064 2387 1116 2468 R.
1152 2391 1382 2493 Pontifiois,

203 2547 319 2602 »seu
351 2519 735 2622 Vico-Cancellarii,
770 2529 843 2602 aut
884 2521 1088 2602 Gerontis·
1116 2523 1227 2604 vices
1264 2550 1383 2631 prae-

177 2655 508 2736 edictorum».
632 2675 635 2682 ’

289 2787 567 2868 Committitur
598 2794 737 2868 autem
749 2790 873 2896 sacto
906 2792 957 2870 ab
989 2789 1055 2891 iis,
1080 2789 1152 2900 qni
1174 2798 1384 2872 monetam

200 2921 433 3024 falsificant,
482 2924 592 3031 quod
632 2923 767 3004 tribus
813 2926 947 3005 modis
987 2925 1253 3033 potissimum
1295 2926 1384 3032 fieri

202 3065 350 3164 potest,
386 3057 585 3137 nimirum
620 3061 672 3137 1⁰.
700 3057 744 3136 Si
776 3058 870 3164 quis
900 3059 1026 3138 cudat
1056 3066 1265 3139 monetam
1288 3085 1384 3139 cum

202 3189 378 3270 cudendi
412 3197 653 3296 potestatem
695 3217 776 3270 non
817 3189 966 3291 habet3
1000 3193 1057 3270 2⁰.
1093 3191 1137 3271 Si
1170 3191 1264 3298 quis
1296 3217 1384 3270 mo-

204 3330 323 3404 netae
365 3323 532 3430 publica
572 3324 813 3404 auctoritate
857 3349 981 3404 cusae
1022 3325 1184 3432 pondus
1221 3327 1383 3431 justum

204 3457 390 3540 abradat.
425 3459 523 3566 Lep.
559 3461 589 3537 3
630 3457 689 3564 ff.
725 3456 766 3536 h.
802 3465 831 3538 t.
869 3459 924 3538 3⁰.
960 3455 1005 3536 Si
1047 3456 1140 3564 quis
1177 3463 1381 3537 monetam

203 3591 338 3690 cudat,
367 3598 440 3672 aut
460 3591 589 3698 fingat
609 3618 658 3670 ex
679 3590 783 3672 salsa
803 3591 995 3690 materia,
1021 3597 1122 3699 puta
1142 3618 1195 3671 ex
1216 3597 1380 3693 stann0‚

200 3750 347 3831 cupro,
381 3731 454 3806 aut
483 3724 623 3805 simili.
656 3725 717 3805 De
743 3725 837 3832 jure
868 3725 1083 3824 canonica,
1108 3745 1147 3806 et
1167 3725 1277 3807 circa
1306 3726 1384 3806 Ec-

198 3855 454 3939 clesiasticos
485 3885 568 3939 non
598 3858 838 3940 habetursin
860 3885 1028 3967 corpore
1054 3857 1162 3965 juris
1192 3857 1384 3966 specialis

200 4015 334 4096 poena
373 3990 416 4070 in
458 3992 635 4100 singulis
678 3993 791 4074 hisce
832 3994 999 4074 casibus
1030 3993 1268 4088 constituta,
1308 3992 1384 4073 erit

200 4124 370 4230 proinde
402 4127 633 4229 arbitraria,
668 4155 774 4235 quae
795 4128 1019 4236 aliquando
1042 4129 1093 4210 ad
1114 4153 1289 4236 poenam
1313 4129 1384 4210 de-

200 4259 416 4365 positionis
450 4263 614 4380 antendi
645 4263 807 4370 poterit.
843 4265 949 4372 Arp.
989 4264 1093 4373 Cap.
1118 4263 1189 4344 Ad
1212 4263 1380 4345 audien-

201 4395 304 4476 tiam
334 4400 379 4482 3.
415 4396 456 4478 h.
492 4405 521 4478 t.
565 4399 610 4479 In
651 4399 833 4482 Eatrao.
880 4402 988 4482 anic.
1034 4397 1110 4482 eod
1151 4403 1213 4482 tit.
1256 4398 1381 4508 (quac
