3388 5136
588 429 688 476 mna
710 431 741 475 v.
767 448 809 458 —
834 431 977 478 risurus
999 432 1022 478 1.
1354 415 1398 484 89

218 589 236 632 ›
257 556 409 638 latione
439 554 737 662 suspensionis
769 555 930 663 quoties
952 556 1056 638 haec
1078 584 1189 639 mere
1211 561 1397 668 poenalis

219 725 235 767 ›
259 697 525 798 agnoscatur,
546 687 603 769 uti
621 689 747 770 sentit
764 687 977 771 Navarrus
1008 717 1123 772 cons.
1144 694 1213 792 27,
1231 722 1271 774 n.
1303 697 1320 774 1
1348 695 1397 777 de

220 857 237 899 >
259 831 385 931 temp.
409 821 540 902 ordin.
564 847 686 930 quem
703 821 827 902 refert
843 823 1063 930 Pignatell.
1090 825 1266 908 consult.
1297 830 1394 929 158,
1435 851 1443 864 ’

220 987 299 1038 su.
337 959 374 1052 5,
407 963 508 1037 tom.
549 959 622 1048 10;
654 982 703 1036 ea
735 965 872 1037 tamen
895 965 966 1039 'est
991 958 1267 1066 plurimorum
1297 986 1394 1040 sen-

221 1092 387 1174 »tentia
419 1091 705 1172 universaliter
735 1092 930 1194 admissa,
963 1101 1010 1173 ut
1041 1095 1198 1201 absquo
1230 1094 1315 1175 ulla
1336 1094 1396 1175 di-

6 1257 8 1350 p
94 1313 96 1318 ¹
222 1225 484 1308 »stinctione'
508 1225 805 1332 irregularitas
842 1225 1076 1308 incurratur
1116 1227 1168 1308 ob
1215 1236 1395 1335 spretam

221 1395 238 1435 »
260 1357 588 1466 suspensionem,
610 1358 697 1438 sive
719 1357 820 1438 haec
841 1358 1004 1467 proprie
1025 1385 1201 1441 censura
1222 1360 1286 1455 sit,
1308 1359 1397 1441 sive

221 1519 404 1600 spuens,
437 1518 524 1600 arg.
560 1520 611 1572 ex
643 1519 734 1600 cap.
766 1495 781 1571 1
810 1493 981 1574 desent.
1017 1502 1057 1574 et
1088 1519 1132 1573 re
1159 1491 1288 1600 judio.
1310 1493 1395 1574 ind

222 1652 312 1706 »ex
343 1653 433 1734 cap.
474 1627 489 1704 l
527 1627 576 1706 de
607 1632 712 1705 sent.
749 1651 952 1706 excomm.
998 1625 1097 1706 ibid.
1144 1634 1191 1707 ut
1230 1626 1399 1708 tradunt

221 1759 441 1840 »Gibalim
476 1759 526 1839 de
557 1757 807 1865 irregularit.
844 1785 885 1865 p.
925 1761 960 1854 l,
983 1784 1074 1866 cap.
1103 1763 1140 1858 5,
1163 1767 1342 1841 conseot.
1374 1763 1388 1842 l

220 1921 302 1975 un.
339 1895 380 1974 6.
416 1893 571 1973 Suarez
603 1893 653 1973 de
684 1891 858 1972 Censur.
900 1885 1055 2000 disput.
1099 1895 1168 1988 26,
1210 1900 1311 1974 seet.
1351 1895 1393 1974 2.

220 2027 375 2108 »Alter
407 2028 497 2107 eod.
533 2033 651 2108 tract.
687 2036 792 2133 part.
829 2027 871 2122 2,
907 2027 1014 2133 disp.
1052 2028 1093 2128 6,
1128 2027 1177 2107 de
1198 2053 1394 2136 suspens.

220 2186 352 2268 »cap
388 2160 416 2238 2
463 2162 505 2259 ἓ.
541 2159 638 2236 Item
682 2164 721 2236 et
762 2182 849 2262 seq.
895 2157 1095 2238 Bonaoin.
1141 2158 1231 2239 eod.
1278 2165 1394 2240 tract.

220 2292 364 2398 »disp
414 2290 455 2388 3,
491 2294 650 2394 quaest.
692 2288 734 2386 6,
772 2295 912 2394 punct.
951 2291 991 2388 5,
1026 2313 1163 2396 propr.
1201 2291 1241 2389 3,
1276 2315 1316 2369 n.
1353 2289 1395 2389 6,

221 2456 238 2496 >
260 2423 400 2504 addita
433 2421 607 2520 ratione,
643 2419 740 2526 quia
770 2420 926 2501 scilicet
953 2421 1186 2528 suspensio,
1211 2428 1400 2529 quaeest

220 2581 375 2636 »mera
406 2581 552 2662 poena,
588 2551 722 2660 privat
752 2577 872 2633 sacro
904 2552 1148 2654 ministerio,
1182 2552 1291 2634 siout
1317 2553 1399 2661 pri-

221 2696 327 2768 »vat
370 2686 607 2794 suspensiO,
652 2711 757 2792 quae
798 2693 859 2766 est
899 2687 1063 2794 proprie
1100 2711 1290 2787 censura,
1325 2713 1399 2768 nec
1433 2785 1435 2790 Ι

221 2853 237 2894 s
261 2820 400 2900 minus
422 2819 616 2900 indecens
638 2819 815 2918 videtur,
841 2826 888 2898 ut
908 2847 1141 2926 suspensus
1161 2820 1202 2900 in
1222 2844 1397 2928 poenam

219 2953 409 3053 »delicti
435 2952 588 3034 divinis
619 2977 664 3032 se
697 2951 872 3058 ingerat,
906 2977 1031 3058 quam
1063 2953 1131 3059 qui
1164 2954 1217 3033 ob
1254 2961 1399 3034 contu·

220 3087 436 3168 »maniam
472 3093 536 3167 est
568 3111 744 3168 censura
776 3081 1067 3192 suspensionis
1108 3085 1331 3166 obstrictus
1355 3117 1394 3168 ›.

302 3220 383 3300 Sed
415 3231 580 3328 tempus
602 3220 756 3327 potiuS,
784 3245 907 3327 quam
935 3219 1107 3298 materia
1128 3217 1338 3318 deficeret,
1361 3219 1396 3298 si

121 3445 122 3450 Ν
215 3358 264 3438 de
301 3355 497 3436 omnibus
537 3353 855 3461 quaestionibus
897 3353 947 3434 ad
990 3352 1304 3460 suspensionem
1345 3379 1396 3432 ex

216 3489 438 3570 informata
470 3487 720 3569 conscientia
751 3487 1038 3596 spectantibus
1069 3511 1205 3567 sermo
1237 3483 1395 3564 institui

218 3622 352 3703 vellet.
390 3621 521 3702 Nobis
552 3629 690 3732 autem
722 3623 846 3701 finem
882 3622 1094 3729 imponere
1115 3617 1316 3728 praecipit
1336 3617 1399 3698 in-

215 3755 344 3836 stituti
378 3754 507 3836 nostri
538 3754 658 3836 ratio.
678 3755 825 3836 Solum
847 3754 942 3836 hinc
974 3753 1118 3836 ultimo
1149 3754 1238 3834 loco
1270 3777 1397 3860 quae-

217 3889 362 3990 rimuS,
401 3897 540 3970 utrum
581 3886 818 3994 hujusmodi
861 3888 1158 3996 suspensiones
1199 3887 1307 3968 latae
1347 3912 1397 3966 ex

216 4020 437 4103 informata
472 4021 724 4104 conscientia
754 4029 915 4104 cessent
937 4029 1067 4104 morte
1089 4019 1301 4130 Episcopi,
1327 4018 1395 4126 qui

215 4155 307 4237 illas
340 4156 461 4237 tulit?

306 4291 547 4372 Postremae
578 4289 675 4370 huic
691 4287 922 4398 quaestioni
946 4291 1263 4398 respondemus,
1297 4313 1398 4367 non·

217 4422 342 4504 nullis
374 4425 510 4506 visum
529 4451 619 4507 esse
636 4422 930 4532 suspensiones
962 4450 1014 4504 ex
1047 4424 1267 4505 informata
1302 4445 1398 4502 con·
