3388 5136
572 407 671 454 nmnn
694 409 725 452 v.
755 423 793 436 -
818 407 960 453 mannos
983 407 1028 451 m.
1322 383 1385 449 137

213 561 358 617 nocere
389 533 609 614 simoniam
642 558 668 612 a
697 533 816 614 tertio
848 531 1130 632 commissam,
1165 530 1262 638 quia
1292 556 1388 637 pos-

213 668 344 751 sessio
366 693 448 748 non
465 665 649 765 vitiatur,
670 665 747 746 nisi
770 692 820 745 ex
846 665 952 748 lacto
973 664 1240 772 possessoris.
1266 661 1389 743 Nune

213 825 347 910 pauca

213 1072 278 1152 De
298 1073 476 1152 simonia
499 1073 540 1151 in
561 1067 919 1150 administratione
939 1072 1290 1150 sacramentorum
1320 1091 1387 1145 sa·

302 1203 629 1303 eramentatiam,
659 1211 695 1283 et
715 1212 880 1284 aetnam
911 1201 1090 1283 muneris
1110 1201 1223 1282 sacri
1244 1225 1297 1280 erc
1316 1225 1379 1308 pr.

302 1336 635 1437 benedictionum,
663 1363 833 1446 precam
864 1345 940 1417 etc.

299 1603 493 1685 Vidimus
515 1605 564 1685 de
585 1603 778 1704 simonia,
804 1611 843 1686 et
863 1605 1006 1714 poenis
1038 1602 1218 1686 relativis
1250 1602 1292 1682 in
1317 1629 1384 1684 or-

212 1737 356 1818 dinum
373 1737 604 1838 collatione,
625 1746 664 1820 et
684 1738 962 1846 susceptione,
977 1737 1158 1819 vidimus
1180 1738 1229 1819 de
1250 1737 1384 1819 simo·

213 1871 301 1971 nia,
326 1878 365 1952 et
386 1872 528 1979 paenis
549 1872 731 1954 relativis
752 1873 888 1979 quoad
911 1872 1122 1973 beneficia,
1152 1879 1191 1953 et
1221 1871 1382 1952 tandem

210 2006 260 2086 de
281 2005 474 2108 simonia,
494 2006 665 2114 ejusque
691 2006 834 2113 poenis
861 2007 901 2087 in
929 2007 1120 2113 ingressu
1146 2005 1303 2087 ordinis
1324 2031 1387 2086 re-

210 2139 363 2246 ligiosi,
378 2148 418 2219 et
438 2137 691 2246 professione
712 2140 919 2246 religiosa.
946 2141 1144 2246 Superest
1174 2141 1314 2245 igitur,
1343 2147 1386 2219 ut

211 2271 365 2380 aliquid
389 2272 510 2352 modo
527 2272 676 2378 raptim
697 2272 956 2380 proferamus
978 2272 1027 2354 de
1049 2272 1227 2352 simonia
1251 2272 1293 2350 in
1316 2271 1389 2351 ad·

211 2405 513 2486 ministratione
538 2412 909 2505 sacramentorum,
934 2411 974 2484 et
1003 2405 1381 2486 sacramentalium.

298 2537 417 2632 Quod
438 2539 631 2640 simonia,
666 2548 705 2620 et
736 2539 901 2647 quidem
919 2539 1027 2646 juris
1049 2539 1173 2621 divini
1197 2539 1385 2621 commit-

214 2679 321 2753 tatur
352 2670 394 2748 in
417 2672 769 2754 administratione
790 2681 1159 2773 sacramentorum,
1189 2679 1229 2754 et
1248 2698 1389 2754 sacra-

212 2802 468 2904 mentalium,
489 2807 648 2912 quoties
679 2808 901 2915 temporale
933 2816 1177 2916 praestetur,
1208 2815 1247 2890 et
1279 2808 1386 2892 acci-

211 2939 348 3048 piatur
368 2964 418 3018 ex
440 2947 559 3047 paolo
581 2965 792 3048 expresso,
817 2941 880 3021 vel
911 2943 1033 3024 tacito
1065 2951 1261 3050 tanquam
1292 2971 1384 3051 pre-

210 3073 315 3154 tium
337 3071 719 3174 administrationis,
745 3075 785 3154 id
812 3081 924 3155 extra
954 3100 1075 3155 omne
1106 3076 1280 3157 dubium
1302 3083 1379 3156 est.

209 3209 269 3288 lta
300 3205 557 3308 Communis
591 3215 630 3288 et
661 3215 772 3289 certa
793 3211 845 3288 ob
872 3208 983 3288 clara
1008 3208 1105 3315 jura
1140 3211 1243 3319 Cap.
1283 3210 1385 3290 Cam

210 3339 398 3421 Ecclesia
421 3345 466 3440 9,
491 3341 595 3452 Cap.
621 3339 690 3421 Ad
719 3341 1000 3452 Apostolicam
1032 3343 1107 3424 42.
1143 3341 1183 3419 h.
1220 3349 1249 3422 t.
1283 3343 1383 3421 ltem

215 3473 320 3554 Can.
359 3477 399 3552 1.
434 3483 472 3554 et
500 3477 546 3558 2.
583 3499 696 3554 cans.
725 3479 766 3554 1.
792 3501 831 3582 q.
858 3475 897 3554 1.
933 3471 1056 3553 Ratio
1087 3479 1163 3573 est,
1189 3471 1388 3580 quiahoc

211 3604 253 3684 in
284 3630 384 3686 casu
416 3604 672 3688 adamussim
700 3607 933 3689 verificatur
954 3607 1115 3716 proprie
1137 3607 1245 3689 dicta
1275 3634 1388 3689 com·
1448 3627 1452 3635 ’

210 3737 370 3847 paratio
391 3737 619 3848 spiritualis
641 3763 736 3824 cnm
759 3743 987 3850 temporali,
1026 3741 1065 3823 in
1088 3763 1169 3850 quo
1200 3743 1385 3824 consistit

212 3899 323 3974 vera,
358 3881 397 3954 et
426 3875 592 3983 propria
622 3875 780 3958 malitia
809 3876 1013 3958 simoniae
1046 3884 1126 3957 eto.

299 4008 597 4091 Verumtamen
637 4009 838 4093 simoniae
869 4011 983 4092 labes
1014 4010 1156 4117 procul
1192 4035 1283 4089 esse
1314 4035 1386 4117 po-

210 4149 305 4244 test,
341 4141 424 4223 imo
451 4143 617 4252 penitus
649 4144 805 4244 exulat,
839 4145 873 4225 si
906 4144 1137 4224 verificetur
1167 4141 1316 4250 aliquis
1336 4143 1387 4224 ti-

209 4277 322 4358 tulus
363 4275 562 4359 honestns
593 4279 644 4361 ad
680 4279 904 4388 temporale
941 4304 1013 4385 pro
1045 4275 1248 4386 spirituali
1280 4276 1381 4359 reci·
1467 4267 1470 4273 ’

210 4409 420 4518 piendum.
451 4411 619 4495 Titulus
650 4421 790 4496 autem
823 4413 899 4494 iste
931 4418 1187 4528 potestesse
1219 4411 1282 4492 vel
1309 4415 1388 4495 sti-
