3386 5126
318 399 385 464 144
609 413 881 462 raancscurorrns
906 415 999 462 rums
1021 413 1180 462 oauomcr

316 543 565 653 ignorantia,
590 549 636 622 ut
657 568 681 620 a
702 541 849 649 quovis
879 540 974 641 alio,
994 541 1051 622 ita
1081 542 1204 622 etiam
1238 545 1495 627 aSimoniac

315 688 481 788 peccato
513 682 700 756 excusat.
737 674 857 767 Quod
888 681 1027 756 autem
1059 701 1084 754 a
1114 677 1260 784 quovis
1292 679 1372 759 alio
1399 707 1494 788 pec-

313 821 404 895 cato
426 817 610 910 excuset,
634 808 715 888 lato
737 809 913 916 probant
942 808 1157 915 Theologi,
1191 811 1411 921 praecipua
1442 841 1493 896 ax

310 946 379 1028 illo
402 945 684 1044 fundamento,
704 944 813 1051 quod
837 945 885 1025 ad
908 953 1121 1051 peccatum
1139 946 1372 1053 requiratur
1392 975 1483 1031 cou-

309 1107 485 1178 sensus3
520 1077 747 1184 ignorantis
788 1083 926 1158 autem
968 1076 1107 1157 nullus
1148 1086 1211 1159 est
1240 1105 1478 1177 consensus,

311 1214 388 1323 loy.
422 1213 471 1294 Si
495 1237 783 1322 pererratum
814 1211 936 1317 15ff.
972 1209 1022 1290 de
1050 1209 1269 1295 Jurisdict.
1304 1213 1482 1298 omnium

296 1345 434 1453 judic.
461 1343 655 1424 Diximus
686 1351 874 1425 notanter
896 1343 1157 1436 invincibilis,
1187 1345 1285 1452 quia
1316 1343 1483 1428 vincibi-

307 1479 374 1580 lis,
399 1505 542 1560 crassa
571 1503 717 1584 nempe
738 1476 903 1584 supina,
929 1476 992 1556 vcl
1014 1477 1202 1557 affectata
1234 1477 1478 1584 ignorantia,

307 1612 366 1692 uti
390 1611 549 1692 anullo
580 1610 677 1710 alic,
697 1609 753 1691 ita
774 1637 849 1692 nec
879 1637 904 1690 a
937 1598 1103 1718 peccato
1125 1609 1325 1691 simoniae
1347 1635 1479 1690 excu-

306 1771 399 1826 sare
424 1753 578 1852 potest.
614 1743 726 1824 Num
750 1753 888 1825 autem
910 1745 1003 1852 quis
1024 1768 1167 1824 revera
1188 1744 1337 1824 habeat
1357 1743 1480 1850 igno·

305 1877 483 1958 rantiam
515 1875 811 1978 invincibilem,
834 1876 1019 1958 cuiusvis
1050 1877 1322 1959 conscientiae
1349 1876 1479 1958 relin-

306 2010 461 2117 quitur.

450 2145 493 2225 2⁰
533 2145 714 2225 Excusat
759 2171 783 2225 a
823 2143 1010 2224 Simonia
1052 2144 1169 2226 labor
1208 2145 1476 2235 ectrinsccus,

303 2273 409 2358 idest
440 2276 556 2357 labor
586 2275 668 2376 illa,
702 2275 772 2382 qui
804 2275 1019 2374 functioni,
1054 2284 1126 2356 aut
1147 2275 1373 2356 ministerio
1394 2277 1480 2382 spi-

304 2407 441 2488 rituali
473 2417 534 2488 est
564 2408 838 2506 extrinsecus,
872 2417 911 2488 et
941 2435 1014 2515 per
1045 2408 1235 2488 accidens
1275 2409 1478 2516 conjunc-

303 2547 388 2639 tus,
422 2539 510 2620 sine
541 2565 622 2647 quo
653 2539 945 2638 ministerium,
979 2567 1054 2620 seu
1086 2541 1239 2622 functio
1281 2540 1351 2621 illa
1381 2543 1471 2650 spi-

303 2672 465 2754 ritualis
495 2672 537 2752 in
568 2699 613 2753 sc
652 2670 756 2752 bena
795 2671 882 2752 fieri
924 2683 1087 2782 posset3
1121 2674 1181 2755 sic
1213 2703 1251 2756 v.
1287 2703 1328 2782 g.
1366 2677 1476 2757 cele-

302 2805 479 2885 brationi
510 2804 662 2884 missae
695 2804 810 2886 labor
839 2807 1112 2906 extrinsecus
1140 2815 1179 2888 et
1201 2809 1479 2914 peraccidens

301 2943 546 3046 conjunctus
578 2948 640 3022 est
670 2939 874 3022 itineratio
906 2966 1152 3048 perunum,
1201 2941 1264 3022 vel
1306 2942 1474 3025 alteram

300 3072 443 3154 horam
476 3101 501 3154 a
530 3074 620 3156 loco
652 3076 832 3156 distans:
866 3103 887 3155 e
919 3084 1060 3157 contra
1092 3103 1187 3158 vero
1220 3078 1474 3186 pronuncia-

300 3207 355 3288 tio
387 3208 623 3308 varborum,
657 3215 794 3289 motus
825 3209 1105 3289 membrorum
1149 3223 1225 3292 etc.
1276 3211 1318 3291 in
1365 3213 1474 3292 cele-

299 3341 484 3425 bratione
516 3343 668 3424 missae
699 3345 973 3440 necessariuS,
1009 3351 1069 3425 est
1092 3345 1210 3426 labor
1232 3346 1380 3428 missae
1405 3349 1474 3426 in-

299 3478 509 3569 trinsecus,
545 3505 592 3558 eo
623 3479 732 3585 quod
764 3477 852 3559 sine
884 3477 952 3559 illo
994 3505 1074 3559 non
1121 3477 1215 3558 item
1262 3483 1348 3560 sine
1394 3479 1474 3559 isto

299 3611 495 3690 celebrari
527 3611 674 3690 valeat.
701 3611 764 3691 Ex
797 3639 878 3719 quo
911 3613 1189 3721 consequitur,
1214 3615 1321 3721 quod
1345 3640 1474 3723 prop-

297 3749 359 3822 ter
388 3742 572 3848 laborem
597 3743 874 3824 extrinsecum
896 3745 1050 3853 aliquid
1072 3745 1296 3853 temporalo
1318 3748 1475 3855 absque

296 3875 497 3956 simoniae
529 3875 619 3956 labe
651 3877 758 3983 exigi
792 3877 939 3984 possit,
974 3905 1021 3960 eo
1062 3879 1170 3986 quod
1209 3905 1280 3986 per
1321 3879 1473 3988 hujus-

293 4009 407 4092 modi
438 4009 768 4118 conjunctionem
799 4009 909 4090 haud
951 4010 1083 4118 perdit
1124 4011 1473 4114 aestimationem,

294 4149 334 4222 et
355 4143 534 4225 valorem
557 4171 700 4244 suum,
719 4169 841 4252 quem
858 4171 910 4224 ex
931 4171 977 4224 se
998 4152 1210 4253 tamquam
1233 4145 1330 4254 quid
1362 4153 1473 4228 tem-

291 4275 431 4380 porale
462 4275 598 4356 habat.
619 4277 813 4358 Econtra
845 4303 940 4358 varo
972 4275 1073 4358 nihil
1104 4279 1329 4386 temporale
1361 4280 1472 4386 exigi

292 4413 426 4515 potest
456 4407 612 4516 absquo
643 4410 833 4490 Simonia
872 4411 925 4491 ob
968 4411 1150 4492 laborem
1182 4413 1470 4510 intrinsecum,
