3136 5138
423 400 530 454 traua
552 402 598 450 iv.
623 417 644 434 -
666 401 805 452 urceus
821 403 874 454 ru.
1192 383 1236 454 '97

90 527 275 634 proposita
295 554 321 607 a
340 528 561 610 Benedicto
586 529 700 630 XIV,
735 555 829 610 narn
861 529 895 610 si
928 530 1081 612 mensis
1112 531 1229 613 habi-

3 689 5 736 t
88 661 234 742 tationis
255 661 377 742 fuerit
406 651 587 770 elapsus,
610 671 709 744 tunc
729 665 937 771 praesumi
964 665 1056 771 jure
1078 675 1224 774 potest,

3 895 4 898 p
88 795 176 902 quod
196 795 288 904 quis
308 795 458 878 habeat
479 775 744 878 intentionem
766 798 956 880 manendi
979 827 1051 906 per
1066 809 1228 909 tempus

87 928 198 1035 ajuro
217 937 438 1030 statutum;
461 930 630 1037 proinde
652 929 798 1038 poterit
818 931 994 1038 permitti
1018 936 1229 1016 matrimo-

86 1061 180 1141 nium
209 1062 499 1143 celebrandum
522 1060 767 1163 aParoohO,
792 1073 832 1144 et
856 1063 986 1171 judex
1016 1067 1066 1146 de
1087 1069 1231 1148 matri-

86 1195 202 1276 monio
227 1195 317 1304 jam
338 1196 541 1277 celebrato
561 1199 709 1304 poterit
731 1197 930 1298 decidere,
955 1201 1063 1306 quod
1085 1201 1138 1281 sit
1159 1229 1230 1282 va-

86 1327 206 1410 lidum.
232 1329 351 1421 Quae
372 1329 653 1437 praesumptio
679 1330 786 1436 juris
813 1356 894 1411 non
916 1339 992 1432 est,
1016 1334 1050 1414 si
1072 1337 1228 1416 mensis
1310 1425 1315 1442 ι

84 1461 328 1542 habitationis
358 1488 439 1542 non
471 1461 592 1543 fuerit
621 1463 862 1570 completus,
892 1465 1078 1548 Athaco
1110 1493 1227 1574 prae-

82 1593 239 1702 sumptio
266 1594 374 1702 jnris
395 1594 501 1676 cedit
521 1595 699 1696 veritati;
722 1597 891 1704 proinde
911 1596 946 1676 si
970 1597 1091 1680 fuerit
1111 1601 1225 1680 dein-

82 1755 158 1836 ceps
184 1729 458 1836 recognitum,
483 1731 592 1837 quod
623 1731 789 1811 animus
809 1731 1092 1838 producendae
1113 1761 1226 1815 oom-

81 1863 300 1944 norationis
350 1889 431 1946 non
481 1865 724 1946 extendatur
774 1866 825 1946 ad
876 1867 1072 1972 majorem
1129 1871 1224 1948 anni

81 2005 229 2100 partem,
248 1995 315 2075 vel
336 1996 482 2078 saltem
503 1996 554 2077 ad
571 2004 782 2098 semestre,
803 1997 1110 2079 matrimonium
1127 2027 1224 2080 con-

81 2139 233 2210 tractum
266 2129 517 2210 censendum
547 2137 609 2210 est
639 2129 881 2212 invalidum.
909 2177 930 2191 -
955 2131 1226 2226 Animadver-

80 2260 224 2342 tendum
241 2271 306 2341 est
321 2260 452 2366 Iegem
474 2253 877 2370 domiciliirespectu
898 2264 1118 2347 validitatis
1135 2293 1224 2348 ma-

78 2392 233 2476 trimonii
268 2421 352 2475 non
370 2393 507 2500 vigere
538 2393 786 2502 ubicumque
807 2423 889 2478 non
910 2398 1021 2504 viget
1040 2399 1106 2480 Iex
1128 2393 1220 2482 Tri·
1309 2387 1312 2398 ’

78 2527 221 2609 dentina
262 2529 312 2611 de
352 2529 692 2631 clandestinitate,
725 2531 811 2610 sive
846 2531 919 2631 illi,
954 2532 1096 2640 quiin
1128 2561 1222 2616 eum

77 2657 190 2742 locum
230 2689 278 2744 se
317 2661 546 2763 conferunt,
589 2663 755 2744 veniant
795 2689 817 2744 e
857 2665 946 2746 loco
987 2692 1012 2745 a
1051 2666 1222 2750 Decreto

77 2795 297 2879 Tridentino
317 2797 470 2904 pariter
490 2797 679 2898 immuni,
703 2797 790 2878 sive
807 2799 929 2879 etiam
947 2807 969 2881 e
985 2799 1074 2883 Ioco
1092 2803 1222 2884 eidem

76 2931 238 3038 subjecto
272 2931 355 3042 sed·
374 2931 718 3040 absquefrnude,
753 2932 830 3013 hoc
859 2941 921 3014 est
956 2960 1037 3015 non
1070 2935 1220 3020 intuitu

75 3066 304 3148 matrimonii
346 3065 585 3173 simpliciter
614 3066 871 3149 conciliandi.
906 3068 967 3150 De
998 3069 1062 3148 his
1093 3073 1216 3171 enim,

74 3197 129 3302 qui
159 3199 312 3282 intuitu
333 3199 584 3280 matrimonii
614 3199 748 3307 patria
776 3228 855 3282 sua
873 3201 1113 3283 Tridentina
1133 3204 1222 3310 Iege

74 3331 200 3416 affecta
230 3335 274 3414 in
305 3332 443 3414 Iocum
473 3333 525 3414 ab
556 3359 605 3414 aa
640 3333 867 3414 immunem
907 3341 1121 3416 transeunt
1150 3349 1222 3418 aut

72 3466 270 3566 accedunt,
290 3465 476 3573 exceptio
495 3465 601 3546 facta
615 3473 678 3547 cst
694 3492 766 3572 per
786 3465 943 3546 celebre
959 3465 1115 3547 Urbani
1134 3468 1222 3549 VIII
1322 3491 1323 3494 ‘

70 3593 282 3700 decretum,
325 3601 437 3707 quod
479 3599 620 3707 incipit
654 3602 865 3711 ‹Eerponi
894 3600 1045 3681 nobis>
1080 3601 1222 3682 datum

70 3727 122 3808 die
138 3735 189 3813 14
205 3735 384 3842 Aupusti
411 3734 519 3814 1627
543 3734 714 3816 relatum
732 3760 758 3814 a
772 3735 992 3816 Benedicto
1013 3735 1113 3815 XIV
1129 3745 1221 3843 post

70 3857 279 3968 Epistolam
304 3899 322 3940 ‹
343 3853 499 3947 Paucis
520 3867 669 3947 abhinc
689 3898 728 3968 »3
752 3895 833 3975 quo
854 3868 1016 3948 decreto
1046 3867 1103 3947 illi
1135 3868 1221 3949 adi-

69 4005 206 4097 guntur
237 4001 288 4082 ad
330 4000 449 4109 qnasi
491 3999 745 4083 domicilium
777 4000 818 4081 in
849 4001 951 4099 loco,
988 4026 1060 4108 per
1098 4028 1219 4108 quem

70 4135 281 4235 transeunt,
314 4135 379 4215 vel
411 4135 485 4216 ad
505 4160 626 4243 quem
667 4134 868 4216 accedunt
851 4133 1216 4242 tacquirendum‚

3 4299 4 4352 t
70 4273 105 4343 ut
129 4267 260 4351 valide
290 4277 386 4351 cont
370 4267 530 4350 trahere
561 4267 870 4351 matrimonium
902 4267 1075 4377 possint:
1116 4295 1220 4377 quae

71 4409 189 4482 tamen
218 4401 283 4483 Iex
315 4429 399 4483 non
429 4401 594 4512 respicit
616 4426 757 4509 vagoS,
784 4400 853 4510 qui
884 4401 926 4481 in
957 4401 1217 4484 matrimonio

203 4555 1069 4604 r.111.·1³.1.r
