3380 5132
572 443 679 493 mona
700 445 746 492 w.
771 462 791 475 -
814 444 952 495 urceus
974 444 1044 496 xix.
1328 432 1392 496 303

228 570 472 652 »Dominus
502 571 700 678 dignitate
739 573 982 653 sacramenti
1025 573 1142 653 auxit
1176 573 1388 653 matrimo-

231 703 404 804 ›nium;
428 705 734 787 matrimonium
766 715 904 786 autem
935 716 996 786 est
1027 706 1114 814 ipse
1136 714 1383 806 contractus

228 837 301 917 »si
325 839 447 918 modo
477 839 531 920 sit
563 839 695 920 lactus
720 839 827 946 jure.
847 885 867 900 -
884 840 976 920 Huc
1008 840 1176 941 accedit,
1201 842 1309 948 quod
1335 844 1386 920 ob

227 970 372 1051 »hanc
403 997 595 1052 caussam
628 973 934 1052 matrimonium
973 981 1034 1051 est
1064 981 1383 1070 sacramentum,

227 1104 364 1213 »quia
384 1115 445 1186 est
465 1133 629 1186 sacrum
659 1106 825 1212 signum
856 1115 896 1187 et
925 1105 1105 1186 efficiens
1127 1107 1319 1212 gratiam,
1343 1117 1383 1185 et

227 1236 490 1343 »imaginem
521 1239 698 1318 referens
720 1239 985 1346 mysticarum
1008 1237 1247 1346 nuptiarum
1269 1237 1386 1318 Chri·
1496 1323 1498 1327 ,

230 1371 319 1451 »sti
343 1397 437 1450 cum
459 1372 655 1453 Ecclesia.
676 1375 852 1453 lstarum
874 1381 1011 1452 eutem
1034 1372 1165 1452 forma
1186 1399 1233 1452 ac
1253 1371 1388 1478 figura

228 1539 248 1578 s
269 1504 338 1584 illo
370 1506 458 1612 ipso
490 1507 733 1612 exprimitur
762 1533 950 1586 summac
981 1507 1279 1614 conjunctionis
1299 1505 1400 1584 vin-·

229 1637 377 1736 ›culo,
410 1663 492 1745 quo
521 1640 584 1717 vir
615 1648 654 1718 et
694 1633 985 1718 mulier'inter
1025 1667 1069 1719 se
1110 1639 1383 1744 conligantur,

229 1773 457 1878 »quodque
488 1772 598 1852 aliud
634 1772 733 1852 nihil
771 1782 844 1872 cst,
887 1774 963 1852 nisi
1003 1775 1139 1880 ipsum
1175 1772 1387 1853 matrimo-

228 1906 397 1986 »nium.
433 1909 571 2014 ltaque
612 1915 796 2014 apparet,
835 1934 955 1987 omne
998 1907 1103 1988 inter
1141 1907 1386 1988 christianos

226 2073 244 2112 >
260 2041 420 2146 justum
452 2041 690 2147 conjugium
722 2042 763 2121 in
793 2069 837 2121 so
867 2051 907 2122 et
937 2069 1008 2148 por
1044 2068 1088 2120 so
1119 2067 1208 2120 esse
1249 2065 1387 2120 sacru-

226 2205 244 2242 »
267 2171 466 2253 mentum:
502 2153 682 2280 nihilque
717 2176 852 2280 magis
892 2174 1109 2253 abhorrere
1141 2201 1166 2253 a
1198 2172 1382 2270 veritate,

228 2331 390 2412 »quam
431 2331 522 2385 osso
562 2315 866 2386 sacramentum
905 2307 1031 2386 decus
1071 2306 1277 2412 quoddam
1315 2305 1387 2384 ad-

224 2472 242 2506 »
259 2437 465 2543 junctum,
485 2447 556 2518 aut
578 2440 865 2546 proprietatem
888 2437 1087 2545 allapsam
1108 2438 1380 2536 extrinsecae,

225 2605 244 2642 »
264 2596 369 2678 quae
392 2598 416 2650 a
436 2580 646 2652 contractu
678 2571 857 2678 disjungi
880 2597 928 2651 ac
949 2567 1148 2677 disparari
1171 2567 1386 2646 hominum

226 2705 464 2784 »arbitratu
497 2715 632 2811 queat.
652 2719 686 2764 '-
717 2706 976 2813 Quapropter
1006 2730 1080 2784 nec
1116 2701 1271 2782 ratione
1302 2701 1387 2780 effi·-

227 2843 385 2939 »citur,
410 2865 484 2919 nec
506 2849 606 2918 teste
636 2847 866 2946 temporum
899 2839 1068 2920 historia
1098 2835 1387 2943 comprobatur

229 2977 509 3078 »potestatem
531 2974 571 3052 in
592 2973 855 3053 matrimonia
875 2972 1191 3053 christianorum
1209 2970 1259 3048 ad
1277 2969 1388 3074 prin-

226 3106 376 3211 ›oipes
406 3106 653 3212 reipublicae
684 3133 775 3186 esse
802 3106 894 3212 jure
925 3105 1169 3186 traductam.
1201 3101 1320 3194 Quod
1351 3101 1386 3178 si

226 3237 339 3318 »hec
366 3239 406 3316 in
438 3265 481 3317 re
513 3237 692 3318 alienum
716 3237 911 3318 violatum
939 3237 1008 3343 jus
1039 3245 1115 3333 est,
1140 3260 1261 3314 nemo
1291 3259 1387 3340 pro-

227 3403 242 3438 »
265 3369 367 3449 secto
390 3370 538 3450 dixerit
559 3397 649 3450 esse
670 3371 722 3450 ab
743 3369 928 3451 Ecclesia
949 3369 1161 3448 violatum.
1180 3365 1385 3447 -Utinam

224 3539 240 3572 »
261 3529 357 3582 vero
380 3503 728 3585 Naturalistarum
759 3504 940 3604 oracula,
966 3513 1011 3583 ut
1041 3512 1139 3583 sunt
1170 3501 1290 3608 plena
1312 3499 1386 3578 fal·

222 3669 240 3708 >
260 3635 394 3716 sitatis
415 3651 454 3717 et
477 3637 715 3743 injustitiae,
736 3636 792 3717 ita
808 3663 889 3715 non
912 3636 1035 3716 etiam
1052 3643 1189 3715 essent
1211 3633 1386 3712 fecunda

217 3769 597 3884 »detrimentorum
638 3777 677 3850 et
713 3769 1008 3850 calamitatum.
1044 3769 1124 3850 Sed
1166 3766 1282 3846 facile
1322 3773 1384 3844 est

220 3935 238 3974 »
260 3903 468 4009 pervidere
495 3919 690 4010 quantam
713 3901 930 4010 profanata
950 3901 1142 4009 conjugia
1163 3899 1384 4008 perniciem

218 4035 485 4136 »attuleriut3
516 4047 712 4144 quantam
744 4036 920 4116 allatura
949 4035 1033 4114 sint
1065 4033 1280 4114 universae
1310 4031 1385 4112 ho·-

218 4205 237 4242 >
259 4171 419 4251 minum
451 4169 750 4252 communitati.
770 4169 1012 4276 -Principio
1043 4167 1208 4276 quidem
1235 4167 1300 4248 lex
1322 4175 1384 4247 est

223 4303 427 4409 »provisa
457 4304 670 4404 divinituS,
695 4312 740 4384 ut
761 4329 865 4410 quae
885 4302 973 4382 Deo
1003 4310 1043 4384 ct
1065 4309 1213 4382 natura
1242 4306 1384 4380 aucto-

223 4473 242 4512 »
263 4440 379 4519 ribus
409 4439 597 4520 instituta
626 4448 737 4539 sunt,
762 4465 810 4518 ea
842 4445 953 4520 tento
985 4438 1078 4545 plus
1110 4436 1227 4518 utilia
1247 4461 1295 4516 ec
1315 4461 1383 4514 sa-
