3388 5136
293 328 359 394 134
590 347 858 394 rmnnncriouns
880 349 974 394 sonis
998 347 1155 392 osuomor

291 472 564 578 Religionem,
607 473 670 552 vel
710 473 1033 571 professionem,
1066 472 1140 551 sed
1180 497 1254 577 pro
1297 470 1472 554 honesta

290 595 591 687 sustentatione
618 605 902 712 ingredientis.
936 609 1061 714 quue
1094 611 1255 713 praeter
1285 613 1468 686 caeteros

290 742 436 848 probat
466 741 707 821 auctoritate
729 741 774 822 S.
800 741 950 822 Thom.
985 746 1030 825 2.
1058 745 1104 822 2.
1130 767 1200 846 qo.
1226 741 1330 821 100.
1351 767 1394 821 a.
1419 745 1465 821 3.

289 875 347 954 ad
377 878 421 955 4.
446 875 551 956 Dein
572 901 669 954 vero
699 874 940 982 singillatim
963 874 1180 981 respondet
1211 875 1468 978 argumentis

288 1017 328 1089 et
348 1007 664 1088 auctoritatibus
696 1010 738 1088 in
769 1008 1023 1089 contrarium
1053 1031 1181 1112 super
1210 1003 1361 1086 allatis
1383 1007 1466 1088 Ve-

287 1171 381 1224 rum
412 1141 611 1250 quidquid
641 1142 696 1223 sit
717 1144 766 1223 de
799 1141 876 1222 bac
907 1141 1101 1221 varietate
1132 1138 1377 1245 opinionum
1402 1140 1467 1221 lex

286 1275 490 1383 generalis
516 1301 542 1355 a
562 1274 743 1356 Concilio
767 1275 1007 1355 Tridentino
1039 1273 1331 1380 approbatam
1357 1274 1461 1383 Gap.

288 1417 346 1491 16
366 1437 462 1491 sess.
487 1411 550 1493 25
572 1409 621 1488 dc
636 1407 899 1517 tlepolemi),
918 1414 958 1487 et
978 1389 1213 1487 communis
1234 1414 1323 1486 tum
1346 1405 1461 1507 viriS,

284 1553 373 1625 tum
393 1541 641 1622 mulieribus
673 1541 876 1647 religiosis
907 1549 985 1640 est,
1010 1547 1056 1620 ut
1082 1539 1182 1619 nihil
1214 1539 1339 1648 recipi
1360 1567 1462 1648 pos-

283 1678 338 1758 sit
358 1677 466 1757 ultra
494 1701 700 1783 expensas
720 1701 794 1782 pro
835 1675 964 1775 victu,
988 1682 1028 1754 et
1058 1673 1244 1754 vestibus
1281 1683 1462 1782 tempore

283 1810 522 1892 novitiatus
569 1809 684 1890 Haec
714 1817 853 1890 tamen
892 1809 959 1889 lex
1001 1835 1075 1915 pro
1116 1807 1217 1889 viris
1258 1808 1462 1916 religiosis

283 1949 496 2045 remansit,
541 1953 582 2025 at
623 1970 696 2050 pro
739 1943 929 2024 laemiuis
970 1941 1175 2049 religiosis
1216 1941 1384 2041 sensim,
1419 1952 1459 2022 et

281 2079 371 2158 sine
390 2103 518 2158 sensu
550 2076 809 2157 introductus
831 2076 908 2156 fuit
937 2075 1085 2156 titulus
1106 2075 1295 2182 exigendi
1321 2075 1458 2154 dotem

281 2239 378 2294 eum
398 2212 451 2292 ad
472 2211 613 2309 finem,
634 2220 680 2292 ut
701 2209 872 2292 honeste
902 2209 1156 2290 substentari
1187 2217 1355 2316 possent
1376 2209 1459 2288 lae-

282 2347 418 2425 minae
451 2345 554 2425 istae
587 2346 819 2451 religiosae.
847 2345 957 2437 Quin
989 2343 1098 2424 obsit
1121 2343 1294 2424 floridus
1324 2350 1457 2426 status

281 2505 478 2588 praesens
504 2476 688 2560 familiae
704 2477 937 2584 religiosae,
957 2477 1055 2585 quia
1075 2475 1327 2584 experientia
1347 2505 1458 2560 com·

281 2620 444 2720 pertum
476 2611 567 2710 luit,
592 2611 907 2716 opulentissima
931 2611 1176 2692 monialium
1207 2612 1459 2693 monasteria

279 2747 495 2852 paullatim
513 2745 563 2824 ad
581 2743 764 2850 inopiam
786 2772 953 2852 vergere
979 2745 1070 2826 sine
1096 2745 1336 2853 hujusmodi
1358 2748 1458 2828 sub-

277 2877 409 2958 sidiis.
451 2877 561 2957 Hinc
581 2877 734 2985 optime
755 2887 924 2961 cautum
954 2881 1046 2981 fuit,
1067 2889 1112 2960 ut
1142 2880 1348 2987 quaelibet
1367 2906 1456 2960 mo-

279 3009 475 3110 nasteria,
495 3011 588 3092 licet
612 3013 807 3120 opulenta
827 3015 1031 3096 valeanta
1056 3015 1289 3123 quibusque
1306 3013 1454 3124 puellis

278 3142 486 3250 Religioni
508 3171 657 3227 nomen
679 3149 872 3228 dantibus
894 3149 1028 3229 dotale
1049 3149 1284 3229 subsidium
1314 3149 1454 3256 exige·

277 3305 335 3360 re.
361 3278 464 3360 Ben.
490 3278 591 3360 XIV
606 3283 672 3362 De
689 3282 790 3392 Syn.
811 3285 955 3364 Dioec.
976 3283 1047 3364 lib.
1067 3285 1132 3380 11,
1159 3284 1262 3394 Cap.
1289 3290 1345 3364 6.’

360 3413 443 3496 Sed
474 3414 572 3521 quid
609 3415 777 3496 tandem
819 3417 868 3498 de
904 3417 1046 3524 poenis
1087 3417 1253 3500 statutis
1273 3423 1453 3524 ,propter

282 3543 503 3626 simoniam
532 3574 645 3628 mere
675 3552 828 3630 realem
858 3551 901 3630 in
933 3551 1168 3633 beneficiis?
1198 3553 1314 3658 Ipsae
1354 3555 1454 3630 sunt

276 3675 326 3756 Ι.ο
359 3675 745 3762 Exoommunicatio
776 3683 883 3766 latae
922 3685 1163 3787 sententiae,
1207 3685 1346 3792 Papae
1388 3709 1452 3764 re-

272 3819 449 3913 servata,
479 3819 563 3894 tam
593 3819 636 3894 in
666 3816 896 3920 collatores,
931 3819 1144 3927 eligentcS,
1177 3820 1447 3928 postulantes

273 3953 595 4052 praesentantes,
631 3953 982 4054 commendantes,
1016 3979 1141 4061 quam
1172 3953 1446 4060 acquirentes

272 4081 403 4162 Eoetr.
422 4087 455 4167 2
475 4085 540 4164 De
568 4083 675 4165 Sim.
700 4085 803 4166 Pius
825 4085 878 4165 V.
904 4085 1076 4168 Constit.
1115 4086 1449 4196 Quamprimum:

272 4209 388 4302 Quae
410 4240 543 4319 poena
566 4225 762 4298 renovata
778 4218 855 4299 luit
879 4245 905 4299 a
920 4217 1220 4300 Constitutione
1239 4217 1452 4329 Apostoli-

271 4344 473 4430 caesedts
494 4348 574 4428 sub
590 4375 763 4432 numero
780 4355 822 4452 8,
843 4351 913 4434 ubi
931 4351 1083 4460 legitur
1099 4351 1254 4435 inflicta
1283 4377 1453 4433 excom·
