3136 5138
309 432 372 496 186
597 444 888 496 renuuncriouus
910 445 1004 496 cums
1028 443 1196 496 canonici

311 571 436 671 male,
469 571 520 650 de
551 595 632 676 quo
658 569 700 646 in
722 569 855 677 prima
875 568 1106 649 conditione
1127 568 1252 649 locuti
1272 593 1430 648 sumus.
1451 615 1469 627 -

312 709 356 784 3ο
387 703 628 811 Requiritur
660 711 817 784 uttam
849 701 1097 783 adulterium
1137 729 1260 808 quem
1303 702 1469 782 uxorici-

310 837 428 917 dium
460 836 514 917 sit
545 844 895 936 consummatum,
929 843 969 916 et
989 862 1071 914 non
1091 835 1329 944 simpliciter
1349 843 1470 916 etten-

312 977 460 1070 tatum,
493 969 649 1050 scilicet
679 969 787 1076 quod
818 968 960 1049 habita
980 968 1033 1049 sit
1054 969 1202 1076 copula
1222 968 1413 1076 perfecta,
1436 979 1471 1048 et

313 1129 424 1183 mors
445 1103 634 1210 conjugis
655 1109 798 1184 secuta
818 1103 955 1202 luerit,
975 1103 1322 1209 quemadmodum
1343 1101 1384 1181 in
1404 1127 1464 1180 an·

310 1239 594 1318 tecedentibus
624 1238 858 1345 expositum
888 1249 963 1318 est.
988 1283 1008 1298 -
1028 1238 1070 1316 4⁰
1096 1237 1275 1317 Domum
1305 1245 1351 1317 ut
1384 1261 1469 1316 cee-

307 1372 384 1450 des
416 1371 475 1450 vel
510 1373 562 1452 ab
595 1398 677 1451 uno
708 1397 761 1450 ex
791 1371 987 1453 adulteris
1017 1371 1299 1452 committatur
1340 1369 1470 1449 animo

312 1505 479 1585 ineundi
510 1505 817 1586 matrimonium
849 1532 944 1586 cum
975 1505 1056 1585 alia
1086 1530 1263 1612 persona
1281 1503 1470 1611 complice

315 1639 356 1718 iu
387 1639 603 1739 adulterim
637 1639 985 1746 quemadmodum
1015 1665 1207 1746 expresse
1244 1646 1408 1719 notatur
1435 1638 1471 1714 in

309 1797 404 1851 can.
441 1776 465 1851 5
497 1773 565 1851 cit.
600 1771 645 1850 In
675 1770 753 1852 hoc
783 1780 921 1851 autem
951 1771 1071 1850 tertio
1106 1797 1206 1850 casu
1246 1779 1308 1852 est
1349 1777 1471 1850 etten-

311 1907 509 2006 dendum‚
542 1905 619 1986 hoc
651 1905 987 2014 impedimentum
1018 1904 1166 1985 directe
1197 1913 1236 1986 et
1275 1903 1472 2012 principa-

315 2041 405 2121 liter
436 2041 589 2122 inourri
622 2042 673 2120 ab
705 2039 905 2140 adultero,
939 2039 1008 2147 qui
1049 2039 1216 2132 caedem
1256 2037 1468 2134 commisit,

314 2184 360 2254 ut
391 2183 566 2282 nequeat
596 2201 688 2278 eam
718 2172 797 2252 sibi
828 2172 1090 2254 matrimonio
1121 2172 1330 2280 copulare,
1355 2196 1469 2279 quam

315 2307 460 2415 polluit
491 2333 564 2414 per
598 2306 860 2406 adulterium,
904 2332 1081 2414 quarum
1121 2307 1361 2414 nuptiarum
1399 2302 1469 2384 sub

313 2465 387 2547 spe
417 2439 623 2520 commisit
643 2440 829 2547 conjugis
850 2441 1111 2522 occisionem.
1136 2441 1243 2520 lnter
1264 2465 1369 2546 quas
1389 2462 1472 2546 per-

310 2600 440 2654 sonas
470 2573 799 2655 communicatur
828 2573 1164 2682 impedimentum
1195 2599 1248 2653 ex
1287 2600 1336 2653 eo
1371 2569 1470 2681 quod

309 2706 563 2786 ,adulterium
593 2707 646 2787 sit
667 2707 869 2815 sorrnule,
904 2708 1012 2788 sicut
1041 2733 1169 2815 supra
1189 2706 1468 2814 exposuimus,

314 2841 379 2919 Ex
408 2839 473 2919 his
494 2839 735 2947 intelligitur
755 2839 853 2948 quid
874 2842 1019 2923 debeat
1040 2840 1276 2950 responderi
1299 2839 1340 2920 in
1363 2864 1468 2932 casu,

311 3001 396 3082 quo
429 2973 704 3055 uxorioidium
736 2975 857 3056 fuerit
886 2975 1115 3056 admissum
1147 2976 1198 3054 ab
1225 2973 1378 3055 infideli
1399 2996 1472 3051 non

309 3113 581 3187 concurrente
592 3105 1020 3215 permachinationem
1031 3102 1471 3215 partefideli,quarnvis

309 3239 599 3322 antecedenter
629 3241 733 3321 inter
763 3265 833 3320 eas
865 3267 1062 3348 personas
1093 3239 1301 3322 advenerit
1322 3237 1473 3320 adulte-

316 3371 423 3453 rium
454 3373 639 3454 formale.
674 3372 779 3454 Cum
810 3373 919 3454 enirn
950 3371 1027 3453 hoc
1057 3373 1111 3455 sit
1141 3373 1471 3481 impedimentum

303 3505 414 3612 juris
445 3506 708 3587 ecclesiastici
740 3533 821 3614 quo
843 3505 992 3588 directe
1013 3533 1095 3588 non
1119 3505 1398 3614 subjiciuntur
1416 3503 1472 3582 in-

314 3638 468 3740 fideles3
502 3638 598 3720 hinc
627 3639 662 3718 si
694 3639 868 3721 infidelis
899 3641 1067 3722 caedem
1102 3639 1289 3748 conjugis
1330 3638 1471 3719 unicus

312 3771 620 3879 perpetraverit,
653 3797 729 3852 nec
749 3771 836 3880 ipse
857 3799 932 3855 nec
953 3801 1049 3882 pars
1069 3774 1200 3856 fidelis
1222 3773 1345 3855 etiam
1366 3795 1470 3852 oom-

317 3904 408 4012 plex
440 3905 482 3984 in
514 3905 714 3986 adulterio
746 3905 822 3987 hoc
853 3906 1190 4016 impedimentum
1220 3906 1467 3990 contrahent:

314 4065 395 4119 non
427 4039 591 4146 quidem
621 4038 810 4140 infidelis,
844 4042 942 4150 quia
974 4041 1054 4124 tale
1087 4042 1420 4151 impedimentum
1448 4063 1470 4114 a

303 4172 400 4278 jure
431 4170 706 4254 ecclesiastico
729 4171 942 4255 inductum
965 4201 1062 4255 eum
1084 4175 1234 4256 directe
1255 4201 1337 4254 non
1357 4173 1464 4280 ligat:

314 4331 388 4385 neo
417 4305 567 4413 pariter
597 4332 691 4415 pers
722 4307 868 4410 fidelis,
904 4335 1009 4417 quae
1032 4309 1156 4390 unius
1188 4307 1375 4389 adulterii
1405 4329 1469 4384 ree

309 4448 390 4541 cst,
424 4452 464 4522 et
494 4469 567 4550 per
597 4441 772 4551 simplex
805 4443 959 4525 crimen
990 4443 1178 4525 adulterii
1202 4469 1283 4523 non
1304 4437 1470 4522 incurri·
