3380 5132
496 357 497 360 ’
609 371 709 420 uranu
735 372 763 417 v.
787 387 829 402 ·-
852 371 994 418 mancus
1015 371 1037 418 1.
1370 349 1413 420 15

237 499 416 580 habenti
434 495 524 578 Nae
540 497 745 606 Ulpianus
777 499 906 595 docet,
935 495 1103 578 axioma
1123 495 1225 614 iliud
1255 497 1406 604 legale:

232 631 590 714 Ratibabitionem
637 628 881 732 renouati,
917 638 954 711 et
994 630 1189 712 mandato
1233 657 1315 712 non
1353 639 1412 712 est

232 767 402 847 dubium
450 765 703 875 comparari,
737 790 819 846 non
850 763 985 844 solum
1027 763 1068 842 iu
1114 763 1408 866 contractibus

234 901 308 980 scd
340 897 451 978 etin
482 897 640 980 delictis
682 898 821 979 locum
865 896 1031 979 habere.
1065 895 1118 976 Et
1153 920 1297 976 revera
1326 907 1411 980 tam

235 1011 350 1114 civili
381 1058 506 1140 quam
528 1031 725 1113 canonico
742 1032 835 1139 jure
855 1029 1153 1113 Ratihabentes
1174 1055 1307 1137 poena
1327 1029 1414 1137 ple-

234 1175 421 1248 ctuntur.
446 1167 503 1245 At
533 1191 702 1272 quaese,
726 1190 809 1272 qua
830 1164 987 1246 ratione
1018 1163 1290 1270 imputabitur
1310 1162 1411 1244 mihi

232 1299 421 1381 alienum
467 1297 679 1400 delictum,
723 1299 764 1376 in
809 1299 919 1405 quod
964 1297 1200 1378 nullatenus
1244 1295 1407 1398 influxi,

239 1435 430 1542 quodque
446 1427 654 1542 patratum
672 1432 720 1512 iri
737 1433 972 1514 nesciebam
985 1437 999 1512 t
1011 1429 1228 1537 improbus
1244 1430 1410 1536 quidem

236 1595 348 1669 sum,
392 1567 461 1674 qui
504 1567 686 1648 alienum
733 1567 915 1674 adprobo
959 1565 1184 1672 flagitium,
1224 1565 1410 1647 animum

235 1701 372 1802 foedo,
405 1703 477 1781 sed
508 1700 680 1808 peccati,
714 1727 797 1781 non
830 1699 964 1781 delicti
995 1728 1091 1782 sum
1122 1729 1233 1784 reus

323 1833 476 1914 Habita
505 1833 686 1941 generali
717 1833 960 1914 delictorum
993 1835 1150 1936 notitia,
1185 1860 1410 1942 eorumque

233 1967 488 2068 definitione,
523 1975 563 2049 et
593 1967 810 2068 divisione,
844 1967 1027 2076 inspecto
1060 1970 1228 2077 quinam
1258 1993 1412 2074 capa-

234 2111 345 2180 trare
376 2101 551 2208 possint,
576 2100 794 2181 videamus
815 2128 925 2182 nune
946 2111 1104 2209 oportet
1133 2104 1295 2202 moch,
1320 2101 1411 2210 qui-

239 2233 316 2314 bus
346 2259 543 2342 suprema
573 2233 796 2313 auctoritas
828 2235 879 2315 ad
911 2233 1097 2340 ipsorum
1133 2235 1409 2341 cognitionem

235 2368 513 2476 perveniebat,
547 2392 621 2446 seu
648 2366 877 2465 rideamne,
913 2369 1118 2474 quomodo
1151 2367 1298 2448 delicta
1318 2393 1410 2474 per-

237 2510 397 2608 petrata
412 2502 454 2582 in
470 2499 674 2608 judicium
691 2499 1012 2582 deducebantur.
1033 2501 1285 2608 Compilator
1300 2499 1408 2607 juris

228 2634 420 2714 canonici
451 2641 532 2714 tres
563 2640 779 2714 enumerat
809 2633 967 2733 modae,
994 2634 1151 2716 scilicet
1179 2635 1410 2716 accusatio-

237 2793 342 2866 nem,
377 2765 743 2866 denunciationem,
786 2772 826 2846 et
867 2768 1183 2874 inquisitionem.
1220 2767 1337 2848 Patet
1367 2767 1407 2846 id

229 2927 283 2981 ex
322 2901 426 3012 Cap.
460 2903 584 3004 24,§
610 2901 769 3010 penult.
791 2900 832 2982 b.
853 2907 882 2982 t.
911 2901 1033 2981 -ibi
1056 2947 1114 2966 ·-··
1133 2902 1290 2982 Contra
1310 2927 1408 3008 quos

235 3031 516 3141 (criminosos)
549 3034 678 3114 tribus
709 3033 841 3114 modis
854 3033 1028 3144 procedi
1040 3043 1200 3144 potest:
1224 3033 1409 3116 uidelicet

223 3193 306 3276 per
320 3169 632 3265 accusationem,
659 3168 1025 3268 denunciationem,
1046 3175 1083 3248 et
1105 3169 1408 3275 inquisitionem

235 3302 429 3410 ipsorum.
465 3300 541 3381 Cui
581 3302 760 3382 concinit
795 3303 897 3412 Cap.
933 3305 1010 3400 31,
1037 3302 1221 3412 princip.
1257 3300 1306 3380 de
1339 3301 1409 3381 Si-

230 3435 388 3515 monia.
423 3433 501 3514 His
532 3443 672 3515 autem
704 3435 796 3516 licet
827 3433 1012 3516 nonnulli
1043 3434 1133 3514 DD.
1160 3443 1200 3515 et
1230 3433 1408 3514 Canoni-

232 3573 320 3646 stae
365 3567 516 3650 addant
557 3567 680 3649 etiam
717 3569 992 3678 exceptionem
1007 3597 1017 3668 ;
1052 3575 1234 3650 attamen
1269 3557 1319 3648 de
1358 3595 1407 3648 ea

226 3698 323 3780 silet
352 3701 645 3807 praelaudatus
676 3700 867 3782 Pontifex
896 3681 1161 3785 Innocentius
1190 3701 1239 3782 111
1261 3703 1303 3782 iu
1333 3703 1403 3782 cit.

229 3859 327 3944 cap.
356 3837 435 3935 24,
469 3833 640 3941 ideoque
672 3833 857 3916 nonnulli
878 3843 1119 3918 tractatores
1145 3835 1254 3943 juris
1276 3835 1409 3916 Cano·

231 3967 312 4048 nioi
344 3969 394 4049 de
427 3968 517 4075 ipso
548 3967 659 4048 haud
690 3968 930 4076 loquuntur.

322 4101 617 4183 Accusationis
648 4101 866 4183 methodus
886 4101 1113 4209 antiquitus
1134 4101 1185 4182 ab
1212 4100 1406 4182 omnibus

232 4234 396 4342 populis
427 4234 506 4314 fnit
535 4243 714 4336 servata,
733 4234 921 4344 Egyptiis
942 4233 1138 4344 primum,
1162 4233 1257 4316 dein
1278 4233 1407 4316 Grae·

227 4369 307 4470 cis,
343 4395 391 4451 ao
420 4369 587 4451 tandem
619 4368 838 4470 Romanis
871 4377 961 4451 turn
991 4378 1125 4451 stante
1157 4367 1401 4476 Republica,
