3388 5136
568 417 670 462 smne
692 417 725 464 v.
750 435 793 454 -.—
816 418 958 466 curuos
980 418 1027 462 111.
1322 394 1387 463 143
1496 427 1500 434 ⁴

215 541 317 624 ratio
349 548 426 642 est,
451 541 549 650 quia
570 542 612 622 in
633 568 809 650 poenam
840 541 974 624 delicti
1006 543 1232 649 privandus
1263 549 1324 624 est
1346 568 1389 622 re

211 701 303 758 sua.

301 809 459 889 Verum
492 807 589 914 quid
620 808 842 892 dicendum
864 809 915 890 de
936 807 1150 916 temporali
1170 810 1392 890 simoniace

217 949 379 1048 accepto
410 967 484 1048 pro
516 941 707 1047 ingressu
740 943 791 1022 ad
833 941 1118 1048 Religionem?
1154 940 1394 1046 Respondet

224 1071 335 1182 Papa
366 1077 408 1156 in
437 1075 621 1156 Ecetrae.
654 1076 765 1156 Sane
795 1075 837 1160 n.
873 1083 922 1176 t.,
957 1075 1058 1156 illud
1085 1073 1250 1154 retineri
1272 1098 1394 1180 posse

223 1229 252 1282 a
282 1207 544 1308 monastario,
568 1207 632 1288 val
653 1219 871 1306 conventu,
898 1208 1123 1289 dummodo
1144 1233 1227 1288 non
1248 1207 1288 1288 in
1312 1206 1396 1313 pri·

226 1339 364 1418 vatum
396 1365 520 1420 usum
551 1339 744 1439 abbatis,
778 1337 842 1418 vel
882 1337 1146 1434 Abbatissae,
1191 1335 1256 1416 vel
1296 1335 1396 1416 alte·

225 1466 328 1569 rinS,
359 1474 431 1552 sed
461 1472 504 1552 in
534 1497 798 1554 communem
830 1496 954 1552 usum
985 1475 1260 1552 convertatur.

312 1600 393 1694 Qui
422 1631 518 1686 vero
539 1604 781 1714 temporalia
799 1605 1022 1685 simoniace
1043 1601 1200 1708 accepit
1219 1626 1294 1708 pro
1314 1599 1399 1682 col-

225 1730 376 1812 latione
408 1736 588 1838 Ordinis,
624 1737 881 1844 aliorumque
923 1737 1301 1832 Sacramentorum,
1334 1731 1399 1814 vel

225 1865 608 1972 Sacramentalium,
651 1899 757 1980 quae
802 1871 1069 1953 conferuntur
1112 1869 1203 1952 sine
1247 1869 1399 1950 damno

222 2007 297 2080 ant
327 1999 588 2086 incommodo
618 2007 833 2112 temporali
863 2005 1125 2097 conferentia
1151 2004 1201 2085 de
1218 2000 1400 2110 jureDi-

225 2133 323 2213 vino
354 2143 449 2216 ante
469 2164 635 2218 omnem
655 2140 902 2220 sententiam
918 2139 1072 2244 judicis
1094 2136 1310 2220 restituere
1331 2135 1402 2216 de-

225 2269 309 2368 bet,
344 2267 441 2375 quia
469 2267 578 2350 siout
607 2272 737 2376 gratis
773 2271 943 2377 accepit,
979 2271 1034 2349 ite
1064 2277 1104 2350 et
1134 2268 1263 2374 gratis
1304 2267 1402 2348 dare

225 2402 360 2482 debet.
381 2401 478 2480 Dixi
494 2407 580 2484 sine
596 2403 761 2496 domne,
781 2411 854 2484 aut
871 2403 1120 2487 incommodo
1137 2403 1398 2511 conferentis,

230 2535 327 2641 qnia
357 2535 399 2615 in
429 2562 546 2634 casu,
580 2564 661 2645 quo
692 2536 905 2618 conferens
941 2535 1260 2618 sacramentalia
1289 2533 1403 2616 subit

225 2668 424 2748 damnum
447 2671 687 2778 temporale,
712 2698 794 2752 non
815 2679 979 2754 tenetur
999 2670 1051 2751 ad
1082 2669 1400 2766 restitutionem,

229 2799 264 2878 si
289 2800 384 2906 plus
404 2828 486 2882 non
517 2804 661 2910 exigit,
686 2831 809 2912 quarn
832 2831 898 2884 res
920 2804 990 2884 illa
1009 2803 1215 2911 spirituali
1239 2827 1405 2884 annexa

118 2925 120 2930 ’
232 2933 352 3015 valet.
398 2938 458 3016 lta
497 2935 768 3018 Reiffenstuel
800 2936 841 3016 h.
877 2939 940 3016 tit.
976 2963 1017 3016 n.
1052 2939 1161 3022 302.
1207 2935 1289 3016 Sed
1315 2933 1405 3042 jam

226 3093 305 3148 nos
338 3077 457 3175 urget
487 3069 686 3152 articulus

273 3331 339 3410 De
370 3330 520 3422 oensis,
555 3335 593 3408 et
624 3328 755 3410 titolis
791 3325 1080 3406 emonsnntibns
1110 3349 1138 3404 n
1166 3323 1358 3414 simonio,

491 3489 519 3541 o
543 3465 703 3572 poenis,
743 3467 781 3542 et
810 3487 839 3540 a
874 3460 1140 3542 restitutione.

319 3721 399 3800 Ast
428 3726 526 3800 sunt
556 3745 606 3800 ne
637 3744 788 3799 causae
819 3718 996 3827 aliquae,
1036 3723 1109 3798 aut
1144 3713 1251 3796 tituli
1283 3741 1410 3795 exou-

232 3862 373 3936 santes
404 3881 429 3934 a
458 3852 661 3954 Simonia,
697 3852 869 3961 ideoque
900 3878 925 3931 a
955 3849 1098 3960 poenis
1129 3847 1407 3950 incurrendis,

233 3995 275 4071 et
294 3985 551 4068 restitutione
573 3987 787 4092 facienda?
805 3987 961 4068 Multae
983 3991 1249 4067 recensentur
1270 4009 1295 4060 a
1315 3981 1405 4062 DD.

235 4130 275 4206 et
305 4121 539 4203 Canonistis
555 4153 566 4223 ;
590 4129 632 4202 at
662 4148 738 4203 nos
769 4107 903 4227 gratie
934 4117 1144 4200 brevitatis
1174 4141 1318 4216 unam,
1347 4113 1412 4196 vel

235 4256 409 4340 alteram
440 4255 483 4336 in
505 4256 686 4337 medium
717 4254 989 4364 proferemus
1019 4251 1072 4333 Et
1107 4255 1165 4332 l.⁰
1194 4258 1413 4332 excusata

236 4390 427 4472 Simonia
462 4389 694 4498 ignorantia
734 4387 1001 4488 invincibiliS,
1041 4385 1139 4494 quia
1173 4382 1411 4492 hujusmodi
1477 4427 1484 4440 ·
