3380 5132
367 388 434 452 348
657 400 950 452 rmncucuouns
972 399 1065 450 runis
1089 397 1256 452 canorum

376 528 568 639 praefecti
599 529 822 610 nosocomii
844 529 907 609 vel
938 527 1107 610 alterius
1137 529 1230 629 loci,
1254 528 1294 607 in
1323 541 1403 635 quo
1434 525 1537 632 sorte

373 639 608 760 decesserit,
630 661 716 742 sive
736 659 923 743 Rectoris
943 661 1166 762 Ecclesiae,
1185 662 1227 742 in
1248 687 1331 769 qua
1349 659 1536 770 sepultus

377 799 514 899 fuerit3
546 798 634 878 sive
665 797 788 878 etiarn
828 823 900 906 per
938 797 1218 878 testimonium
1256 791 1385 876 Ducis
1424 792 1536 874 illius

372 931 567 1032 cohortis,
603 931 645 1010 in
677 957 759 1038 qua
789 931 1015 1038 descriptus
1045 939 1132 1011 erat
1161 929 1296 1031 miles;
1319 928 1383 1008 vel
1413 925 1534 1008 etiam
1663 1025 1664 1028 Ν

375 1092 448 1174 per
472 1065 657 1172 juratum
687 1063 968 1146 testimonium
1000 1066 1176 1147 duorum
1216 1064 1381 1144 testium
1413 1063 1537 1169 depo·

377 1199 563 1279 nentium
585 1199 634 1278 dc
655 1199 747 1278 visu
779 1199 931 1298 obituS,
956 1198 1172 1278 autetiam
1203 1197 1328 1278 unius
1358 1203 1533 1294 tantum,

372 1333 487 1414 omni
518 1340 656 1412 tamen
682 1333 920 1440 exceptione
941 1332 1122 1439 majoris.
1147 1329 1455 1412 Advertendum
1476 1335 1539 1408 ta·
1663 1373 1664 1440 l

376 1489 472 1542 men
502 1471 578 1565 cst,
604 1465 712 1571 quod
742 1465 1006 1572 praelaudata
1026 1465 1069 1545 S.
1097 1463 1367 1569 Congregalio
1398 1469 1536 1542 monet
1663 1517 1664 1560 p

377 1596 418 1676 in
447 1597 719 1678 Instructione
750 1597 859 1677 edita
889 1597 956 1678 die
980 1600 1030 1678 21
1056 1597 1230 1706 Aupusti
1254 1597 1362 1677 1670
1394 1623 1419 1676 a
1448 1593 1538 1675 Cle·

375 1735 511 1808 mente
542 1721 583 1808 X
614 1730 869 1830 confirmata,
904 1756 1049 1837 nempe
1090 1729 1264 1838 quodsi
1295 1727 1395 1810 haec
1424 1727 1538 1809 testi·

374 1861 514 1942 monia
543 1861 748 1962 deficiant,
782 1888 942 1942 canon
979 1862 1155 1943 intendit
1189 1861 1405 1942 excludere
1435 1859 1537 1941 alias
1663 1941 1664 1976 Ν

375 1994 637 2102 probationes
653 2023 757 2103 quae
779 1997 828 2077 de
844 1997 937 2104 jure
958 1995 1164 2077 communi
1186 2002 1359 2104 possunt
1379 1993 1537 2074 admitti
1663 2037 1664 2116 p

367 2127 598 2208 dummodo
620 2128 702 2208 sint
721 2128 927 2235 legitimae
947 2137 986 2210 et
1006 2128 1269 2225 sufficientes
1290 2135 1336 2209 ut
1356 2110 1536 2241 depiama
1663 2169 1664 2226 t

375 2260 594 2365 conjuncta
623 2287 719 2340 curn
750 2261 841 2341 aliis
869 2261 1133 2352 ¹adminiculis
1163 2262 1308 2369 probat
1328 2259 1537 2341 Schmalz-
1663 2231 1664 2272 r

374 2393 552 2497 grueber
572 2407 681 2474 uam.
713 2397 762 2474 18
791 2395 806 2473 l
825 2459 832 2476 .
859 2404 887 2476 t.
911 2440 931 2456 -
951 2399 989 2475 A
1010 2395 1256 2477 Doctoribus
1286 2420 1447 2508 quoque
1477 2396 1539 2476 di·
1663 2415 1664 2502 J

374 2517 581 2631 sputatur:
605 2531 707 2608 «An
726 2529 861 2610 viduis
881 2556 1057 2637 quoque,
1077 2556 1182 2638 quae
1198 2529 1370 2636 legalem
1392 2529 1539 2636 proba·

335 2727 338 2739 ,
376 2659 529 2739 tionem
561 2659 610 2742 de
641 2662 754 2742 obitu
785 2663 972 2770 conjugis
1002 2663 1193 2744 exhibere
1223 2669 1444 2770 noqueunt,
1469 2662 1538 2742 de·
1663 2645 1664 2734 l

378 2791 471 2870 ferri
492 2793 623 2897 possit
647 2795 927 2900 juramentum
953 2796 1278 2904 suppletorium?
1300 2828 1318 2872 ›
1352 2793 1403 2876 Et
1425 2795 1540 2877 Reif-
1663 2905 1664 2908 Ν

374 2926 549 3007 fenstuel
581 2927 622 3009 h.
658 2937 686 3010 t.
721 2957 831 3011 narrt.
867 2935 917 3012 21
953 2939 1069 3039 putat
1104 2932 1144 3011 in
1189 2931 1325 3038 aliquo
1365 2957 1463 3012 casu
1496 2929 1536 3010 in
1663 2917 1664 2958 ¹

374 3047 457 3166 quo
478 3057 680 3142 habeatur
709 3063 874 3169 publiea
900 3063 1009 3144 lama
1029 3064 1213 3172 aliaeque
1240 3059 1538 3171 praesumptio·

377 3219 450 3272 nes
482 3203 580 3274 tunc
609 3221 729 3302 posse
751 3175 918 3280 viduam
949 3197 1000 3278 ad
1022 3225 1151 3315 ¹suam
1183 3196 1464 3296 assertionem,
1489 3197 1538 3276 dc

375 3334 505 3408 morte
536 3327 738 3436 conjugis,
763 3357 887 3438 quam
918 3331 1008 3438 ipsa
1038 3338 1146 3412 certo
1168 3330 1258 3432 scit,
1283 3330 1534 3437 probandam

374 3460 534 3540 admitti
567 3462 616 3543 ad
649 3463 896 3544 exibendum
923 3464 1220 3572 juramentum,
1245 3465 1352 3570 quod
1373 3463 1416 3542 in
1437 3489 1536 3544 casu

374 3589 524 3672 dicitur
559 3595 871 3702 suppletorium,
906 3605 1027 3704 prout
1067 3625 1118 3678 en
1148 3597 1307 3678 ludulto
1339 3599 1383 3678 S.
1418 3597 1537 3679 Sedis

377 3721 528 3804 habent
547 3727 740 3836 Episcopi
772 3732 935 3837 quando
966 3758 1048 3812 non
1078 3739 1211 3839 potest
1236 3731 1399 3813 aliunde
1420 3730 1537 3838 pleno
1663 3797 1664 3852 ἢ

374 3865 563 3940 constare
594 3859 643 3940 de
673 3869 783 3942 statu
814 3862 942 3945 libero
973 3864 1320 3972 nupturiensium.
1414 3895 1420 3902 ·

615 4183 618 4190 '
737 4205 890 4253 nxrmorr
907 4209 1178 4260 maenomenon.
