3388 5136
298 291 363 359 132
594 314 864 361 reancuomonus
887 315 979 360 euers
1004 313 1162 362 cancrum

296 442 377 548 pis,
414 445 458 519 ut
487 438 630 547 poenis
661 437 880 520 Canonicis
921 441 1144 547 procedant
1174 447 1318 521 eontra
1353 443 1478 524 simo-

296 575 414 654 niace
443 572 700 680 recipientes
734 581 773 652 et
803 572 1079 679 ingredientes
1111 575 1162 655 ad
1195 572 1471 683 Religionem,

296 733 378 789 non
410 707 599 787 obstante
630 705 892 786 multitudine
932 705 1271 813 delinquentium.
1309 708 1360 790 Et
1388 737 1477 791 me-

295 843 390 942 rito;
424 841 469 921 lit
505 840 611 921 enim
649 837 727 920 hoc
763 841 886 922 modo
921 839 1175 948 comparatio
1221 841 1330 924 inter
1356 843 1475 952 spiri·

295 975 422 1073 tuale,
448 983 486 1056 et
502 975 743 1082 temporale,
767 974 809 1055 in
836 1002 918 1082 qna
938 974 1125 1056 consistit
1145 973 1338 1058 simonia.
1365 977 1473 1071 Quin

296 1109 516 1216 suffragari
549 1109 683 1189 valeat
703 1109 909 1190 contraria
939 1110 1214 1191 consuetudo:
1248 1109 1340 1218 ipsa
1365 1113 1472 1193 enim

297 1243 357 1325 uti
388 1242 620 1351 corruptela
661 1245 905 1351 reprobatur
935 1270 960 1323 a
989 1243 1120 1325 sacris
1156 1245 1402 1345 canonibuS,
1436 1254 1475 1325 et

296 1378 536 1486 praesertim
578 1405 602 1459 a
641 1378 766 1459 citata
800 1380 983 1459 Ecetrae.
1028 1383 1068 1459 1.
1110 1377 1150 1457 lt.
1186 1387 1214 1460 t.
1251 1379 1473 1460 Verumta-

251 1563 254 1570 ·
295 1537 391 1594 men
422 1539 472 1592 ex
504 1511 582 1593 hoc
612 1512 781 1594 minime
821 1512 1047 1610 descendit,
1082 1513 1191 1620 quod
1231 1539 1312 1592 non
1345 1515 1474 1621 possit

294 1653 435 1756 sponte
454 1645 607 1753 aliquid
630 1647 852 1754 temporale
869 1647 1012 1727 donari
1031 1645 1211 1728 familiae
1235 1645 1468 1754 religiosae,

295 1780 393 1888 qnia
423 1779 465 1860 in
496 1779 566 1860 tali
599 1787 710 1882 actu,
744 1806 840 1861 cnm
871 1807 946 1861 nec
976 1775 1161 1889 pactum}
1178 1780 1469 1880 simoniacum,

294 1941 369 1995 nec
399 1913 503 1996 ratio
535 1914 652 2021 pretii
684 1914 922 2022 temporalis
952 1940 1025 2021 pro
1057 1941 1101 1996 re
1131 1913 1334 2024 spirituali
1364 1917 1471 1992 veri-

196 2109 198 2113 .
293 2047 455 2148 ficatur,
479 2048 680 2130 simoniae
701 2048 930 2156 periculum
953 2049 1094 2156 procul
1116 2050 1246 2130 abest.
1270 2049 1329 2128 lta
1354 2046 1457 2158 Cep.

294 2184 479 2269 Dilectus
509 2187 569 2265 30
592 2183 634 2265 le.
660 2191 708 2275 t.,
734 2193 771 2265 et
802 2185 1038 2293 Eaetruoap.
1073 2211 1172 2265 sane
1203 2185 1243 2264 1.
1278 2183 1319 2264 h.
1355 2191 1383 2263 t.
1419 2183 1472 2262 Et

293 2318 446 2425 optimo
477 2345 577 2400 sane
602 2319 722 2425 jure:
760 2317 993 2425 Conceptus
1040 2318 1149 2398 enim
1191 2317 1467 2399 Ecclesiastici

287 2451 395 2558 juris
416 2451 670 2558 prohibentis
688 2451 728 2530 in
745 2449 922 2531 themate
945 2451 1264 2558 praestationem
1288 2451 1343 2532 rei
1367 2457 1471 2531 tem-

291 2585 445 2692 poralis
476 2585 518 2664 in
550 2611 597 2666 eo
619 2585 820 2683 consistit,
846 2591 892 2665 ut
912 2595 1102 2666 arceatur
1121 2586 1375 2694 comparatio
1406 2585 1469 2666 in-

291 2727 352 2799 ter
382 2719 605 2826 temporale
636 2725 675 2798 et
706 2717 935 2826 spirituale.
971 2719 1203 2827 Quaproter
1232 2721 1267 2800 si
1297 2718 1399 2800 aller
1420 2719 1469 2800 ti-

290 2851 404 2932 tulus
434 2851 651 2951 subintret,
695 2852 869 2935 dubium
911 2881 992 2935 non
1035 2865 1097 2936 est
1127 2854 1249 2960 juxta
1283 2853 1396 2952 DD.,
1431 2863 1470 2934 et

290 2982 553 3087 Canonistas,
596 2987 704 3094 quod
735 2987 845 3094 exigi
877 2988 1009 3069 valeat
1045 2989 1097 3068 ab
1139 2986 1468 3094 ingredientibus

291 3117 528 3224 religionem
556 3119 709 3228 aliquid
741 3122 980 3222 temporale.

376 3252 467 3334 Hoc
496 3253 568 3336 sed
600 3281 696 3336 vero
727 3255 845 3337 titulo
877 3255 1085 3358 exulante,
1120 3282 1168 3337 ac
1199 3254 1363 3364 penitus
1395 3281 1470 3334 ex-

289 3387 405 3469 cluso
435 3387 612 3470 simonia
648 3390 931 3492 committitur,
971 3400 1011 3471 et
1047 3417 1202 3498 poenae
1234 3389 1275 3470 in
1307 3389 1468 3495 ingres-

288 3550 354 3621 su,
389 3531 429 3603 et
449 3524 678 3631 receptione
709 3525 761 3604 ad
792 3525 977 3606 ordinem
1009 3523 1251 3632 religiosum
1282 3531 1379 3604 sunt
1400 3549 1468 3604 se·

288 3662 473 3761 quentes
514 3655 593 3747 Qui
636 3665 799 3764 propter
833 3659 1068 3766 ingressum
1107 3659 1147 3739 in
1185 3655 1464 3765 Religionem,

288 3783 592 3892 Religiosamve
613 3789 910 3896 professionem
933 3793 1043 3890 dant,
1073 3802 1145 3872 ant
1166 3791 1376 3900 accipiunt
1399 3817 1468 3898 pe-

287 3919 466 4020 cuniam,
499 3947 581 4003 non
611 3922 777 4031 quidem
809 3948 882 4032 pro
913 3923 1086 4006 honesta
1115 3923 1460 4022 substentatione,

285 4054 358 4135 sed
388 4081 461 4164 pro
493 4054 582 4165 ipso
613 4057 820 4165 ingressu,
854 4085 929 4139 seu
960 4085 1034 4166 pro
1066 4059 1157 4169 ipsa
1187 4055 1464 4156 admissione,

287 4187 321 4266 si
355 4197 451 4268 sunt
480 4217 678 4298 personae
708 4191 943 4298 singulares
965 4192 1150 4273 incidunt
1182 4191 1272 4300 ipso
1299 4189 1392 4298 jure
1424 4189 1466 4268 in

288 4321 755 4405 excommunicationem
777 4325 822 4407 S.
847 4323 1035 4407 Pontifici
1068 4333 1334 4426 reservatam,
1360 4347 1466 4432 quae
