1031 1440
295 174 328 190 304
438 177 585 190 »mune-noum
596 178 642 191 wius
654 177 739 190 cmomci

301 219 311 229 ›
320 210 395 230 lutaria
410 210 546 237 experiamur,
563 212 640 237 quanto
655 210 722 237 magis
740 211 794 230 statu
808 209 868 230 nativo

302 252 310 262 ι
321 245 404 263 manent
419 243 498 270 integra
514 245 575 270 atque
590 243 774 268 incommutabilia;
788 243 870 270 quando-

301 285 310 296 »
321 277 403 304 quidem
418 278 536 304 procreator
553 283 623 297 rerum
638 277 731 297 omnium
746 277 803 297 Deus
817 276 870 303 probe

301 319 309 329 »
320 310 376 331 novit
390 310 439 337 quid
454 310 584 337 singularum
599 310 722 330 institutioni
737 312 758 330 et
772 316 869 330 oonserva-

301 353 310 363 »
320 344 370 364 tioni
385 343 495 371 expediret,
512 346 638 370 cunctasque
653 343 758 364 voluntate
778 345 798 364 et
811 346 869 363 mente

300 386 310 396 ›
319 384 359 397 sua
369 377 399 397 sio
414 377 522 402 ordinavit,
535 379 557 397 ut
571 384 634 400 suurn
650 383 785 404 unaquaeque
800 377 868 397 exitum

301 420 310 429 ›
320 410 463 431 convenienter
477 410 573 431 habitura
587 410 622 431 sit.
634 411 662 431 At
672 411 690 431 si
703 417 773 431 rerum
787 410 867 431 ordinem

302 453 311 463 »
320 444 499 471 providentissime
509 444 645 464 constitutum
656 444 766 464 immutare
774 446 794 464 et
800 446 867 471 pertur-

301 486 310 496 »
320 478 369 498 bare
385 477 492 497 hominum
507 477 612 498 temeritas
632 479 668 498 aut
688 477 808 504 improbitas
821 477 866 501 velit,

302 519 311 529 ›
321 513 365 531 tum
381 517 428 531 vero
444 511 505 531 etiam
520 511 672 538 sapientissime
692 513 754 538 atque
773 510 867 531 utilissime

302 553 310 563 »
321 544 415 564 instituta
429 546 465 564 aut
479 544 553 564 obesse
568 544 675 571 incipiunt,
687 547 724 564 aut
734 544 828 571 prodesse
841 544 868 564 de-

301 586 310 596 ›
320 577 398 603 sinunt,
415 577 447 597 vel
462 578 516 604 quod
532 577 574 598 vim
591 578 677 604 juvandi
697 577 867 606 mutationelami-

301 619 310 630 ›
320 611 391 636 serint,
407 610 439 630 vel
455 610 509 637 quod
524 610 576 631 tales
591 610 649 631 Deus
662 611 706 638 ipse
726 617 802 638 poenas
820 610 865 631 malit

301 653 311 662 ι»
321 645 346 665 de
360 644 591 671 mortalium²superbia
606 647 666 671 atque
686 644 774 664 audacia
787 650 863 664 sumere.

301 686 310 696 »
320 678 415 698 Jamvero
425 677 460 704 qui
475 684 558 698 sacrum
573 684 618 698 esse
631 678 785 698 matrimonium
795 680 865 704 negant,

303 720 312 730 ›
322 713 383 738 atque
393 710 449 731 omni
460 710 596 738 despoliatum
606 711 714 732 sanctitate
722 711 743 731 in
754 717 821 732 rerum
830 717 867 738 pro-

302 744 415 765 »sanarum
431 744 542 771 conjiciunt
557 751 629 772 genus,
640 745 659 765 -ii
674 747 792 772 pervertunt
807 744 867 765 sunda-

301 787 310 797 »
321 780 390 798 menta
400 780 493 803 naturae,
505 780 525 798 et
535 778 616 799 divinae
629 778 767 805 providentiae
778 780 820 798 tum
829 784 867 798 con-

301 820 310 830 ›
320 811 372 832 siliis
388 813 510 838 repugnant,
522 813 566 831 tum
582 811 682 836 instituta,
694 813 794 838 quantum
804 813 865 838 potest,

301 853 311 864 ›
321 845 466 866 demoliuntur.
479 845 608 872 Quapropter
618 845 693 865 mirum
704 851 750 865 esse
760 851 800 865 non
810 845 865 868 debet,

302 887 311 897 ›
320 885 347 899 ex
354 878 472 905 hujusmodi
481 878 589 898 conatibus
600 878 678 898 insanis
686 880 747 905 atque
756 877 823 905 impiis
829 884 865 897 earn

300 921 309 931 ι»
320 912 411 939 generari
428 911 529 932 malorum
544 914 641 938 segetem,
654 918 695 938 qua
710 911 759 931 nihil
775 913 806 932 est
815 910 864 931 saluti

300 954 309 964 ιι
320 945 444 970 animorum,
456 945 632 972 incolumitatique
645 945 769 972 reipublicae
779 944 865 972 pernicio-

301 987 310 997 »
319 978 371 998 sius.
381 989 391 993 -
398 978 421 998 Si
431 978 571 999 consideretur
586 985 686 1005 quorsum
701 978 864 999 matrimoniorum

300 1011 420 1039 »pertineat
437 1011 506 1032 divina
526 1012 634 1037 institutio,
654 1012 674 1032 id
694 1012 733 1032 erit
752 1011 866 1032 evidentissi-

301 1053 309 1063 ι
319 1051 385 1070 mum,
397 1045 500 1065 includere
515 1045 536 1065 in
552 1046 592 1066 illis
603 1046 692 1066 voluisse
702 1045 769 1066 Deum
786 1044 865 1066 utilitatis

301 1087 310 1097 »
320 1080 340 1098 et
354 1078 428 1099 salutis
443 1078 536 1105 publicae
555 1079 670 1099 uberrimos
690 1079 763 1099 fontes.
780 1079 806 1099 Et
819 1084 863 1101 sane,

300 1120 309 1130 ›
319 1114 399 1138 praeter
411 1119 472 1139 quam
483 1113 537 1140 quod
548 1113 690 1140 propagationi
700 1112 782 1139 generis
792 1110 863 1133 humani

301 1153 310 1163 ι
320 1145 454 1172 prospiciunt,
466 1145 514 1166 illue
529 1153 610 1173 quoque
621 1146 728 1173 pertinent,
742 1148 765 1166 ut
775 1145 864 1166 meliorem

301 1186 310 1196 ›
320 1178 383 1198 vitam
400 1178 511 1206 conjugum
532 1179 684 1210 beatioremque
704 1179 800 1204 efficiant;
815 1178 862 1204 idque
