3264 5146
457 405 567 460 clean
588 407 633 460 tv.
655 424 677 440 -
699 407 838 459 rnuucs
860 409 895 460 11.
1226 397 1268 462 77

114 541 270 617 antem
301 542 438 644 aptam
468 535 734 646 sponsalibus
763 563 789 617 a
814 539 908 646 jure
938 541 1137 623 canonico
1168 568 1259 624 eam

114 668 316 778 designari,
349 669 391 751 in
422 695 505 778 qua
534 697 640 753 usus
667 671 840 754 rationis
871 673 930 754 ita
958 675 1149 758 evolutus
1179 688 1258 778 est,

113 812 149 884 ut
164 804 251 912 quis
272 803 474 914 intelligat
492 785 594 914 quid'
612 815 709 915 agat
728 807 940 915 sponsalia
960 808 1156 912 ineundo,
1181 837 1256 893 seu

113 963 147 1016 se
180 935 400 1045 obligando
441 939 494 1020 ad
534 939 696 1022 futuras
736 939 918 1048 nuptias.
962 941 1078 1024 Haeo
1118 951 1260 1024 autem

112 1076 206 1150 cates
233 1069 440 1152 ordinarie
470 1071 672 1180 loquendo
702 1080 765 1155 est
794 1081 909 1156 aetas
938 1074 1141 1184 septennii
1182 1102 1260 1184 pro

113 1211 264 1312 utroque
294 1229 417 1303 sexu,
452 1211 498 1286 ut
527 1204 637 1287 clare
667 1204 844 1288 habetur
873 1233 965 1319 cup.
1000 1211 1043 1308 4,
1081 1211 1106 1288 5
1137 1218 1174 1288 et
1208 1211 1259 1289 13

114 1335 146 1417 b.
174 1344 200 1418 t.
233 1337 293 1420 ita
322 1345 461 1420 tamen
481 1347 528 1422 ut
547 1339 583 1421 si
605 1347 699 1422 ante
719 1340 826 1422 hanc
857 1349 1033 1424 aetatem
1055 1341 1259 1425 habeatur

111 1469 181 1575 jam
216 1469 408 1552 evolutus
447 1470 618 1554 rationis
665 1499 783 1574 usne,
828 1473 991 1556 valeant
1029 1474 1253 1583 sponsalia,

115 1611 216 1708 prout
242 1610 338 1711 post
368 1603 413 1684 S.
446 1603 651 1686 Thomam
683 1606 726 1686 in
755 1608 783 1686 4
815 1605 909 1688 dist.
944 1607 1000 1688 27
1042 1615 1195 1714 quaest.
1231 1609 1260 1687 2

114 1744 185 1817 ort.
214 1739 237 1816 2
264 1746 411 1820 tenent
439 1738 639 1840 Sanchez,
673 1740 913 1846 FagnanuS,
956 1765 1005 1822 ac
1045 1739 1256 1848 praecipui

115 1866 290 1952 Doctores
323 1871 433 1979 apud
463 1871 831 1979 Schmalzgrueber
861 1873 902 1955 h.
937 1881 966 1956 t.
1001 1901 1112 1954 num.
1152 1874 1219 1951 10.

209 2004 269 2086 2?
299 2005 417 2088 Licet
448 2032 545 2088 vero
574 2007 788 2114 sponsalia
815 2007 940 2089 etiam
974 2013 1068 2088 ante
1108 2005 1260 2114 puber-

115 2146 217 2220 tatem
237 2166 289 2222 ex
313 2139 432 2222 dictis
452 2141 636 2222 contrahi
658 2141 836 2244 valeant,
860 2143 1000 2252 plures
1019 2149 1158 2224 tamen
1180 2139 1254 2220 ha-

115 2271 240 2356 benun
278 2273 533 2356 differentiae
573 2275 679 2358 inter
716 2277 926 2386 sponsalia
965 2301 992 2356 a
1030 2275 1261 2384 puberibus

114 2404 163 2484 vel
198 2407 247 2488 ab
287 2407 577 2516 impuberibus
621 2417 845 2492 contracta.
892 2409 1099 2519 Imprimis
1143 2409 1254 2490 enim

113 2539 303 2644 sponsalia
332 2540 434 2624 baec
463 2541 506 2624 in
536 2543 809 2650 impubertate
828 2543 931 2626 inita
949 2551 1159 2653 nequeunt
1178 2567 1250 2624 ne-

114 2697 177 2778 que
202 2682 351 2756 mutuo
379 2675 571 2758 dissensu
601 2677 770 2760 dissolvi
792 2685 1012 2788 antequam
1033 2678 1085 2759 ad
1106 2677 1259 2786 puber·

113 2813 216 2888 tatem
236 2807 382 2917 sponsi
404 2809 655 2912 devenerint,
679 2810 801 2920 idque
822 2813 1044 2894 ostendunt
1058 2811 1257 2893 Doctores
1323 2909 1326 2918 Ι

114 2963 155 3018 ex
179 2943 421 3025 auctoritate
452 2970 540 3055 cop.
576 2945 602 3026 7
633 2944 675 3026 b.
703 2953 752 3046 t.,
786 2971 838 3026 ne
867 2953 1032 3056 propter
1051 2943 1256 3026 lubricum

109 3071 293 3176 judicium
324 3076 404 3185 ipsi
424 3077 634 3185 sponsalia
654 3077 772 3160 facile
793 3087 833 3160 et
852 3103 975 3187 saepe
991 3085 1144 3160 temere
1164 3103 1262 3158 con-

113 3206 274 3312 trabant,
316 3209 546 3319 iterumque
586 3211 827 3293 dissolvant.
869 3213 956 3292 Imo
994 3212 1031 3292 si
1072 3209 1262 3318 impubes

113 3365 191 3421 oum
218 3344 376 3452 pubere
406 3343 624 3445 contraxit,
657 3343 789 3454 pubes
819 3369 950 3451 neque
980 3344 1029 3426 de
1056 3368 1261 3453 consensu

112 3471 324 3583 impuberis
343 3475 501 3559 resilire
515 3485 664 3586 potest,
684 3485 906 3586 antequam
921 3476 987 3560 hio
1002 3477 1259 3585 pubertatem

111 3605 270 3717 adeptus
298 3609 367 3711 sit,
401 3609 498 3718 quia
526 3609 579 3692 ob
609 3618 784 3694 aetatem
815 3610 1005 3720 impubes
1033 3617 1145 3692 caret
1164 3634 1264 3691 con-

111 3763 222 3824 sensu
251 3741 472 3824 sufficienti
503 3743 555 3824 ad
584 3742 842 3853 sponsalium
863 3743 1189 3842 dissolutionem,
1217 3755 1261 3823 ut

112 3881 210 3956 notat
240 3875 427 3958 Sanchez
457 3877 523 3958 De
541 3878 723 3960 matrim.
749 3879 806 3959 D.
834 3881 883 3960 bl
908 3907 949 3959 n.
979 3880 1045 3958 10.
1070 3878 1128 3958 Α1
1147 3883 1263 3984 post·

112 4029 221 4112 quam
252 4009 306 4091 ad
334 4007 592 4118 pubertatem
631 4009 809 4111 devenit,
852 4017 988 4118 potest
1027 4034 1054 4088 a
1087 4033 1262 4118 sponsa-

112 4135 210 4223 libus
227 4142 343 4224 iuitis
362 4141 519 4224 resilire
540 4143 664 4226 ctiam
681 4143 810 4226 altera
824 4152 939 4252 parte
954 4143 1097 4246 invita,
1116 4168 1264 4252 quam·

114 4271 166 4353 ris
191 4276 349 4358 nnllam
378 4303 568 4360 recessus
608 4303 780 4360 causam
819 4278 981 4386 alleget,
1023 4287 1070 4362 ut
1110 4277 1263 4388 pariter

115 4407 276 4507 probant
305 4409 579 4492 communiter
616 4417 806 4492 auctores
846 4437 898 4491 cx
940 4437 1030 4522 cop.
1066 4413 1091 4491 7
1133 4409 1173 4490 b.
1209 4417 1237 4488 t.
1246 4440 1258 4504 ,·
