<?xml version="1.0" encoding="UTF-8"?>
<!DOCTYPE html PUBLIC "-//W3C//DTD XHTML 1.0 Transitional//EN"
    "http://www.w3.org/TR/xhtml1/DTD/xhtml1-transitional.dtd">
<html xmlns="http://www.w3.org/1999/xhtml" xml:lang="en" lang="en">
 <head>
  <title>
</title>
<meta http-equiv="Content-Type" content="text/html;charset=utf-8" />
  <meta name='ocr-system' content='tesseract 3.04.00' />
  <meta name='ocr-capabilities' content='ocr_page ocr_carea ocr_par ocr_line ocrx_word'/>
</head>
<body>
  <div class='ocr_page' id='page_1' title='image "./praelectionesju00angegoog/praelectionesju00angegoog_0598.png"; bbox 0 0 3360 5126; ppageno 0'>
   <div class='ocr_carea' id='block_1_1' title="bbox 559 488 1378 556">
    <p class='ocr_par' dir='ltr' id='par_1_1' title="bbox 559 488 1378 556">
     <span class='ocr_line' id='line_1_1' title="bbox 559 488 1378 556; baseline 0.005 -6"><span class='ocrx_word' id='word_1_1' title='bbox 559 505 657 551; x_wconf 72' lang='lat' dir='ltr'>crena</span> <span class='ocrx_word' id='word_1_2' title='bbox 680 505 711 550; x_wconf 81' lang='lat' dir='ltr'>r.</span> <span class='ocrx_word' id='word_1_3' title='bbox 738 523 781 537; x_wconf 86' lang='lat'>·-</span> <span class='ocrx_word' id='word_1_4' title='bbox 804 505 1022 554; x_wconf 82' lang='lat' dir='ltr'>r1runusxr1.</span> <span class='ocrx_word' id='word_1_5' title='bbox 1311 488 1378 556; x_wconf 64' lang='grc'>935</span> 
     </span>
    </p>
   </div>
   <div class='ocr_carea' id='block_1_2' title="bbox 197 631 1375 738">
    <p class='ocr_par' dir='ltr' id='par_1_2' title="bbox 197 631 1375 738">
     <span class='ocr_line' id='line_1_2' title="bbox 197 631 1375 738; baseline 0.004 -27"><span class='ocrx_word' id='word_1_6' title='bbox 197 658 251 712; x_wconf 86' lang='lat' dir='ltr'>ex</span> <span class='ocrx_word' id='word_1_7' title='bbox 287 632 390 712; x_wconf 84' lang='lat' dir='ltr'>Can.</span> <span class='ocrx_word' id='word_1_8' title='bbox 421 631 550 738; x_wconf 83' lang='lat' dir='ltr'>final.</span> <span class='ocrx_word' id='word_1_9' title='bbox 585 635 662 723; x_wconf 81' lang='lat'>23,</span> <span class='ocrx_word' id='word_1_10' title='bbox 687 660 727 738; x_wconf 81' lang='lat' dir='ltr'>q.</span> <span class='ocrx_word' id='word_1_11' title='bbox 753 635 796 712; x_wconf 89' lang='grc'>8.</span> <span class='ocrx_word' id='word_1_12' title='bbox 823 633 933 712; x_wconf 84' lang='lat' dir='ltr'>Idem</span> <span class='ocrx_word' id='word_1_13' title='bbox 966 633 1185 714; x_wconf 89' lang='lat' dir='ltr'>dicendum</span> <span class='ocrx_word' id='word_1_14' title='bbox 1206 635 1257 716; x_wconf 90' lang='lat' dir='ltr'>de</span> <span class='ocrx_word' id='word_1_15' title='bbox 1277 634 1375 734; x_wconf 81' lang='lat' dir='ltr'>iltis,</span> 
     </span>
    </p>
   </div>
   <div class='ocr_carea' id='block_1_3' title="bbox 199 764 1652 886">
    <p class='ocr_par' dir='ltr' id='par_1_3' title="bbox 199 764 1652 886">
     <span class='ocr_line' id='line_1_3' title="bbox 199 764 1652 886; baseline 0.007 -42"><span class='ocrx_word' id='word_1_16' title='bbox 199 765 269 873; x_wconf 88' lang='lat' dir='ltr'>qui</span> <span class='ocrx_word' id='word_1_17' title='bbox 301 791 352 844; x_wconf 85' lang='lat' dir='ltr'>cx</span> <span class='ocrx_word' id='word_1_18' title='bbox 381 764 542 870; x_wconf 86' lang='lat' dir='ltr'>justitia</span> <span class='ocrx_word' id='word_1_19' title='bbox 572 772 761 846; x_wconf 90' lang='lat' dir='ltr'>tenentur</span> <span class='ocrx_word' id='word_1_20' title='bbox 791 765 989 872; x_wconf 90' lang='lat' dir='ltr'>impedire</span> <span class='ocrx_word' id='word_1_21' title='bbox 1020 765 1305 868; x_wconf 85' lang='lat' dir='ltr'>homicidium,</span> <span class='ocrx_word' id='word_1_22' title='bbox 1338 777 1379 850; x_wconf 89' lang='lat' dir='ltr'>et</span> <span class='ocrx_word' id='word_1_23' title='bbox 1507 781 1508 787; x_wconf 69' lang='lat'>‘</span> <span class='ocrx_word' id='word_1_24' title='bbox 1642 847 1652 886; x_wconf 24' lang='grc'>,1</span> 
     </span>
    </p>
   </div>
   <div class='ocr_carea' id='block_1_4' title="bbox 178 899 1377 4618">
    <p class='ocr_par' dir='ltr' id='par_1_4' title="bbox 195 899 1377 1381">
     <span class='ocr_line' id='line_1_4' title="bbox 201 899 1372 1011; baseline 0.003 -33"><span class='ocrx_word' id='word_1_25' title='bbox 201 925 283 978; x_wconf 90' lang='lat' dir='ltr'>non</span> <span class='ocrx_word' id='word_1_26' title='bbox 315 899 559 1006; x_wconf 84' lang='lat' dir='ltr'>impediunt.</span> <span class='ocrx_word' id='word_1_27' title='bbox 599 901 703 1010; x_wconf 83' lang='lat' dir='ltr'>Cap.</span> <span class='ocrx_word' id='word_1_28' title='bbox 741 905 785 993; x_wconf 89' lang='lat'>7,</span> <span class='ocrx_word' id='word_1_29' title='bbox 810 900 906 980; x_wconf 83' lang='lat' dir='ltr'>dist.</span> <span class='ocrx_word' id='word_1_30' title='bbox 932 903 1010 992; x_wconf 84' lang='lat'>50,</span> <span class='ocrx_word' id='word_1_31' title='bbox 1035 927 1125 1011; x_wconf 84' lang='lat' dir='ltr'>cop.</span> <span class='ocrx_word' id='word_1_32' title='bbox 1144 901 1262 1007; x_wconf 84' lang='lat' dir='ltr'>final</span> <span class='ocrx_word' id='word_1_33' title='bbox 1281 902 1322 982; x_wconf 85' lang='lat' dir='ltr'>h.</span> <span class='ocrx_word' id='word_1_34' title='bbox 1344 909 1372 983; x_wconf 89' lang='lat' dir='ltr'>t.</span> 
     </span>
     <span class='ocr_line' id='line_1_5' title="bbox 200 1022 1377 1140; baseline -0.001 -27"><span class='ocrx_word' id='word_1_35' title='bbox 200 1035 242 1114; x_wconf 82' lang='lat' dir='ltr'>in</span> <span class='ocrx_word' id='word_1_36' title='bbox 269 1039 313 1114; x_wconf 81' lang='lat'>6.</span> <span class='ocrx_word' id='word_1_37' title='bbox 339 1031 390 1112; x_wconf 89' lang='lat' dir='ltr'>Et</span> <span class='ocrx_word' id='word_1_38' title='bbox 410 1031 514 1114; x_wconf 90' lang='lat' dir='ltr'>ratio</span> <span class='ocrx_word' id='word_1_39' title='bbox 545 1041 622 1134; x_wconf 87' lang='lat' dir='ltr'>est,</span> <span class='ocrx_word' id='word_1_40' title='bbox 656 1033 754 1140; x_wconf 87' lang='lat' dir='ltr'>quia</span> <span class='ocrx_word' id='word_1_41' title='bbox 784 1023 887 1115; x_wconf 89' lang='lat' dir='ltr'>tales</span> <span class='ocrx_word' id='word_1_42' title='bbox 919 1033 1129 1115; x_wconf 77' lang='lat' dir='ltr'>moraliter</span> <span class='ocrx_word' id='word_1_43' title='bbox 1157 1022 1377 1116; x_wconf 84' lang='lat' dir='ltr'>censentur</span> 
     </span>
     <span class='ocr_line' id='line_1_6' title="bbox 199 1165 1376 1274; baseline 0.002 -28"><span class='ocrx_word' id='word_1_44' title='bbox 199 1165 399 1266; x_wconf 87' lang='lat' dir='ltr'>occidere,</span> <span class='ocrx_word' id='word_1_45' title='bbox 434 1176 685 1273; x_wconf 86' lang='lat' dir='ltr'>peccantque</span> <span class='ocrx_word' id='word_1_46' title='bbox 709 1176 853 1249; x_wconf 91' lang='lat' dir='ltr'>contra</span> <span class='ocrx_word' id='word_1_47' title='bbox 878 1168 1101 1274; x_wconf 89' lang='lat' dir='ltr'>justitiam,</span> <span class='ocrx_word' id='word_1_48' title='bbox 1125 1176 1165 1248; x_wconf 88' lang='lat' dir='ltr'>et</span> <span class='ocrx_word' id='word_1_49' title='bbox 1186 1170 1236 1250; x_wconf 91' lang='lat' dir='ltr'>ad</span> <span class='ocrx_word' id='word_1_50' title='bbox 1259 1169 1376 1250; x_wconf 88' lang='lat' dir='ltr'>resti-</span> 
     </span>
     <span class='ocr_line' id='line_1_7' title="bbox 195 1299 629 1381; baseline 0.005 -2"><span class='ocrx_word' id='word_1_51' title='bbox 195 1299 394 1379; x_wconf 80' lang='lat' dir='ltr'>tutionem</span> <span class='ocrx_word' id='word_1_52' title='bbox 426 1307 629 1381; x_wconf 91' lang='lat' dir='ltr'>tenentur.</span> 
     </span>
    </p>

    <p class='ocr_par' dir='ltr' id='par_1_5' title="bbox 186 1431 1373 3008">
     <span class='ocr_line' id='line_1_8' title="bbox 284 1431 1369 1518; baseline 0.007 -8"><span class='ocrx_word' id='word_1_53' title='bbox 284 1431 377 1512; x_wconf 93' lang='lat' dir='ltr'>Non</span> <span class='ocrx_word' id='word_1_54' title='bbox 396 1432 452 1513; x_wconf 83' lang='lat' dir='ltr'>ita</span> <span class='ocrx_word' id='word_1_55' title='bbox 472 1448 609 1513; x_wconf 85' lang='lat' dir='ltr'>tamen</span> <span class='ocrx_word' id='word_1_56' title='bbox 631 1433 853 1516; x_wconf 89' lang='lat' dir='ltr'>dicendum</span> <span class='ocrx_word' id='word_1_57' title='bbox 877 1443 939 1514; x_wconf 87' lang='lat' dir='ltr'>est</span> <span class='ocrx_word' id='word_1_58' title='bbox 961 1435 1010 1514; x_wconf 90' lang='lat' dir='ltr'>de</span> <span class='ocrx_word' id='word_1_59' title='bbox 1028 1434 1369 1518; x_wconf 89' lang='lat' dir='ltr'>ratihabentibus.</span> 
     </span>
     <span class='ocr_line' id='line_1_9' title="bbox 194 1564 1371 1672; baseline 0.004 -28"><span class='ocrx_word' id='word_1_60' title='bbox 194 1564 275 1672; x_wconf 89' lang='lat' dir='ltr'>Ipsi</span> <span class='ocrx_word' id='word_1_61' title='bbox 307 1565 417 1644; x_wconf 90' lang='lat' dir='ltr'>enim</span> <span class='ocrx_word' id='word_1_62' title='bbox 449 1565 795 1670; x_wconf 74' lang='lat' dir='ltr'>irregularitatem</span> <span class='ocrx_word' id='word_1_63' title='bbox 827 1566 938 1647; x_wconf 88' lang='lat' dir='ltr'>haud</span> <span class='ocrx_word' id='word_1_64' title='bbox 961 1567 1209 1648; x_wconf 85' lang='lat' dir='ltr'>contrahunt</span> <span class='ocrx_word' id='word_1_65' title='bbox 1238 1575 1371 1649; x_wconf 90' lang='lat' dir='ltr'>ratum</span> 
     </span>
     <span class='ocr_line' id='line_1_10' title="bbox 194 1697 1373 1809; baseline 0.003 -33"><span class='ocrx_word' id='word_1_66' title='bbox 194 1697 394 1780; x_wconf 87' lang='lat' dir='ltr'>habentes</span> <span class='ocrx_word' id='word_1_67' title='bbox 434 1699 704 1780; x_wconf 83' lang='lat' dir='ltr'>homicidium</span> <span class='ocrx_word' id='word_1_68' title='bbox 745 1726 824 1780; x_wconf 90' lang='lat' dir='ltr'>suo</span> <span class='ocrx_word' id='word_1_69' title='bbox 866 1701 1034 1781; x_wconf 89' lang='lat' dir='ltr'>nomine</span> <span class='ocrx_word' id='word_1_70' title='bbox 1071 1700 1240 1802; x_wconf 86' lang='lat' dir='ltr'>lactum,</span> <span class='ocrx_word' id='word_1_71' title='bbox 1275 1703 1373 1809; x_wconf 90' lang='lat' dir='ltr'>quia</span> 
     </span>
     <span class='ocr_line' id='line_1_11' title="bbox 194 1831 1371 1944; baseline 0.007 -36"><span class='ocrx_word' id='word_1_72' title='bbox 194 1831 272 1938; x_wconf 89' lang='lat' dir='ltr'>ipsi</span> <span class='ocrx_word' id='word_1_73' title='bbox 314 1834 477 1941; x_wconf 91' lang='lat' dir='ltr'>proprie</span> <span class='ocrx_word' id='word_1_74' title='bbox 518 1859 600 1914; x_wconf 94' lang='lat' dir='ltr'>non</span> <span class='ocrx_word' id='word_1_75' title='bbox 632 1834 812 1915; x_wconf 85' lang='lat' dir='ltr'>influunt</span> <span class='ocrx_word' id='word_1_76' title='bbox 843 1835 885 1914; x_wconf 95' lang='lat' dir='ltr'>in</span> <span class='ocrx_word' id='word_1_77' title='bbox 918 1833 1204 1937; x_wconf 84' lang='lat' dir='ltr'>homicidium,</span> <span class='ocrx_word' id='word_1_78' title='bbox 1238 1863 1371 1944; x_wconf 92' lang='lat' dir='ltr'>neque</span> 
     </span>
     <span class='ocr_line' id='line_1_12' title="bbox 194 1964 1369 2076; baseline 0.006 -32"><span class='ocrx_word' id='word_1_79' title='bbox 194 1964 263 2044; x_wconf 88' lang='lat' dir='ltr'>tali</span> <span class='ocrx_word' id='word_1_80' title='bbox 296 1965 574 2047; x_wconf 87' lang='lat' dir='ltr'>ratihabitioni</span> <span class='ocrx_word' id='word_1_81' title='bbox 619 1967 756 2075; x_wconf 89' lang='lat' dir='ltr'>aliquo</span> <span class='ocrx_word' id='word_1_82' title='bbox 783 1967 876 2074; x_wconf 87' lang='lat' dir='ltr'>jure</span> <span class='ocrx_word' id='word_1_83' title='bbox 913 1993 1078 2048; x_wconf 80' lang='lat' dir='ltr'>annexa</span> <span class='ocrx_word' id='word_1_84' title='bbox 1118 1977 1179 2049; x_wconf 89' lang='lat' dir='ltr'>est</span> <span class='ocrx_word' id='word_1_85' title='bbox 1210 1969 1369 2076; x_wconf 85' lang='lat' dir='ltr'>irregu-</span> 
     </span>
     <span class='ocr_line' id='line_1_13' title="bbox 191 2097 1364 2208; baseline 0.004 -33"><span class='ocrx_word' id='word_1_86' title='bbox 191 2097 346 2176; x_wconf 79' lang='lat' dir='ltr'>laritas</span> <span class='ocrx_word' id='word_1_87' title='bbox 382 2099 491 2190; x_wconf 84' lang='lat' dir='ltr'>Quin</span> <span class='ocrx_word' id='word_1_88' title='bbox 513 2099 664 2180; x_wconf 86' lang='lat' dir='ltr'>officiat</span> <span class='ocrx_word' id='word_1_89' title='bbox 689 2102 793 2208; x_wconf 83' lang='lat' dir='ltr'>Cup.</span> <span class='ocrx_word' id='word_1_90' title='bbox 823 2106 880 2180; x_wconf 84' lang='lat'>10</span> <span class='ocrx_word' id='word_1_91' title='bbox 913 2100 962 2179; x_wconf 83' lang='lat' dir='ltr'>de</span> <span class='ocrx_word' id='word_1_92' title='bbox 992 2101 1092 2208; x_wconf 73' lang='lat' dir='ltr'>ch.</span> <span class='ocrx_word' id='word_1_93' title='bbox 1117 2103 1210 2207; x_wconf 78' lang='lat' dir='ltr'>jur.</span> <span class='ocrx_word' id='word_1_94' title='bbox 1248 2106 1289 2182; x_wconf 82' lang='lat' dir='ltr'>in</span> <span class='ocrx_word' id='word_1_95' title='bbox 1320 2110 1364 2194; x_wconf 81' lang='lat'>6,</span> 
     </span>
     <span class='ocr_line' id='line_1_14' title="bbox 190 2230 1370 2325; baseline 0.003 -15"><span class='ocrx_word' id='word_1_96' title='bbox 190 2230 261 2310; x_wconf 92' lang='lat' dir='ltr'>ubi</span> <span class='ocrx_word' id='word_1_97' title='bbox 294 2230 443 2311; x_wconf 88' lang='lat' dir='ltr'>dicitur</span> <span class='ocrx_word' id='word_1_98' title='bbox 462 2269 519 2301; x_wconf 88' lang='lat'>=</span> <span class='ocrx_word' id='word_1_99' title='bbox 541 2232 892 2312; x_wconf 79' lang='lat' dir='ltr'>Ratihobitionern</span> <span class='ocrx_word' id='word_1_100' title='bbox 919 2233 1159 2325; x_wconf 80' lang='lat' dir='ltr'>retrotrahi,</span> <span class='ocrx_word' id='word_1_101' title='bbox 1195 2242 1233 2314; x_wconf 87' lang='lat' dir='ltr'>ct</span> <span class='ocrx_word' id='word_1_102' title='bbox 1252 2261 1370 2314; x_wconf 83' lang='lat' dir='ltr'>mon-</span> 
     </span>
     <span class='ocr_line' id='line_1_15' title="bbox 189 2365 1362 2475; baseline 0.002 -30"><span class='ocrx_word' id='word_1_103' title='bbox 189 2365 287 2445; x_wconf 85' lang='lat' dir='ltr'>datc</span> <span class='ocrx_word' id='word_1_104' title='bbox 308 2391 388 2445; x_wconf 83' lang='lat' dir='ltr'>nou</span> <span class='ocrx_word' id='word_1_105' title='bbox 410 2374 468 2446; x_wconf 82' lang='lat' dir='ltr'>cst</span> <span class='ocrx_word' id='word_1_106' title='bbox 489 2365 655 2447; x_wconf 83' lang='lat' dir='ltr'>dubium</span> <span class='ocrx_word' id='word_1_107' title='bbox 685 2369 938 2475; x_wconf 79' lang='lat' dir='ltr'>comparari,</span> <span class='ocrx_word' id='word_1_108' title='bbox 963 2366 1086 2446; x_wconf 85' lang='lat' dir='ltr'>etiarn</span> <span class='ocrx_word' id='word_1_109' title='bbox 1126 2367 1167 2446; x_wconf 92' lang='lat' dir='ltr'>in</span> <span class='ocrx_word' id='word_1_110' title='bbox 1189 2367 1362 2469; x_wconf 77' lang='lat' dir='ltr'>delictis,</span> 
     </span>
     <span class='ocr_line' id='line_1_16' title="bbox 187 2499 1363 2610; baseline 0.003 -30"><span class='ocrx_word' id='word_1_111' title='bbox 187 2525 264 2580; x_wconf 87' lang='lat' dir='ltr'>ceu</span> <span class='ocrx_word' id='word_1_112' title='bbox 286 2501 403 2580; x_wconf 88' lang='lat' dir='ltr'>docet</span> <span class='ocrx_word' id='word_1_113' title='bbox 424 2501 497 2579; x_wconf 75' lang='lat' dir='ltr'>lem</span> <span class='ocrx_word' id='word_1_114' title='bbox 520 2506 562 2592; x_wconf 84' lang='lat'>1,</span> <span class='ocrx_word' id='word_1_115' title='bbox 589 2505 613 2602; x_wconf 64' lang='grc' dir='ltr'><strong>ἓ</strong></span> <span class='ocrx_word' id='word_1_116' title='bbox 640 2502 700 2580; x_wconf 75' lang='grc'>14</span> <span class='ocrx_word' id='word_1_117' title='bbox 721 2499 769 2580; x_wconf 84' lang='lat' dir='ltr'>cle</span> <span class='ocrx_word' id='word_1_118' title='bbox 795 2501 850 2581; x_wconf 82' lang='lat' dir='ltr'>Vi</span> <span class='ocrx_word' id='word_1_119' title='bbox 869 2509 1050 2592; x_wconf 82' lang='lat' dir='ltr'>armato,</span> <span class='ocrx_word' id='word_1_120' title='bbox 1084 2509 1121 2580; x_wconf 88' lang='lat' dir='ltr'>et</span> <span class='ocrx_word' id='word_1_121' title='bbox 1153 2501 1256 2610; x_wconf 84' lang='lat' dir='ltr'>Cup.</span> <span class='ocrx_word' id='word_1_122' title='bbox 1287 2506 1363 2595; x_wconf 83' lang='lat'>33,</span> 
     </span>
     <span class='ocr_line' id='line_1_17' title="bbox 187 2633 1365 2742; baseline 0.003 -30"><span class='ocrx_word' id='word_1_123' title='bbox 187 2634 237 2713; x_wconf 83' lang='lat' dir='ltr'>de</span> <span class='ocrx_word' id='word_1_124' title='bbox 266 2636 453 2733; x_wconf 80' lang='lat' dir='ltr'>Simon.;</span> <span class='ocrx_word' id='word_1_125' title='bbox 497 2635 829 2742; x_wconf 87' lang='lat' dir='ltr'>quandoquidem</span> <span class='ocrx_word' id='word_1_126' title='bbox 870 2633 1203 2732; x_wconf 85' lang='lat' dir='ltr'>ratihabitionem</span> <span class='ocrx_word' id='word_1_127' title='bbox 1245 2662 1365 2715; x_wconf 89' lang='lat' dir='ltr'>man-</span> 
     </span>
     <span class='ocr_line' id='line_1_18' title="bbox 187 2767 1365 2876; baseline 0.003 -31"><span class='ocrx_word' id='word_1_128' title='bbox 187 2767 283 2846; x_wconf 90' lang='lat' dir='ltr'>dato</span> <span class='ocrx_word' id='word_1_129' title='bbox 305 2769 533 2873; x_wconf 89' lang='lat' dir='ltr'>comparari</span> <span class='ocrx_word' id='word_1_130' title='bbox 557 2767 647 2847; x_wconf 90' lang='lat' dir='ltr'>DD.</span> <span class='ocrx_word' id='word_1_131' title='bbox 674 2769 816 2848; x_wconf 90' lang='lat' dir='ltr'>dicunt</span> <span class='ocrx_word' id='word_1_132' title='bbox 837 2769 971 2875; x_wconf 89' lang='lat' dir='ltr'>quoad</span> <span class='ocrx_word' id='word_1_133' title='bbox 989 2768 1169 2876; x_wconf 88' lang='lat' dir='ltr'>eulpam,</span> <span class='ocrx_word' id='word_1_134' title='bbox 1193 2769 1365 2849; x_wconf 89' lang='lat' dir='ltr'>minime</span> 
     </span>
     <span class='ocr_line' id='line_1_19' title="bbox 186 2900 720 3008; baseline 0.002 -28"><span class='ocrx_word' id='word_1_135' title='bbox 186 2907 325 2980; x_wconf 89' lang='lat' dir='ltr'>autem</span> <span class='ocrx_word' id='word_1_136' title='bbox 357 2900 494 3008; x_wconf 91' lang='lat' dir='ltr'>quoad</span> <span class='ocrx_word' id='word_1_137' title='bbox 529 2927 720 3007; x_wconf 89' lang='lat' dir='ltr'>poenam.</span> 
     </span>
    </p>

    <p class='ocr_par' dir='ltr' id='par_1_6' title="bbox 178 3031 1365 4618">
     <span class='ocr_line' id='line_1_20' title="bbox 272 3031 1364 3139; baseline 0.001 -25"><span class='ocrx_word' id='word_1_138' title='bbox 272 3034 380 3126; x_wconf 85' lang='lat' dir='ltr'>Quid</span> <span class='ocrx_word' id='word_1_139' title='bbox 402 3036 474 3114; x_wconf 87' lang='lat' dir='ltr'>scd</span> <span class='ocrx_word' id='word_1_140' title='bbox 497 3060 594 3114; x_wconf 89' lang='lat' dir='ltr'>vero</span> <span class='ocrx_word' id='word_1_141' title='bbox 624 3034 843 3114; x_wconf 90' lang='lat' dir='ltr'>dicendum</span> <span class='ocrx_word' id='word_1_142' title='bbox 866 3034 915 3114; x_wconf 89' lang='lat' dir='ltr'>de</span> <span class='ocrx_word' id='word_1_143' title='bbox 937 3031 1098 3139; x_wconf 44' lang='lat' dir='ltr'>injusta,</span> <span class='ocrx_word' id='word_1_144' title='bbox 1114 3035 1364 3116; x_wconf 86' lang='lat' dir='ltr'>vulneratio-</span> 
     </span>
     <span class='ocr_line' id='line_1_21' title="bbox 184 3167 1360 3274; baseline 0.003 -28"><span class='ocrx_word' id='word_1_145' title='bbox 184 3193 252 3264; x_wconf 89' lang='lat' dir='ltr'>ne,</span> <span class='ocrx_word' id='word_1_146' title='bbox 277 3167 613 3248; x_wconf 76' lang='lat' dir='ltr'>etmutilationet</span> <span class='ocrx_word' id='word_1_147' title='bbox 637 3168 783 3260; x_wconf 84' lang='lat' dir='ltr'>Quoad</span> <span class='ocrx_word' id='word_1_148' title='bbox 808 3167 1004 3274; x_wconf 85' lang='lat' dir='ltr'>injustam</span> <span class='ocrx_word' id='word_1_149' title='bbox 1037 3168 1360 3250; x_wconf 88' lang='lat' dir='ltr'>vulnerationem</span> 
     </span>
     <span class='ocr_line' id='line_1_22' title="bbox 184 3299 1364 3409; baseline 0 -27"><span class='ocrx_word' id='word_1_150' title='bbox 184 3299 499 3406; x_wconf 82' lang='lat' dir='ltr'>distinguimus:</span> <span class='ocrx_word' id='word_1_151' title='bbox 536 3308 608 3382; x_wconf 87' lang='lat' dir='ltr'>aut</span> <span class='ocrx_word' id='word_1_152' title='bbox 649 3301 804 3409; x_wconf 91' lang='lat' dir='ltr'>liquido</span> <span class='ocrx_word' id='word_1_153' title='bbox 844 3309 1007 3382; x_wconf 85' lang='lat' dir='ltr'>constat</span> <span class='ocrx_word' id='word_1_154' title='bbox 1042 3301 1193 3382; x_wconf 87' lang='lat' dir='ltr'>vulnus</span> <span class='ocrx_word' id='word_1_155' title='bbox 1236 3303 1364 3382; x_wconf 85' lang='lat' dir='ltr'>luisse</span> 
     </span>
     <span class='ocr_line' id='line_1_23' title="bbox 183 3433 1365 3541; baseline -0.002 -26"><span class='ocrx_word' id='word_1_156' title='bbox 183 3433 346 3534; x_wconf 87' lang='lat' dir='ltr'>lethale,</span> <span class='ocrx_word' id='word_1_157' title='bbox 371 3442 411 3515; x_wconf 91' lang='lat' dir='ltr'>et</span> <span class='ocrx_word' id='word_1_158' title='bbox 431 3443 530 3514; x_wconf 88' lang='lat' dir='ltr'>tune</span> <span class='ocrx_word' id='word_1_159' title='bbox 550 3433 781 3515; x_wconf 84' lang='lat' dir='ltr'>ordinarias</span> <span class='ocrx_word' id='word_1_160' title='bbox 802 3433 1012 3515; x_wconf 89' lang='lat' dir='ltr'>homicidii</span> <span class='ocrx_word' id='word_1_161' title='bbox 1035 3459 1190 3541; x_wconf 89' lang='lat' dir='ltr'>poenas</span> <span class='ocrx_word' id='word_1_162' title='bbox 1220 3434 1365 3514; x_wconf 89' lang='lat' dir='ltr'>vulne-</span> 
     </span>
     <span class='ocr_line' id='line_1_24' title="bbox 184 3552 1361 3676; baseline 0.001 -28"><span class='ocrx_word' id='word_1_163' title='bbox 184 3593 281 3648; x_wconf 86' lang='lat' dir='ltr'>rans</span> <span class='ocrx_word' id='word_1_164' title='bbox 308 3568 494 3668; x_wconf 88' lang='lat' dir='ltr'>incurrit,</span> <span class='ocrx_word' id='word_1_165' title='bbox 518 3568 616 3676; x_wconf 90' lang='lat' dir='ltr'>quia</span> <span class='ocrx_word' id='word_1_166' title='bbox 638 3569 714 3649; x_wconf 89' lang='lat' dir='ltr'>suit</span> <span class='ocrx_word' id='word_1_167' title='bbox 744 3595 873 3649; x_wconf 86' lang='lat' dir='ltr'>causa</span> <span class='ocrx_word' id='word_1_168' title='bbox 903 3567 1072 3668; x_wconf 85' lang='lat' dir='ltr'>mortis;</span> <span class='ocrx_word' id='word_1_169' title='bbox 1105 3575 1177 3648; x_wconf 91' lang='lat' dir='ltr'>aut</span> <span class='ocrx_word' id='word_1_170' title='bbox 1207 3552 1361 3676; x_wconf 78' lang='lat' dir='ltr'>liquido</span> 
     </span>
     <span class='ocr_line' id='line_1_25' title="bbox 182 3700 1363 3804; baseline -0.001 -21"><span class='ocrx_word' id='word_1_171' title='bbox 182 3709 357 3801; x_wconf 86' lang='lat' dir='ltr'>constat,</span> <span class='ocrx_word' id='word_1_172' title='bbox 382 3702 536 3782; x_wconf 87' lang='lat' dir='ltr'>vulnus</span> <span class='ocrx_word' id='word_1_173' title='bbox 565 3729 647 3783; x_wconf 93' lang='lat' dir='ltr'>non</span> <span class='ocrx_word' id='word_1_174' title='bbox 679 3702 807 3784; x_wconf 86' lang='lat' dir='ltr'>luisse</span> <span class='ocrx_word' id='word_1_175' title='bbox 838 3700 1003 3804; x_wconf 89' lang='lat' dir='ltr'>lethale,</span> <span class='ocrx_word' id='word_1_176' title='bbox 1028 3708 1067 3782; x_wconf 87' lang='lat' dir='ltr'>et</span> <span class='ocrx_word' id='word_1_177' title='bbox 1092 3710 1190 3782; x_wconf 87' lang='lat' dir='ltr'>tunc</span> <span class='ocrx_word' id='word_1_178' title='bbox 1219 3702 1363 3782; x_wconf 87' lang='lat' dir='ltr'>vulne-</span> 
     </span>
     <span class='ocr_line' id='line_1_26' title="bbox 182 3835 1363 3943; baseline 0.001 -28"><span class='ocrx_word' id='word_1_179' title='bbox 182 3863 280 3916; x_wconf 90' lang='lat' dir='ltr'>rans</span> <span class='ocrx_word' id='word_1_180' title='bbox 301 3835 531 3918; x_wconf 84' lang='lat' dir='ltr'>ordinarias</span> <span class='ocrx_word' id='word_1_181' title='bbox 553 3836 761 3918; x_wconf 89' lang='lat' dir='ltr'>homicidii</span> <span class='ocrx_word' id='word_1_182' title='bbox 785 3862 939 3943; x_wconf 87' lang='lat' dir='ltr'>poenas</span> <span class='ocrx_word' id='word_1_183' title='bbox 961 3862 1042 3916; x_wconf 94' lang='lat' dir='ltr'>non</span> <span class='ocrx_word' id='word_1_184' title='bbox 1061 3835 1269 3916; x_wconf 90' lang='lat' dir='ltr'>incurrere</span> <span class='ocrx_word' id='word_1_185' title='bbox 1290 3862 1363 3942; x_wconf 86' lang='lat' dir='ltr'>pa-</span> 
     </span>
     <span class='ocr_line' id='line_1_27' title="bbox 182 3969 1361 4077; baseline -0.003 -27"><span class='ocrx_word' id='word_1_186' title='bbox 182 3969 265 4050; x_wconf 90' lang='lat' dir='ltr'>lam</span> <span class='ocrx_word' id='word_1_187' title='bbox 297 3977 375 4070; x_wconf 86' lang='lat' dir='ltr'>est,</span> <span class='ocrx_word' id='word_1_188' title='bbox 399 3970 496 4077; x_wconf 90' lang='lat' dir='ltr'>quia</span> <span class='ocrx_word' id='word_1_189' title='bbox 527 3971 567 4050; x_wconf 91' lang='lat' dir='ltr'>in</span> <span class='ocrx_word' id='word_1_190' title='bbox 599 3971 669 4054; x_wconf 94' lang='lat' dir='ltr'>tali</span> <span class='ocrx_word' id='word_1_191' title='bbox 697 3997 797 4052; x_wconf 88' lang='lat' dir='ltr'>casu</span> <span class='ocrx_word' id='word_1_192' title='bbox 830 3969 1055 4050; x_wconf 82' lang='lat' dir='ltr'>vulnerans</span> <span class='ocrx_word' id='word_1_193' title='bbox 1087 3969 1249 4076; x_wconf 86' lang='lat' dir='ltr'>proprie</span> <span class='ocrx_word' id='word_1_194' title='bbox 1281 3980 1361 4048; x_wconf 88' lang='lat' dir='ltr'>non</span> 
     </span>
     <span class='ocr_line' id='line_1_28' title="bbox 181 4101 1357 4206; baseline -0.002 -21"><span class='ocrx_word' id='word_1_195' title='bbox 181 4111 243 4185; x_wconf 89' lang='lat' dir='ltr'>est</span> <span class='ocrx_word' id='word_1_196' title='bbox 273 4130 401 4184; x_wconf 86' lang='lat' dir='ltr'>causa</span> <span class='ocrx_word' id='word_1_197' title='bbox 432 4103 591 4185; x_wconf 72' lang='lat' dir='ltr'>mortis</span> <span class='ocrx_word' id='word_1_198' title='bbox 627 4104 776 4186; x_wconf 88' lang='lat' dir='ltr'>Utrum</span> <span class='ocrx_word' id='word_1_199' title='bbox 816 4111 956 4184; x_wconf 89' lang='lat' dir='ltr'>autern</span> <span class='ocrx_word' id='word_1_200' title='bbox 987 4102 1150 4202; x_wconf 88' lang='lat' dir='ltr'>lethale,</span> <span class='ocrx_word' id='word_1_201' title='bbox 1176 4101 1238 4182; x_wconf 88' lang='lat' dir='ltr'>vel</span> <span class='ocrx_word' id='word_1_202' title='bbox 1261 4128 1357 4206; x_wconf 90' lang='lat' dir='ltr'>non,</span> 
     </span>
     <span class='ocr_line' id='line_1_29' title="bbox 180 4235 1359 4343; baseline 0.001 -29"><span class='ocrx_word' id='word_1_203' title='bbox 180 4235 303 4317; x_wconf 89' lang='lat' dir='ltr'>luerit</span> <span class='ocrx_word' id='word_1_204' title='bbox 336 4237 504 4339; x_wconf 92' lang='lat' dir='ltr'>vulnus,</span> <span class='ocrx_word' id='word_1_205' title='bbox 539 4237 579 4318; x_wconf 94' lang='lat' dir='ltr'>id</span> <span class='ocrx_word' id='word_1_206' title='bbox 609 4239 882 4335; x_wconf 86' lang='lat' dir='ltr'>Medicorum,</span> <span class='ocrx_word' id='word_1_207' title='bbox 909 4243 949 4316; x_wconf 89' lang='lat' dir='ltr'>ct</span> <span class='ocrx_word' id='word_1_208' title='bbox 969 4235 1269 4343; x_wconf 81' lang='lat' dir='ltr'>Chirurgorum</span> <span class='ocrx_word' id='word_1_209' title='bbox 1293 4235 1359 4342; x_wconf 81' lang='lat' dir='ltr'>ju-</span> 
     </span>
     <span class='ocr_line' id='line_1_30' title="bbox 179 4368 1361 4478; baseline 0 -30"><span class='ocrx_word' id='word_1_210' title='bbox 179 4370 285 4450; x_wconf 87' lang='lat' dir='ltr'>dicio</span> <span class='ocrx_word' id='word_1_211' title='bbox 303 4369 443 4476; x_wconf 89' lang='lat' dir='ltr'>jurato</span> <span class='ocrx_word' id='word_1_212' title='bbox 474 4371 710 4454; x_wconf 89' lang='lat' dir='ltr'>remittitur.</span> <span class='ocrx_word' id='word_1_213' title='bbox 735 4373 792 4450; x_wconf 90' lang='lat' dir='ltr'>At</span> <span class='ocrx_word' id='word_1_214' title='bbox 823 4369 980 4478; x_wconf 91' lang='lat' dir='ltr'>quidsi</span> <span class='ocrx_word' id='word_1_215' title='bbox 1012 4370 1185 4450; x_wconf 91' lang='lat' dir='ltr'>dubium</span> <span class='ocrx_word' id='word_1_216' title='bbox 1218 4368 1361 4448; x_wconf 87' lang='lat' dir='ltr'>extite-</span> 
     </span>
     <span class='ocr_line' id='line_1_31' title="bbox 178 4503 1360 4618; baseline 0.002 -36"><span class='ocrx_word' id='word_1_217' title='bbox 178 4503 254 4585; x_wconf 81' lang='lat' dir='ltr'>ritt</span> <span class='ocrx_word' id='word_1_218' title='bbox 286 4505 504 4588; x_wconf 86' lang='lat' dir='ltr'>Discordia</span> <span class='ocrx_word' id='word_1_219' title='bbox 535 4513 597 4588; x_wconf 87' lang='lat' dir='ltr'>cst</span> <span class='ocrx_word' id='word_1_220' title='bbox 628 4507 732 4587; x_wconf 91' lang='lat' dir='ltr'>inter</span> <span class='ocrx_word' id='word_1_221' title='bbox 755 4506 846 4588; x_wconf 91' lang='lat' dir='ltr'>DD.</span> <span class='ocrx_word' id='word_1_222' title='bbox 882 4505 1105 4618; x_wconf 75' lang='lat' dir='ltr'>civilistas3</span> <span class='ocrx_word' id='word_1_223' title='bbox 1131 4511 1172 4586; x_wconf 89' lang='lat' dir='ltr'>at</span> <span class='ocrx_word' id='word_1_224' title='bbox 1201 4503 1360 4609; x_wconf 84' lang='lat' dir='ltr'>dejure</span> 
     </span>
    </p>
   </div>
   <div class='ocr_carea' id='block_1_5' title="bbox 0 0 1684 5126">
    <p class='ocr_par' dir='ltr' id='par_1_7' title="bbox 0 0 1684 5126">
     <span class='ocr_line' id='line_1_32' title="bbox 0 0 1684 5126; baseline 0 6"><span class='ocrx_word' id='word_1_225' title='bbox 0 0 1684 5126; x_wconf 95' lang='lat' dir='ltr'> </span> 
     </span>
    </p>
   </div>
  </div>
 </body>
</html>
