3356 5118
421 421 523 467 mnu
544 421 576 467 v,
601 437 643 452 --
668 421 807 469 arnonus
828 424 940 488 xxxrr,
964 425 1008 470 ur
1030 423 1135 470 xxxv.
1302 399 1371 466 aab

191 576 311 652 oasu,
344 546 380 628 si
412 574 540 629 eausa
570 557 719 648 cessat,
754 549 868 629 nulle
895 550 942 630 fit
971 550 1182 630 concessio
1203 549 1370 658 privile-

192 684 267 790 gii,
316 683 413 791 quia
457 682 592 762 deficit
636 681 827 764 voluntas
873 682 1142 763 Coneedentis
1187 692 1301 764 mota
1343 711 1372 767 a

191 843 324 898 eausa
353 815 483 916 finali,
516 841 624 924 quae
652 842 733 896 non
770 815 923 898 existit.
957 817 1002 896 Ia
1042 816 1225 898 seeundo
1269 843 1372 898 oasu

195 959 381 1032 aessente
411 975 539 1032 causa
569 977 652 1030 non
682 959 818 1030 cessat
861 948 1139 1058 privilegium,
1188 949 1286 1056 quia
1330 948 1373 1030 in

197 1084 477 1164 conservando
506 1109 589 1163 non
619 1084 768 1189 pendet
798 1110 823 1162 a
852 1083 923 1164 tali
945 1109 1087 1182 eausa,
1113 1089 1153 1163 et
1172 1081 1290 1164 loous
1310 1088 1374 1164 est

199 1242 280 1326 req.
317 1223 377 1300 73
410 1221 451 1299 in
484 1224 512 1296 6
542 1259 603 1280 -
631 1217 686 1296 ibi
717 1261 779 1279 --
804 1217 980 1298 Factum
1010 1217 1187 1327 feyiiime
1216 1225 1372 1300 retrae-

197 1353 283 1430 tari
311 1379 391 1432 non
422 1351 550 1451 debet,
584 1350 677 1431 lieet
708 1377 826 1433 casas
850 1359 995 1463 postea
1029 1353 1198 1450 eueniat,
1234 1378 1263 1430 a
1292 1379 1370 1460 quo

191 1510 276 1562 noo
299 1485 435 1594 potnit
467 1484 670 1566 inchoari.

285 1619 344 1696 6.⁰
374 1617 570 1718 Domum,
594 1619 863 1726 extinguitur,
888 1627 928 1700 et
949 1623 1085 1700 cessat
1109 1619 1371 1726 privilegium

195 1751 451 1830 revocatione
479 1751 766 1852 Concedentis,
809 1753 874 1833 vel
914 1754 1003 1861 ejus
1044 1753 1366 1838 Suooessorum:

195 1891 257 1963 est
288 1883 397 1964 enirn
428 1883 529 1966 haee
560 1887 769 1967 ordinaria
800 1895 950 1970 natura
975 1887 1302 1994 privilegiorum,
1324 1893 1373 1970 ut

195 2017 284 2097 dari
316 2019 474 2100 soleant
514 2021 593 2100 sub
634 2021 760 2102 tacita
804 2021 1075 2102 revocationis
1120 2022 1366 2121 conditione,

192 2161 316 2256 prout
347 2179 441 2231 oum
473 2152 609 2234 Gloss
636 2155 911 2234 communiter
928 2155 1111 2235 sentiunt
1131 2154 1371 2260 interpretes

195 2284 246 2364 ad
282 2285 385 2394 Cap.
419 2283 564 2368 Nooit.
601 2291 660 2367 13
700 2286 751 2368 oie
788 2286 983 2389 Jadioiis,
1026 2297 1065 2367 et
1102 2287 1161 2367 od
1195 2314 1278 2396 req.
1313 2288 1370 2368 16

176 2415 300 2522 juris
332 2420 374 2498 in
405 2425 451 2500 6.

396 2723 634 2805 TITULUS
665 2723 867 2822 XXXIV,
902 2730 941 2804 et
970 2721 1154 2802 XXXV.

339 2975 405 3057 De
427 2975 679 3086 puryatione
712 2973 939 3074 Uettonica,
972 2981 1010 3053 et
1041 2975 1219 3082 uolgari.

254 3221 300 3302 Si
332 3222 425 3328 quis
447 3221 674 3329 antiquitus
696 3247 792 3303 oum
814 3220 976 3302 indiciis
997 3220 1195 3326 gravibus
1216 3222 1266 3302 de
1292 3220 1373 3302 eri·

196 3355 307 3438 mine
323 3355 562 3436 diffamatus
580 3355 741 3456 fuisset,
762 3363 801 3437 et
816 3355 1079 3437 condemnari
1096 3356 1149 3434 ob
1166 3329 1372 3436 defeetuni

197 3489 452 3600 probationis
484 3490 752 3598 nequivisset,
776 3517 856 3570 non
888 3498 975 3570 eret
997 3514 1023 3567 a
1048 3488 1203 3595 judicio
1235 3488 1373 3568 absol-

196 3628 372 3726 vendus,
406 3625 485 3704 nisi
517 3623 632 3732 prius
659 3625 853 3704 delictum
874 3623 953 3704 sibi
977 3623 1151 3704 affixum
1182 3650 1253 3730 per
1274 3649 1373 3730 pur·

199 3760 408 3867 gationem
440 3757 642 3838 diluisset.
677 3757 768 3838 Hao
797 3758 848 3838 de
870 3783 913 3836 re
939 3757 989 3837 Β.
1015 3755 1291 3864 Raymundus
1313 3756 1374 3836 lo·

197 3903 323 3973 cutus
353 3894 402 3972 de
433 3892 559 3972 variis
589 3891 749 3972 delictis
783 3901 868 3972 tam
909 3890 1211 3990 praelatorum,
1246 3917 1372 3996 quarn

194 4027 458 4108 subditorum
485 4033 722 4134 praesentes
742 4026 885 4107 titulos
907 4025 1093 4132 subjicit,
1117 4025 1188 4133 qui
1210 4024 1260 4104 de
1275 4049 1372 4132 pur-

192 4161 361 4268 gatione
398 4168 659 4268 pertractant.

253 4297 459 4404 Purgatio
500 4295 602 4376 haec
643 4293 802 4375 definiri
843 4300 977 4400 potest
1011 4294 1200 4374 «modus
1230 4293 1373 4400 ajuro

200 4428 449 4533 >inventus
494 4455 576 4538 quo
616 4435 850 4538 suspectuS,
885 4436 925 4510 et
953 4427 1178 4509 infamatus
1213 4428 1263 4508 de
1294 4427 1374 4510 ori·
