<?xml version="1.0" encoding="UTF-8"?>
<!DOCTYPE html PUBLIC "-//W3C//DTD XHTML 1.0 Transitional//EN"
    "http://www.w3.org/TR/xhtml1/DTD/xhtml1-transitional.dtd">
<html xmlns="http://www.w3.org/1999/xhtml" xml:lang="en" lang="en">
 <head>
  <title>
</title>
<meta http-equiv="Content-Type" content="text/html;charset=utf-8" />
  <meta name='ocr-system' content='tesseract 3.04.00' />
  <meta name='ocr-capabilities' content='ocr_page ocr_carea ocr_par ocr_line ocrx_word'/>
</head>
<body>
  <div class='ocr_page' id='page_1' title='image "./praelectionesju00angegoog/praelectionesju00angegoog_0513.png"; bbox 0 0 3386 5126; ppageno 0'>
   <div class='ocr_carea' id='block_1_1' title="bbox 342 391 1204 457">
    <p class='ocr_par' dir='ltr' id='par_1_1' title="bbox 342 391 1204 457">
     <span class='ocr_line' id='line_1_1' title="bbox 342 391 1204 457; baseline -0.012 0"><span class='ocrx_word' id='word_1_1' title='bbox 342 391 408 457; x_wconf 85' lang='lat'><em>150</em></span> <span class='ocrx_word' id='word_1_2' title='bbox 639 405 909 452; x_wconf 70' lang='lat' dir='ltr'><em>sucessorronss</em></span> <span class='ocrx_word' id='word_1_3' title='bbox 934 404 1027 450; x_wconf 75' lang='lat' dir='ltr'><em>sums</em></span> <span class='ocrx_word' id='word_1_4' title='bbox 1049 402 1204 448; x_wconf 74' lang='lat' dir='ltr'><em>onnomor</em></span> 
     </span>
    </p>
   </div>
   <div class='ocr_carea' id='block_1_2' title="bbox 328 527 1525 4521">
    <p class='ocr_par' dir='ltr' id='par_1_2' title="bbox 343 527 1525 1574">
     <span class='ocr_line' id='line_1_2' title="bbox 344 527 1525 642; baseline 0.001 -30"><span class='ocrx_word' id='word_1_5' title='bbox 344 546 441 617; x_wconf 83' lang='lat' dir='ltr'><em>»tes</em></span> <span class='ocrx_word' id='word_1_6' title='bbox 472 531 726 631; x_wconf 81' lang='lat' dir='ltr'><em>nominandi,</em></span> <span class='ocrx_word' id='word_1_7' title='bbox 761 539 834 611; x_wconf 90' lang='lat' dir='ltr'><em>out</em></span> <span class='ocrx_word' id='word_1_8' title='bbox 866 527 1091 640; x_wconf 71' lang='lat' dir='ltr'><em>deputandi</em></span> <span class='ocrx_word' id='word_1_9' title='bbox 1121 529 1299 610; x_wconf 86' lang='lat' dir='ltr'><em>cicurios</em></span> <span class='ocrx_word' id='word_1_10' title='bbox 1323 531 1364 608; x_wconf 87' lang='lat' dir='ltr'><em>iu</em></span> <span class='ocrx_word' id='word_1_11' title='bbox 1395 534 1525 642; x_wconf 81' lang='lat' dir='ltr'><em>spiri-</em></span> 
     </span>
     <span class='ocr_line' id='line_1_3' title="bbox 344 662 1522 772; baseline 0 -26"><span class='ocrx_word' id='word_1_12' title='bbox 344 667 562 750; x_wconf 82' lang='lat' dir='ltr'><em>›tuotibus</em></span> <span class='ocrx_word' id='word_1_13' title='bbox 594 667 744 758; x_wconf 82' lang='lat' dir='ltr'><em>tooure,</em></span> <span class='ocrx_word' id='word_1_14' title='bbox 790 689 860 743; x_wconf 90' lang='lat' dir='ltr'><em>uec</em></span> <span class='ocrx_word' id='word_1_15' title='bbox 891 662 1200 744; x_wconf 70' lang='lat' dir='ltr'><em>conductoribus</em></span> <span class='ocrx_word' id='word_1_16' title='bbox 1234 689 1315 772; x_wconf 86' lang='lat' dir='ltr'><em>per</em></span> <span class='ocrx_word' id='word_1_17' title='bbox 1356 690 1412 757; x_wconf 85' lang='lat' dir='ltr'><em>se,</em></span> <span class='ocrx_word' id='word_1_18' title='bbox 1447 675 1522 746; x_wconf 89' lang='lat' dir='ltr'><em>out</em></span> 
     </span>
     <span class='ocr_line' id='line_1_4' title="bbox 344 797 1523 904; baseline 0 -25"><span class='ocrx_word' id='word_1_19' title='bbox 344 801 488 883; x_wconf 80' lang='lat' dir='ltr'><em>»otios</em></span> <span class='ocrx_word' id='word_1_20' title='bbox 520 824 725 890; x_wconf 70' lang='lat' dir='ltr'><em>exercerc,</em></span> <span class='ocrx_word' id='word_1_21' title='bbox 760 797 959 904; x_wconf 82' lang='lat' dir='ltr'><em>utiturque</em></span> <span class='ocrx_word' id='word_1_22' title='bbox 989 797 1259 876; x_wconf 86' lang='lat' dir='ltr'><em>concessiones</em></span> <span class='ocrx_word' id='word_1_23' title='bbox 1289 823 1318 876; x_wconf 90' lang='lat' dir='ltr'><em>u</em></span> <span class='ocrx_word' id='word_1_24' title='bbox 1348 797 1394 878; x_wconf 88' lang='lat' dir='ltr'><em>S.</em></span> <span class='ocrx_word' id='word_1_25' title='bbox 1414 797 1523 879; x_wconf 82' lang='lat' dir='ltr'><em>Sede</em></span> 
     </span>
     <span class='ocr_line' id='line_1_5' title="bbox 344 929 1520 1047; baseline -0.002 -34"><span class='ocrx_word' id='word_1_26' title='bbox 344 934 624 1047; x_wconf 82' lang='lat' dir='ltr'><em>»Apostolicu</em></span> <span class='ocrx_word' id='word_1_27' title='bbox 645 933 774 1040; x_wconf 76' lang='lat' dir='ltr'><em>suctu</em></span> <span class='ocrx_word' id='word_1_28' title='bbox 809 929 1075 1039; x_wconf 75' lang='lat' dir='ltr'><em>subreptitiae</em></span> <span class='ocrx_word' id='word_1_29' title='bbox 1120 935 1358 1010; x_wconf 84' lang='lat' dir='ltr'><em>censeantur</em></span> <span class='ocrx_word' id='word_1_30' title='bbox 1394 930 1520 1012; x_wconf 83' lang='lat' dir='ltr'><em>Ratio</em></span> 
     </span>
     <span class='ocr_line' id='line_1_6' title="bbox 344 1062 1520 1176; baseline -0.003 -28"><span class='ocrx_word' id='word_1_31' title='bbox 344 1079 445 1150; x_wconf 87' lang='lat' dir='ltr'><em>»est</em></span> <span class='ocrx_word' id='word_1_32' title='bbox 475 1068 573 1176; x_wconf 84' lang='lat' dir='ltr'><em>qnia</em></span> <span class='ocrx_word' id='word_1_33' title='bbox 603 1073 701 1146; x_wconf 89' lang='lat' dir='ltr'><em>sunt</em></span> <span class='ocrx_word' id='word_1_34' title='bbox 726 1064 824 1171; x_wconf 90' lang='lat' dir='ltr'><em>quid</em></span> <span class='ocrx_word' id='word_1_35' title='bbox 850 1063 1081 1170; x_wconf 76' lang='lat' dir='ltr'><em>spirituale,</em></span> <span class='ocrx_word' id='word_1_36' title='bbox 1117 1069 1189 1143; x_wconf 83' lang='lat' dir='ltr'><em>ant</em></span> <span class='ocrx_word' id='word_1_37' title='bbox 1208 1062 1411 1170; x_wconf 79' lang='lat' dir='ltr'><em>spirituali</em></span> <span class='ocrx_word' id='word_1_38' title='bbox 1444 1090 1520 1145; x_wconf 90' lang='lat' dir='ltr'><em>an-</em></span> 
     </span>
     <span class='ocr_line' id='line_1_7' title="bbox 344 1196 1515 1307; baseline -0.003 -25"><span class='ocrx_word' id='word_1_39' title='bbox 344 1237 362 1282; x_wconf 85' lang='lat'><strong>»</strong></span> <span class='ocrx_word' id='word_1_40' title='bbox 382 1229 557 1300; x_wconf 84' lang='lat' dir='ltr'><em>nexum,</em></span> <span class='ocrx_word' id='word_1_41' title='bbox 576 1201 686 1307; x_wconf 91' lang='lat' dir='ltr'><em>quod</em></span> <span class='ocrx_word' id='word_1_42' title='bbox 704 1197 833 1306; x_wconf 88' lang='lat' dir='ltr'><em>pretio</em></span> <span class='ocrx_word' id='word_1_43' title='bbox 849 1197 1062 1305; x_wconf 88' lang='lat' dir='ltr'><em>temporali</em></span> <span class='ocrx_word' id='word_1_44' title='bbox 1080 1196 1339 1304; x_wconf 86' lang='lat' dir='ltr'><em>aequiparari</em></span> <span class='ocrx_word' id='word_1_45' title='bbox 1357 1199 1515 1306; x_wconf 89' lang='lat' dir='ltr'><em>nequit;</em></span> 
     </span>
     <span class='ocr_line' id='line_1_8' title="bbox 343 1330 1515 1440; baseline 0 -28"><span class='ocrx_word' id='word_1_46' title='bbox 343 1336 440 1418; x_wconf 79' lang='lat' dir='ltr'><em>«ita</em></span> <span class='ocrx_word' id='word_1_47' title='bbox 471 1341 610 1415; x_wconf 86' lang='lat' dir='ltr'><em>autem</em></span> <span class='ocrx_word' id='word_1_48' title='bbox 643 1331 977 1440; x_wconf 82' lang='lat' dir='ltr'><em>aequipararetur</em></span> <span class='ocrx_word' id='word_1_49' title='bbox 1006 1337 1090 1411; x_wconf 86' lang='lat' dir='ltr'><em>tam</em></span> <span class='ocrx_word' id='word_1_50' title='bbox 1117 1330 1365 1431; x_wconf 82' lang='lat' dir='ltr'><em>venditione,</em></span> <span class='ocrx_word' id='word_1_51' title='bbox 1391 1358 1515 1438; x_wconf 88' lang='lat' dir='ltr'><em>quam</em></span> 
     </span>
     <span class='ocr_line' id='line_1_9' title="bbox 343 1465 1157 1574; baseline -0.001 -27"><span class='ocrx_word' id='word_1_52' title='bbox 343 1469 585 1550; x_wconf 78' lang='lat' dir='ltr'><em>»locatione</em></span> <span class='ocrx_word' id='word_1_53' title='bbox 614 1493 688 1574; x_wconf 92' lang='lat' dir='ltr'><em>pro</em></span> <span class='ocrx_word' id='word_1_54' title='bbox 721 1465 852 1574; x_wconf 91' lang='lat' dir='ltr'><em>pretio</em></span> <span class='ocrx_word' id='word_1_55' title='bbox 882 1465 1099 1571; x_wconf 85' lang='lat' dir='ltr'><em>temporali</em></span> <span class='ocrx_word' id='word_1_56' title='bbox 1120 1496 1157 1546; x_wconf 84' lang='lat'><em>›.</em></span> 
     </span>
    </p>

    <p class='ocr_par' dir='ltr' id='par_1_3' title="bbox 333 1597 1520 3288">
     <span class='ocr_line' id='line_1_10' title="bbox 426 1597 1519 1707; baseline -0.002 -25"><span class='ocrx_word' id='word_1_57' title='bbox 426 1601 537 1694; x_wconf 78' lang='lat' dir='ltr'><em>Quin</em></span> <span class='ocrx_word' id='word_1_58' title='bbox 554 1599 658 1682; x_wconf 82' lang='lat' dir='ltr'><em>thesi</em></span> <span class='ocrx_word' id='word_1_59' title='bbox 682 1608 846 1680; x_wconf 84' lang='lat' dir='ltr'><em>nostrae</em></span> <span class='ocrx_word' id='word_1_60' title='bbox 865 1599 1018 1706; x_wconf 89' lang='lat' dir='ltr'><em>aliquid</em></span> <span class='ocrx_word' id='word_1_61' title='bbox 1042 1597 1245 1680; x_wconf 80' lang='lat' dir='ltr'><em>obstaculi</em></span> <span class='ocrx_word' id='word_1_62' title='bbox 1268 1597 1399 1680; x_wconf 86' lang='lat' dir='ltr'><em>lacere</em></span> <span class='ocrx_word' id='word_1_63' title='bbox 1421 1625 1519 1707; x_wconf 89' lang='lat' dir='ltr'><em>pos·</em></span> 
     </span>
     <span class='ocr_line' id='line_1_11' title="bbox 338 1731 1520 1846; baseline -0.003 -30"><span class='ocrx_word' id='word_1_64' title='bbox 338 1736 392 1816; x_wconf 88' lang='lat' dir='ltr'><em>sit</em></span> <span class='ocrx_word' id='word_1_65' title='bbox 416 1735 520 1846; x_wconf 86' lang='lat' dir='ltr'><em>Cup.</em></span> <span class='ocrx_word' id='word_1_66' title='bbox 556 1741 584 1814; x_wconf 87' lang='grc'><em>6</em></span> <span class='ocrx_word' id='word_1_67' title='bbox 616 1733 666 1814; x_wconf 96' lang='lat' dir='ltr'><em>de</em></span> <span class='ocrx_word' id='word_1_68' title='bbox 694 1732 829 1841; x_wconf 75' lang='lat' dir='ltr'><em>Retip.</em></span> <span class='ocrx_word' id='word_1_69' title='bbox 864 1732 995 1830; x_wconf 68' lang='lat' dir='ltr'><em>dona,</em></span> <span class='ocrx_word' id='word_1_70' title='bbox 1021 1759 1102 1840; x_wconf 92' lang='lat' dir='ltr'><em>quo</em></span> <span class='ocrx_word' id='word_1_71' title='bbox 1133 1731 1322 1832; x_wconf 89' lang='lat' dir='ltr'><em>traditur,</em></span> <span class='ocrx_word' id='word_1_72' title='bbox 1347 1733 1520 1840; x_wconf 88' lang='lat' dir='ltr'><em>Episco-</em></span> 
     </span>
     <span class='ocr_line' id='line_1_12' title="bbox 337 1865 1515 1977; baseline -0.003 -26"><span class='ocrx_word' id='word_1_73' title='bbox 337 1895 438 1977; x_wconf 86' lang='lat' dir='ltr'><em>pum</em></span> <span class='ocrx_word' id='word_1_74' title='bbox 474 1868 698 1966; x_wconf 77' lang='lat' dir='ltr'><em>remittere,</em></span> <span class='ocrx_word' id='word_1_75' title='bbox 718 1867 823 1948; x_wconf 89' lang='lat' dir='ltr'><em>idest</em></span> <span class='ocrx_word' id='word_1_76' title='bbox 852 1866 949 1946; x_wconf 89' lang='lat' dir='ltr'><em>dare</em></span> <span class='ocrx_word' id='word_1_77' title='bbox 981 1892 1102 1973; x_wconf 88' lang='lat' dir='ltr'><em>posse</em></span> <span class='ocrx_word' id='word_1_78' title='bbox 1143 1865 1337 1973; x_wconf 86' lang='lat' dir='ltr'><em>religioso</em></span> <span class='ocrx_word' id='word_1_79' title='bbox 1368 1865 1515 1948; x_wconf 89' lang='lat' dir='ltr'><em>Ordini</em></span> 
     </span>
     <span class='ocr_line' id='line_1_13' title="bbox 337 1999 1520 2109; baseline -0.001 -28"><span class='ocrx_word' id='word_1_80' title='bbox 337 2003 452 2082; x_wconf 89' lang='lat' dir='ltr'><em>illam</em></span> <span class='ocrx_word' id='word_1_81' title='bbox 478 2001 930 2109; x_wconf 69' lang='lat' dir='ltr'><em>jurisdictionemque</em></span> <span class='ocrx_word' id='word_1_82' title='bbox 960 1999 1049 2107; x_wconf 87' lang='lat' dir='ltr'><em>ipsc</em></span> <span class='ocrx_word' id='word_1_83' title='bbox 1075 2000 1243 2106; x_wconf 83' lang='lat' dir='ltr'><em>gaudet,</em></span> <span class='ocrx_word' id='word_1_84' title='bbox 1271 2001 1335 2080; x_wconf 84' lang='lat' dir='ltr'><em>vel</em></span> <span class='ocrx_word' id='word_1_85' title='bbox 1365 2001 1407 2080; x_wconf 92' lang='lat' dir='ltr'><em>in</em></span> <span class='ocrx_word' id='word_1_86' title='bbox 1439 1999 1520 2080; x_wconf 85' lang='lat' dir='ltr'><em>ali-</em></span> 
     </span>
     <span class='ocr_line' id='line_1_14' title="bbox 337 2133 1516 2248; baseline -0.002 -30"><span class='ocrx_word' id='word_1_87' title='bbox 337 2163 421 2245; x_wconf 88' lang='lat' dir='ltr'><em>qua</em></span> <span class='ocrx_word' id='word_1_88' title='bbox 441 2135 644 2235; x_wconf 87' lang='lat' dir='ltr'><em>Ecclesia,</em></span> <span class='ocrx_word' id='word_1_89' title='bbox 669 2135 732 2214; x_wconf 86' lang='lat' dir='ltr'><em>vel</em></span> <span class='ocrx_word' id='word_1_90' title='bbox 756 2138 797 2214; x_wconf 95' lang='lat' dir='ltr'><em>in</em></span> <span class='ocrx_word' id='word_1_91' title='bbox 818 2135 958 2248; x_wconf 87' lang='lat' dir='ltr'><em>aliquo</em></span> <span class='ocrx_word' id='word_1_92' title='bbox 987 2133 1239 2214; x_wconf 88' lang='lat' dir='ltr'><em>monasterio</em></span> <span class='ocrx_word' id='word_1_93' title='bbox 1265 2161 1361 2216; x_wconf 91' lang='lat' dir='ltr'><em>oum</em></span> <span class='ocrx_word' id='word_1_94' title='bbox 1391 2161 1516 2216; x_wconf 85' lang='lat' dir='ltr'><em>onere</em></span> 
     </span>
     <span class='ocr_line' id='line_1_15' title="bbox 336 2267 1511 2377; baseline -0.003 -25"><span class='ocrx_word' id='word_1_95' title='bbox 336 2271 559 2353; x_wconf 85' lang='lat' dir='ltr'><em>solvendae</em></span> <span class='ocrx_word' id='word_1_96' title='bbox 594 2297 758 2350; x_wconf 88' lang='lat' dir='ltr'><em>annuae</em></span> <span class='ocrx_word' id='word_1_97' title='bbox 798 2267 1011 2377; x_wconf 86' lang='lat' dir='ltr'><em>pensionis</em></span> <span class='ocrx_word' id='word_1_98' title='bbox 1050 2293 1219 2348; x_wconf 87' lang='lat' dir='ltr'><em>mensae</em></span> <span class='ocrx_word' id='word_1_99' title='bbox 1260 2267 1511 2377; x_wconf 88' lang='lat' dir='ltr'><em>Episcopali,</em></span> 
     </span>
     <span class='ocr_line' id='line_1_16' title="bbox 336 2401 1509 2512; baseline 0 -28"><span class='ocrx_word' id='word_1_100' title='bbox 336 2403 668 2512; x_wconf 88' lang='lat' dir='ltr'><em>quandoquidem</em></span> <span class='ocrx_word' id='word_1_101' title='bbox 703 2429 842 2483; x_wconf 84' lang='lat' dir='ltr'><em>annue</em></span> <span class='ocrx_word' id='word_1_102' title='bbox 878 2401 948 2480; x_wconf 87' lang='lat' dir='ltr'><em>illa</em></span> <span class='ocrx_word' id='word_1_103' title='bbox 978 2401 1217 2508; x_wconf 87' lang='lat' dir='ltr'><em>praestatio,</em></span> <span class='ocrx_word' id='word_1_104' title='bbox 1256 2403 1306 2484; x_wconf 90' lang='lat' dir='ltr'><em>de</em></span> <span class='ocrx_word' id='word_1_105' title='bbox 1328 2405 1509 2510; x_wconf 84' lang='lat' dir='ltr'><em>quecit.</em></span> 
     </span>
     <span class='ocr_line' id='line_1_17' title="bbox 336 2535 1514 2650; baseline -0.003 -30"><span class='ocrx_word' id='word_1_106' title='bbox 336 2565 427 2650; x_wconf 87' lang='lat' dir='ltr'><em>cup.</em></span> <span class='ocrx_word' id='word_1_107' title='bbox 463 2545 491 2618; x_wconf 81' lang='lat'><em>6</em></span> <span class='ocrx_word' id='word_1_108' title='bbox 522 2563 605 2618; x_wconf 94' lang='lat' dir='ltr'><em>non</em></span> <span class='ocrx_word' id='word_1_109' title='bbox 645 2535 822 2616; x_wconf 90' lang='lat' dir='ltr'><em>solvitur</em></span> <span class='ocrx_word' id='word_1_110' title='bbox 852 2543 1050 2643; x_wconf 87' lang='lat' dir='ltr'><em>tanquam</em></span> <span class='ocrx_word' id='word_1_111' title='bbox 1091 2535 1285 2642; x_wconf 85' lang='lat' dir='ltr'><em>pretium,</em></span> <span class='ocrx_word' id='word_1_112' title='bbox 1320 2545 1361 2618; x_wconf 91' lang='lat' dir='ltr'><em>et</em></span> <span class='ocrx_word' id='word_1_113' title='bbox 1391 2536 1514 2618; x_wconf 86' lang='lat' dir='ltr'><em>aesti-</em></span> 
     </span>
     <span class='ocr_line' id='line_1_18' title="bbox 335 2668 1509 2776; baseline -0.003 -24"><span class='ocrx_word' id='word_1_114' title='bbox 335 2671 463 2752; x_wconf 79' lang='lat' dir='ltr'><em>matio</em></span> <span class='ocrx_word' id='word_1_115' title='bbox 493 2671 693 2752; x_wconf 88' lang='lat' dir='ltr'><em>remissae</em></span> <span class='ocrx_word' id='word_1_116' title='bbox 719 2668 1033 2776; x_wconf 61' lang='lat' dir='ltr'><em>jurisdictionis</em></span> <span class='ocrx_word' id='word_1_117' title='bbox 1055 2695 1130 2749; x_wconf 90' lang='lat' dir='ltr'><em>seu</em></span> <span class='ocrx_word' id='word_1_118' title='bbox 1153 2696 1235 2750; x_wconf 92' lang='lat' dir='ltr'><em>non</em></span> <span class='ocrx_word' id='word_1_119' title='bbox 1256 2671 1431 2751; x_wconf 89' lang='lat' dir='ltr'><em>solvitur</em></span> <span class='ocrx_word' id='word_1_120' title='bbox 1450 2669 1509 2751; x_wconf 91' lang='lat' dir='ltr'><em>uti</em></span> 
     </span>
     <span class='ocr_line' id='line_1_19' title="bbox 335 2803 1509 2912; baseline 0 -28"><span class='ocrx_word' id='word_1_121' title='bbox 335 2831 475 2884; x_wconf 89' lang='lat' dir='ltr'><em>annua</em></span> <span class='ocrx_word' id='word_1_122' title='bbox 496 2803 639 2910; x_wconf 89' lang='lat' dir='ltr'><em>pensio</em></span> <span class='ocrx_word' id='word_1_123' title='bbox 664 2829 737 2910; x_wconf 84' lang='lat' dir='ltr'><em>pro</em></span> <span class='ocrx_word' id='word_1_124' title='bbox 754 2803 1040 2909; x_wconf 82' lang='lat' dir='ltr'><em>jurisdictione</em></span> <span class='ocrx_word' id='word_1_125' title='bbox 1062 2803 1113 2884; x_wconf 89' lang='lat' dir='ltr'><em>ab</em></span> <span class='ocrx_word' id='word_1_126' title='bbox 1130 2803 1336 2912; x_wconf 87' lang='lat' dir='ltr'><em>Episcopo</em></span> <span class='ocrx_word' id='word_1_127' title='bbox 1358 2803 1509 2885; x_wconf 89' lang='lat' dir='ltr'><em>remis-</em></span> 
     </span>
     <span class='ocr_line' id='line_1_20' title="bbox 334 2935 1511 3046; baseline 0 -29"><span class='ocrx_word' id='word_1_128' title='bbox 334 2961 383 3017; x_wconf 86' lang='lat' dir='ltr'><em>sa</em></span> <span class='ocrx_word' id='word_1_129' title='bbox 413 2937 557 3017; x_wconf 89' lang='lat' dir='ltr'><em>Ordini</em></span> <span class='ocrx_word' id='word_1_130' title='bbox 588 2935 817 3044; x_wconf 84' lang='lat' dir='ltr'><em>Religios0,</em></span> <span class='ocrx_word' id='word_1_131' title='bbox 850 2938 921 3018; x_wconf 91' lang='lat' dir='ltr'><em>sed</em></span> <span class='ocrx_word' id='word_1_132' title='bbox 954 2938 993 3018; x_wconf 91' lang='lat' dir='ltr'><em>in</em></span> <span class='ocrx_word' id='word_1_133' title='bbox 1027 2939 1352 3045; x_wconf 83' lang='lat' dir='ltr'><em>recognitionem</em></span> <span class='ocrx_word' id='word_1_134' title='bbox 1392 2963 1511 3046; x_wconf 90' lang='lat' dir='ltr'><em>prae·</em></span> 
     </span>
     <span class='ocr_line' id='line_1_21' title="bbox 334 3069 1512 3179; baseline -0.002 -26"><span class='ocrx_word' id='word_1_135' title='bbox 334 3071 476 3153; x_wconf 87' lang='lat' dir='ltr'><em>teritae</em></span> <span class='ocrx_word' id='word_1_136' title='bbox 508 3069 791 3179; x_wconf 87' lang='lat' dir='ltr'><em>subjectionis,</em></span> <span class='ocrx_word' id='word_1_137' title='bbox 825 3080 864 3152; x_wconf 92' lang='lat' dir='ltr'><em>et</em></span> <span class='ocrx_word' id='word_1_138' title='bbox 894 3072 1094 3152; x_wconf 86' lang='lat' dir='ltr'><em>libertatis</em></span> <span class='ocrx_word' id='word_1_139' title='bbox 1135 3097 1373 3173; x_wconf 80' lang='lat' dir='ltr'><em>concessae,</em></span> <span class='ocrx_word' id='word_1_140' title='bbox 1417 3071 1512 3152; x_wconf 91' lang='lat' dir='ltr'><em>hinc</em></span> 
     </span>
     <span class='ocr_line' id='line_1_22' title="bbox 333 3205 781 3288; baseline 0.002 -3"><span class='ocrx_word' id='word_1_141' title='bbox 333 3205 434 3285; x_wconf 91' lang='lat' dir='ltr'><em>nihil</em></span> <span class='ocrx_word' id='word_1_142' title='bbox 467 3206 636 3286; x_wconf 85' lang='lat' dir='ltr'><em>adrem</em></span> <span class='ocrx_word' id='word_1_143' title='bbox 669 3206 781 3288; x_wconf 85' lang='lat' dir='ltr'><em>lecit.</em></span> 
     </span>
    </p>

    <p class='ocr_par' dir='ltr' id='par_1_4' title="bbox 328 3337 1515 4521">
     <span class='ocr_line' id='line_1_23' title="bbox 420 3337 1515 3448; baseline 0.001 -30"><span class='ocrx_word' id='word_1_144' title='bbox 420 3337 635 3447; x_wconf 86' lang='lat' dir='ltr'><em>Multoque</em></span> <span class='ocrx_word' id='word_1_145' title='bbox 668 3339 808 3420; x_wconf 91' lang='lat' dir='ltr'><em>minus</em></span> <span class='ocrx_word' id='word_1_146' title='bbox 838 3339 988 3436; x_wconf 89' lang='lat' dir='ltr'><em>obstat,</em></span> <span class='ocrx_word' id='word_1_147' title='bbox 1013 3340 1122 3447; x_wconf 92' lang='lat' dir='ltr'><em>quod</em></span> <span class='ocrx_word' id='word_1_148' title='bbox 1153 3340 1383 3448; x_wconf 88' lang='lat' dir='ltr'><em>Episcopus</em></span> <span class='ocrx_word' id='word_1_149' title='bbox 1413 3365 1515 3445; x_wconf 91' lang='lat' dir='ltr'><em>pos-</em></span> 
     </span>
     <span class='ocr_line' id='line_1_24' title="bbox 331 3470 1514 3574; baseline 0.002 -25"><span class='ocrx_word' id='word_1_150' title='bbox 331 3471 401 3571; x_wconf 88' lang='lat' dir='ltr'><em>sit,</em></span> <span class='ocrx_word' id='word_1_151' title='bbox 435 3470 520 3550; x_wconf 91' lang='lat' dir='ltr'><em>imo</em></span> <span class='ocrx_word' id='word_1_152' title='bbox 550 3478 591 3552; x_wconf 90' lang='lat' dir='ltr'><em>et</em></span> <span class='ocrx_word' id='word_1_153' title='bbox 611 3473 758 3552; x_wconf 87' lang='lat' dir='ltr'><em>debeat</em></span> <span class='ocrx_word' id='word_1_154' title='bbox 787 3497 865 3552; x_wconf 88' lang='lat' dir='ltr'><em>suo</em></span> <span class='ocrx_word' id='word_1_155' title='bbox 886 3471 1055 3552; x_wconf 84' lang='lat' dir='ltr'><em>Vicario</em></span> <span class='ocrx_word' id='word_1_156' title='bbox 1085 3472 1291 3574; x_wconf 85' lang='lat' dir='ltr'><em>Generali,</em></span> <span class='ocrx_word' id='word_1_157' title='bbox 1311 3499 1386 3552; x_wconf 88' lang='lat' dir='ltr'><em>seu</em></span> <span class='ocrx_word' id='word_1_158' title='bbox 1409 3470 1514 3551; x_wconf 86' lang='lat' dir='ltr'><em>Offi-</em></span> 
     </span>
     <span class='ocr_line' id='line_1_25' title="bbox 332 3601 1511 3714; baseline 0.001 -32"><span class='ocrx_word' id='word_1_159' title='bbox 332 3601 425 3682; x_wconf 89' lang='lat' dir='ltr'><em>ciali</em></span> <span class='ocrx_word' id='word_1_160' title='bbox 457 3603 705 3684; x_wconf 85' lang='lat' dir='ltr'><em>constituere</em></span> <span class='ocrx_word' id='word_1_161' title='bbox 736 3604 935 3685; x_wconf 84' lang='lat' dir='ltr'><em>salarium</em></span> <span class='ocrx_word' id='word_1_162' title='bbox 968 3633 1041 3713; x_wconf 89' lang='lat' dir='ltr'><em>pro</em></span> <span class='ocrx_word' id='word_1_163' title='bbox 1068 3607 1353 3714; x_wconf 86' lang='lat' dir='ltr'><em>jurisdictione</em></span> <span class='ocrx_word' id='word_1_164' title='bbox 1390 3603 1511 3713; x_wconf 88' lang='lat' dir='ltr'><em>spiri·</em></span> 
     </span>
     <span class='ocr_line' id='line_1_26' title="bbox 332 3733 1514 3847; baseline 0.003 -32"><span class='ocrx_word' id='word_1_165' title='bbox 332 3733 433 3815; x_wconf 87' lang='lat' dir='ltr'><em>tuali</em></span> <span class='ocrx_word' id='word_1_166' title='bbox 457 3738 697 3818; x_wconf 88' lang='lat' dir='ltr'><em>exercenda.</em></span> <span class='ocrx_word' id='word_1_167' title='bbox 719 3737 848 3846; x_wconf 88' lang='lat' dir='ltr'><em>Resp.</em></span> <span class='ocrx_word' id='word_1_168' title='bbox 869 3739 994 3842; x_wconf 90' lang='lat' dir='ltr'><em>enim,</em></span> <span class='ocrx_word' id='word_1_169' title='bbox 1021 3740 1132 3822; x_wconf 88' lang='lat' dir='ltr'><em>aliud</em></span> <span class='ocrx_word' id='word_1_170' title='bbox 1154 3766 1244 3822; x_wconf 87' lang='lat' dir='ltr'><em>esse</em></span> <span class='ocrx_word' id='word_1_171' title='bbox 1255 3738 1514 3847; x_wconf 85' lang='lat' dir='ltr'><em>jurisdictio-</em></span> 
     </span>
     <span class='ocr_line' id='line_1_27' title="bbox 330 3870 1513 3983; baseline 0.003 -37"><span class='ocrx_word' id='word_1_172' title='bbox 330 3891 423 3946; x_wconf 91' lang='lat' dir='ltr'><em>nem</em></span> <span class='ocrx_word' id='word_1_173' title='bbox 456 3893 577 3948; x_wconf 86' lang='lat' dir='ltr'><em>suam</em></span> <span class='ocrx_word' id='word_1_174' title='bbox 598 3871 677 3951; x_wconf 90' lang='lat' dir='ltr'><em>sub</em></span> <span class='ocrx_word' id='word_1_175' title='bbox 699 3897 838 3952; x_wconf 87' lang='lat' dir='ltr'><em>annuo</em></span> <span class='ocrx_word' id='word_1_176' title='bbox 872 3899 1000 3955; x_wconf 84' lang='lat' dir='ltr'><em>censu</em></span> <span class='ocrx_word' id='word_1_177' title='bbox 1024 3875 1101 3955; x_wconf 91' lang='lat' dir='ltr'><em>sibi</em></span> <span class='ocrx_word' id='word_1_178' title='bbox 1134 3873 1385 3983; x_wconf 87' lang='lat' dir='ltr'><em>praestando</em></span> <span class='ocrx_word' id='word_1_179' title='bbox 1421 3870 1513 3952; x_wconf 86' lang='lat' dir='ltr'><em>aliis</em></span> 
     </span>
     <span class='ocr_line' id='line_1_28' title="bbox 329 4000 1514 4110; baseline 0.003 -30"><span class='ocrx_word' id='word_1_180' title='bbox 329 4000 575 4110; x_wconf 89' lang='lat' dir='ltr'><em>relinquere,</em></span> <span class='ocrx_word' id='word_1_181' title='bbox 610 4003 721 4086; x_wconf 86' lang='lat' dir='ltr'><em>aliud</em></span> <span class='ocrx_word' id='word_1_182' title='bbox 752 4007 1128 4089; x_wconf 86' lang='lat' dir='ltr'><em>VicarioGenerali</em></span> <span class='ocrx_word' id='word_1_183' title='bbox 1161 4007 1414 4090; x_wconf 87' lang='lat' dir='ltr'><em>constituere</em></span> <span class='ocrx_word' id='word_1_184' title='bbox 1445 4029 1514 4084; x_wconf 83' lang='lat' dir='ltr'><em>sa—</em></span> 
     </span>
     <span class='ocr_line' id='line_1_29' title="bbox 329 4135 1512 4250; baseline 0.004 -37"><span class='ocrx_word' id='word_1_185' title='bbox 329 4135 505 4239; x_wconf 85' lang='lat' dir='ltr'><em>larium3</em></span> <span class='ocrx_word' id='word_1_186' title='bbox 530 4139 628 4246; x_wconf 89' lang='lat' dir='ltr'><em>quia</em></span> <span class='ocrx_word' id='word_1_187' title='bbox 644 4139 837 4222; x_wconf 90' lang='lat' dir='ltr'><em>Vicarius</em></span> <span class='ocrx_word' id='word_1_188' title='bbox 859 4143 1004 4250; x_wconf 87' lang='lat' dir='ltr'><em>recipit</em></span> <span class='ocrx_word' id='word_1_189' title='bbox 1024 4143 1223 4224; x_wconf 84' lang='lat' dir='ltr'><em>salarium</em></span> <span class='ocrx_word' id='word_1_190' title='bbox 1248 4169 1321 4250; x_wconf 92' lang='lat' dir='ltr'><em>per</em></span> <span class='ocrx_word' id='word_1_191' title='bbox 1340 4140 1512 4221; x_wconf 92' lang='lat' dir='ltr'><em>modum</em></span> 
     </span>
     <span class='ocr_line' id='line_1_30' title="bbox 328 4267 1515 4385; baseline 0.005 -39"><span class='ocrx_word' id='word_1_192' title='bbox 328 4267 525 4374; x_wconf 86' lang='lat' dir='ltr'><em>stipendii</em></span> <span class='ocrx_word' id='word_1_193' title='bbox 551 4299 643 4381; x_wconf 74' lang='lat' dir='ltr'><em>unp.</em></span> <span class='ocrx_word' id='word_1_194' title='bbox 679 4301 714 4356; x_wconf 92' lang='lat' dir='ltr'><em>c.</em></span> <span class='ocrx_word' id='word_1_195' title='bbox 754 4275 1013 4357; x_wconf 83' lang='lat' dir='ltr'><em>Cburitotem</em></span> <span class='ocrx_word' id='word_1_196' title='bbox 1047 4283 1106 4362; x_wconf 79' lang='lat'><em>12</em></span> <span class='ocrx_word' id='word_1_197' title='bbox 1137 4307 1179 4385; x_wconf 82' lang='lat' dir='ltr'><em>q.</em></span> <span class='ocrx_word' id='word_1_198' title='bbox 1218 4282 1243 4357; x_wconf 91' lang='lat'><strong><em>1</em></strong></span> <span class='ocrx_word' id='word_1_199' title='bbox 1280 4321 1339 4338; x_wconf 93' lang='lat'>-</span> <span class='ocrx_word' id='word_1_200' title='bbox 1369 4274 1424 4354; x_wconf 92' lang='lat' dir='ltr'><em>ibi</em></span> <span class='ocrx_word' id='word_1_201' title='bbox 1454 4314 1515 4336; x_wconf 90' lang='lat'><em>-··</em></span> 
     </span>
     <span class='ocr_line' id='line_1_31' title="bbox 329 4401 1513 4521; baseline 0.002 -38"><span class='ocrx_word' id='word_1_202' title='bbox 329 4401 498 4483; x_wconf 78' lang='lat' dir='ltr'><em>ductum</em></span> <span class='ocrx_word' id='word_1_203' title='bbox 528 4432 701 4514; x_wconf 84' lang='lat' dir='ltr'><em>nomque</em></span> <span class='ocrx_word' id='word_1_204' title='bbox 742 4419 813 4502; x_wconf 85' lang='lat' dir='ltr'><em>est,</em></span> <span class='ocrx_word' id='word_1_205' title='bbox 848 4419 891 4491; x_wconf 93' lang='lat' dir='ltr'><em>ut</em></span> <span class='ocrx_word' id='word_1_206' title='bbox 924 4411 990 4492; x_wconf 89' lang='lat' dir='ltr'><em>itti</em></span> <span class='ocrx_word' id='word_1_207' title='bbox 1030 4417 1330 4521; x_wconf 80' lang='lat' dir='ltr'><em>cousequantur</em></span> <span class='ocrx_word' id='word_1_208' title='bbox 1359 4408 1513 4518; x_wconf 84' lang='lat' dir='ltr'><em>stipeu·</em></span> 
     </span>
    </p>
   </div>
   <div class='ocr_carea' id='block_1_3' title="bbox 0 0 1698 5126">
    <p class='ocr_par' dir='ltr' id='par_1_5' title="bbox 0 0 1698 5126">
     <span class='ocr_line' id='line_1_32' title="bbox 0 0 1698 5126; baseline 0 4"><span class='ocrx_word' id='word_1_209' title='bbox 0 0 1698 5126; x_wconf 95' lang='lat' dir='ltr'><em> </em></span> 
     </span>
    </p>
   </div>
  </div>
 </body>
</html>
