3178 5134
533 358 640 408 nmen
663 358 710 412 rr.
735 377 755 390 -
778 347 924 412 nrunus'
941 361 1012 410 xm.
1298 347 1362 410 227

183 487 353 594 quidem
393 486 498 567 ratio
540 488 581 566 in
621 515 720 567 casu
762 487 1056 569 interdictionis
1097 489 1353 596 sponsalium

181 618 574 722 contrahendorum,
609 619 673 698 vel
703 619 966 702 resolutionis
987 621 1244 727 sponsalium
1266 621 1352 728 jam

181 758 488 832 contractorum
521 777 570 832 ea
598 759 675 852 est,
709 751 806 858 quia
837 751 942 833 inter
971 752 1062 832 illas
1083 779 1279 860 personas
1301 779 1351 832 ex

177 887 380 968 affinitate
407 887 494 993 jam
526 885 725 967 existente
757 887 820 966 vel
856 887 1168 995 superveniente
1210 889 1385 976 matri·¹

177 1020 369 1101 monium
400 1019 584 1101 contrahi
615 1020 770 1127 nequit.

301 1155 360 1233 3.⁰
390 1154 447 1233 At
477 1153 574 1261 quid
615 1154 866 1234 censendum
907 1161 969 1233 est
999 1153 1047 1234 de
1088 1153 1350 1234 matrimonio
1398 1231 1404 1241 ,

175 1313 278 1368 cum
309 1312 359 1366 ea
387 1286 679 1387 contrahendo,
714 1287 833 1394 eujus
864 1287 1212 1394 consanguineam
1257 1289 1347 1394 quis

174 1418 400 1500 carnaliter
440 1420 657 1527 cognovit?
689 1420 922 1526 Responsio
953 1419 1227 1527 inpromptu
1269 1429 1344 1520 est,

174 1577 273 1632 eam
295 1579 374 1633 non
398 1579 520 1660 posse
541 1554 619 1634 sibi
639 1555 679 1633 in
696 1553 1006 1633 matrimonium
1024 1553 1214 1660 copulare
1222 1585 1231 1653 3
1252 1581 1347 1642 nam

174 1714 232 1766 ex
262 1686 341 1768 hac
371 1689 566 1768 affinitate
598 1687 935 1796 impedimentum
963 1695 1039 1788 est,
1064 1665 1114 1768 ne
1147 1714 1236 1768 eam
1262 1689 1345 1768 sibi
1385 1771 1387 1776 ,

171 1821 218 1900 in
249 1847 423 1902 uxorem
456 1822 590 1904 valeat
620 1849 853 1976 assumerep
883 1831 922 1902 et
952 1822 1116 1928 quidem
1148 1822 1188 1902 id
1220 1823 1341 1922 valet,

170 1963 271 2062 post
282 1954 511 2036 Concilium
522 1957 810 2038 Tridentinum
828 1983 881 2034 erc
897 1955 937 2036 cl.
950 1983 1039 2065 cup
1051 1955 1135 2056 4,si
1156 1956 1194 2034 in
1214 1957 1343 2062 gradu

167 2087 310 2196 primo
330 2097 369 2169 et
389 2090 570 2170 secunde
592 2089 898 2194 consanguinea
917 2088 970 2168 sit
992 2114 1087 2168 cum
1109 2113 1157 2168 ea
1178 2088 1219 2168 in
1238 2115 1342 2168 uxo-

171 2247 264 2302 rem
285 2223 516 2330 copulanda
537 2250 632 2304 cum
653 2221 879 2329 antiquitus
902 2223 940 2302 id
965 2222 1118 2328 vigeret
1139 2245 1269 2330 usque
1291 2225 1341 2302 ad

167 2361 368 2461 quartum
399 2356 588 2462 gradum.
616 2357 708 2449 Quo
728 2355 770 2435 in
792 2355 880 2436 loco
911 2355 1011 2436 mihi
1033 2356 1194 2436 videtur
1215 2357 1342 2436 adno-

166 2471 345 2571 tandum
376 2489 604 2572 Concilium
646 2489 934 2570 Tridentinum
972 2490 1064 2596 jure
1106 2491 1341 2571 nominasse

165 2623 280 2702 hanc
309 2627 556 2734 affinitatem
587 2651 640 2704 cuc
669 2625 955 2734 fornicatione
986 2633 1031 2704 ut
1071 2613 1340 2730 distingueret

165 2757 278 2838 inter
308 2759 497 2865 copulam
528 2759 712 2840 habitam
734 2759 796 2838 vel
828 2786 879 2839 ex
911 2758 1173 2839 matrimonio
1205 2767 1277 2838 aut
1298 2759 1336 2840 in

164 2890 309 2998 specie
329 2891 596 2992 matrimonii,
616 2900 655 2972 et
672 2891 861 2999 copulam
879 2889 1157 2971 fornicariam.
1178 2891 1230 2971 Et
1245 2919 1334 2998 pro·

165 3022 277 3104 fecte
308 3024 470 3131 quando
502 3024 567 3105 hic
599 3051 734 3106 sermo
765 3030 827 3104 est
856 3023 906 3104 de
936 3023 1085 3130 copula
1124 3024 1340 3104 fornicaria

163 3160 290 3240 etde
322 3159 518 3240 affinitate
549 3185 601 3238 ex
633 3159 914 3258 fornicatione,
949 3158 1183 3238 excluditur
1214 3184 1339 3264 quae-

163 3317 346 3399 cumque
366 3291 514 3399 copula
533 3292 657 3372 etiam
679 3293 820 3373 illicita
840 3318 985 3399 nempe
1002 3293 1080 3371 sub
1099 3291 1233 3398 specie
1251 3319 1339 3370 ma-

162 3425 366 3524 trimonii,
401 3433 441 3506 et
472 3434 708 3508 recensetur
737 3433 897 3507 tantum
930 3424 1149 3505 fornicaria
1180 3451 1228 3504 ex
1259 3453 1339 3532 [pua

162 3561 347 3640 affinitas
378 3587 509 3669 usque
541 3562 592 3642 ad
633 3561 861 3642 secundum
903 3559 1076 3667 gradum
1110 3571 1362 3638 coercetur..

158 3695 218 3775 Et
249 3721 331 3774 non
373 3694 522 3776 desunt
562 3721 710 3801 graves
751 3694 929 3774 rationes
971 3693 1103 3776 adid
1147 3694 1337 3773 evincen-

158 3827 281 3908 dum.
318 3825 426 3906 Nam
448 3827 674 3908 Concilium
699 3828 984 3908 Tridentinum
1015 3825 1227 3934 potissime
1259 3826 1334 3906 has

153 3961 270 4070 juris
311 3962 467 4071 antiqui
509 3962 603 4044 fecit
643 3963 915 4043 correctiones
956 3989 1004 4042 ex
1045 3960 1200 4040 ratione
1233 3962 1336 4038 assi-

158 4102 291 4203 gnata
312 4095 353 4174 in
376 4123 466 4206 cup.
493 4098 533 4175 2:
564 4094 714 4176 «docet
735 4095 989 4203 experientia
1010 4105 1175 4200 propter
1196 4093 1335 4172 multi·
1364 4183 1366 4188 Ι

158 4227 348 4308 tudinem
370 4227 689 4336 prohibitionum
712 4227 920 4309 multoties
942 4227 982 4307 in
1004 4225 1170 4308 casibus
1192 4225 1330 4332 protri-

159 4359 262 4441 bitis
293 4361 529 4469 ignoranter
568 4362 751 4446 contrahi
782 4361 1058 4462 matrimonia,
1098 4360 1139 4440 in
1181 4357 1331 4466 quibus
