3380 5132
535 457 642 508 mnna
665 457 709 506 1v.
737 475 753 488 ·
779 455 917 508 rrrunus
939 457 1009 508 xxx.
1299 441 1363 505 333

201 585 403 693 »conjugi
434 585 521 665 fieri
553 585 685 684 debet,
711 591 756 664 ut
786 593 963 666 mentem
994 611 1114 664 suam
1136 585 1185 664 de
1206 581 1357 664 Christi

202 717 318 798 »fide
340 717 620 825 amplectenda
639 716 829 818 declaret,
850 725 889 796 et
908 716 1161 823 subrogandi
1182 715 1224 796 in
1246 715 1358 795 illius

200 885 217 925 »
238 851 374 932 locum
406 859 478 932 aut
498 849 828 958 extrajudiciales
857 850 1038 951 notitias,
1063 859 1134 932 aut
1155 849 1258 930 alias
1279 851 1359 930 cir-

200 1019 216 1061 »
237 985 507 1068 cumstantias
523 995 562 1066 et
584 994 840 1091 argumenta,
861 1011 965 1093 quae
986 985 1186 1065 suadeant
1207 983 1360 1089 impro-

199 1119 372 1200 ›babile
392 1119 559 1199 omnino
590 1145 681 1198 esse
711 1119 891 1226 primum
921 1119 1140 1225 conjugem
1171 1119 1223 1199 ad
1249 1119 1358 1200 chri-

198 1255 411 1336 »stianam
441 1253 678 1360 religionem
710 1253 888 1334 converti
920 1251 1038 1353 velle;
1072 1253 1112 1333 id
1143 1253 1251 1360 quod
1283 1279 1357 1332 ex-

197 1414 374 1496 ›presse
405 1413 646 1468 concessum
675 1387 825 1494 legitur
847 1386 887 1466 in
908 1386 1070 1466 duabus
1091 1386 1170 1468 illis
1193 1394 1358 1492 aposto-

197 1521 324 1602 ›licis
361 1520 721 1601 constitutionibus
751 1520 814 1600 Pii
846 1519 885 1598 V
915 1528 955 1600 et
985 1519 1171 1625 Gregorii
1202 1519 1353 1600 XIII.»

311 1657 398 1734 ll.⁰
419 1655 475 1736 Ut
504 1654 644 1734 omnia
672 1653 751 1734 sub
782 1654 860 1734 hac
890 1652 1062 1734 materia
1091 1653 1219 1734 relata
1244 1680 1358 1734 com-

195 1786 512 1896 prehendamus
545 1794 732 1894 superest
763 1795 808 1868 ut
839 1787 941 1867 alias
971 1794 1055 1867 tres
1096 1786 1357 1894 quaestiones

193 1921 463 2003 resolvamus:
481 1966 502 1981 -
524 1919 583 2028 (a)
607 1947 659 2000 an
690 1921 837 2022 fidelis,
871 1921 940 2028 qui
971 1948 1022 2000 ex
1053 1920 1356 2028 dispensatione

194 2055 418 2164 apostolica
433 2053 666 2161 dispensato
687 2054 977 2162 impedimento
998 2053 1249 2161 disparitatis
1270 2055 1357 2134 cul-

195 2197 262 2268 tus
292 2187 601 2268 matrimonium
631 2187 833 2268 contraxit
864 2213 957 2268 cum
981 2187 1132 2267 infideli
1156 2187 1285 2293 possit
1306 2187 1357 2268 ad

195 2319 297 2402 alias
327 2320 493 2427 nuptias
524 2320 699 2400 transire
721 2321 872 2401 utendo
894 2319 1032 2400 divina
1052 2318 1356 2426 dispensatione

194 2453 231 2532 si
260 2452 434 2533 infidelis
464 2453 659 2554 discedat,
683 2455 747 2534 vel
778 2453 943 2561 pacifice
971 2451 1205 2534 cohabitare
1236 2450 1351 2550 nolit,

194 2589 266 2668 sed
282 2595 442 2668 tantum
459 2615 553 2667 cum
571 2589 820 2669 contumelia
835 2588 1039 2670 Creatoris
1055 2587 1118 2667 vel
1135 2596 1181 2669 ut
1195 2586 1356 2668 fidelem

194 2721 402 2830 pertrahat
422 2723 474 2804 ad
496 2727 731 2829 peccatum?
754 2724 835 2804 Sed
857 2724 1188 2832 respondendum
1210 2729 1272 2804 est
1287 2749 1360 2802 ne-

194 2856 344 2962 gative,
368 2883 462 2936 cum
494 2865 653 2937 tantum
683 2858 787 2936 solvi
817 2858 947 2965 possit
977 2858 1111 2964 quoad
1133 2856 1297 2938 thorum
1319 2866 1359 2936 et

195 2989 537 3072 cohabitationem
561 3017 641 3068 nou
662 3016 759 3070 vero
790 2990 923 3098 quoad
946 2989 1171 3070 vinculum.
1196 2989 1239 3069 ld
1266 3015 1362 3095 pro—

197 3125 319 3204 batur
348 3150 398 3204 ex
420 3121 626 3204 decisione
647 3123 691 3203 S.
718 3121 1057 3230 Congregationis
1077 3119 1362 3230 Inquisitionis

195 3255 262 3337 dic
286 3259 303 3336 l
329 3257 504 3364 Augusti
528 3255 637 3336 1753
660 3255 722 3334 his
744 3255 894 3335 verbis:
934 3283 952 3330 <
974 3254 1018 3333 Si
1039 3253 1171 3334 fidelis
1191 3251 1362 3361 praevia

200 3387 542 3495 >dispensatione
574 3385 778 3467 contraxit
808 3385 1115 3466 matrimonium
1141 3412 1235 3470 cum
1266 3383 1361 3464 infi-

199 3557 219 3598 ›
239 3521 331 3619 deli,
352 3529 541 3601 censetur
557 3519 656 3600 illud
673 3519 927 3600 contraxisse
943 3544 1038 3598 cum
1054 3517 1246 3625 explicita
1261 3543 1361 3597 con-

199 3689 218 3727 »
238 3655 404 3755 ditione,
424 3654 647 3734 dummodo
664 3653 858 3734 nimirum
880 3651 1053 3732 infidelis
1074 3677 1214 3734 secum
1236 3650 1360 3733 coha-

199 3787 367 3868 ›bitare
398 3787 495 3866 velit
524 3785 679 3894 absque
709 3785 957 3868 contumelia
977 3785 1196 3868 Creatoris.
1222 3785 1361 3878 Quare

198 3921 273 4000 »si
303 3921 479 4002 infidelis
510 3948 592 4002 non
622 3929 756 4002 servet
786 3921 1036 4028 praedictam
1066 3919 1355 4020 conditionem,

199 4053 470 4136 »adhibenda
500 4063 597 4136 sunt
631 4054 738 4161 juris
774 4056 955 4136 remedia
985 4054 1035 4134 ad
1066 4054 1157 4154 hoc,
1193 4063 1238 4134 ut
1267 4079 1358 4135 eam

198 4195 386 4288 »servet
421 4188 523 4268 alias
554 4187 735 4295 separari
771 4188 919 4269 debent
960 4188 1095 4294 quoad
1125 4185 1289 4269 thorum
1320 4195 1360 4266 et

199 4319 598 4420 »cohabitationem
641 4347 724 4401 non
764 4328 903 4402 tamen
943 4321 1077 4428 quoad
1119 4321 1358 4428 vinculum;

198 4455 431 4562 »quocirca
461 4455 503 4536 in
534 4481 651 4556 casu,
686 4457 735 4538 de
767 4482 848 4564 quo
879 4454 1029 4562 agitur,
1063 4455 1237 4563 conjuge
1268 4453 1359 4534 infi-
