3380 5132
325 421 390 486 334
612 435 904 488 rnlnnuorronns
927 436 1019 488 sums
1043 436 1211 489 canonici

334 599 351 635 »
372 565 450 645 deli
467 565 685 672 superstite
702 592 782 646 non
800 576 933 674 potest
948 565 1079 648 fidelis
1101 567 1151 648 ad
1168 567 1250 646 alia
1265 575 1359 648 vota
1379 574 1491 648 tran-

334 732 350 771 »
372 699 467 778 sire.
493 731 550 772 »-
567 699 630 806 (b)
654 700 698 782 Si
720 727 943 780 conversus
964 698 1168 780 mediante
1189 699 1491 807 dispensatione

329 858 455 938 super
475 833 610 913 cultus
633 833 869 942 disparitate
891 835 1034 914 iterato
1055 859 1258 914 consensu
1281 833 1490 914 retinuerit

329 991 454 1044 unam
476 992 527 1046 ex
550 965 645 1068 illis,
670 993 773 1074 quas
804 975 962 1074 praeter
993 967 1166 1074 primam
1188 966 1331 1047 uxoris
1352 965 1492 1074 appel·

329 1099 478 1178 latione
509 1101 683 1181 duxerat
713 1101 753 1180 in
785 1101 1021 1182 infidelitate
1052 1102 1104 1180 ob
1143 1099 1417 1208 polygamiam
1450 1099 1491 1180 in

330 1255 409 1311 sua
438 1241 550 1313 secta
571 1233 791 1340 vigentem,
826 1243 865 1315 et
895 1261 944 1314 ea
973 1234 1091 1342 lapsu
1125 1234 1319 1342 temporis
1340 1233 1489 1314 disces·

211 1427 212 1430 1
332 1365 442 1464 serit,
464 1393 517 1446 an
534 1393 582 1446 ex
604 1367 815 1474 privilegio
836 1368 928 1448 fidei
951 1368 1081 1475 possit
1101 1367 1150 1448 ad
1175 1367 1255 1447 alia
1271 1375 1366 1448 vota
1381 1374 1494 1446 tran-

330 1497 412 1577 sire
432 1499 481 1578 ed
501 1499 635 1580 adhue
656 1501 842 1582 viventet
874 1501 925 1582 Et
948 1501 1098 1609 pariter
1118 1501 1304 1608 negative
1325 1525 1495 1606 respon-

330 1631 448 1712 detur
477 1641 565 1713 tum
596 1633 647 1713 ob
678 1634 841 1714 allatam
874 1635 1071 1715 rationem
1103 1633 1294 1714 indubio
1326 1660 1490 1742 praece-

310 1767 456 1867 denti,
491 1793 584 1847 oum
626 1794 819 1874 praesens
859 1794 981 1848 casus
1013 1769 1064 1847 ab
1101 1767 1169 1848 illo
1200 1794 1282 1848 non
1314 1767 1489 1868 differat;

332 1909 372 1981 et
393 1901 537 1982 deinde
563 1929 611 1981 ex
632 1929 680 1982 eo
710 1903 818 2009 quod
849 1903 972 1982 simili
1005 1903 1130 1984 dubio
1152 1928 1177 1981 a
1196 1901 1361 1981 Vicario
1382 1903 1494 2008 Apo-

333 2035 476 2116 stolico
507 2037 620 2116 Siam
661 2036 868 2144 proposito
900 2037 943 2118 S.
979 2035 1250 2144 Congrcgatio
1281 2035 1325 2116 S.
1361 2033 1493 2115 Officii

334 2195 441 2249 antio
467 2173 577 2249 1854
597 2170 805 2277 respondit
830 2196 903 2278 per
922 2169 1231 2250 instructionem
1254 2196 1306 2249 ex
1328 2169 1494 2276 Synodo

335 2303 584 2384 Sutohuensi
606 2331 695 2426 cup.
722 2309 746 2386 9
770 2307 794 2407 ἓ
818 2305 843 2385 7
866 2305 936 2384 ubi
954 2305 1181 2385 'adnotatur
1212 2311 1302 2410 post
1333 2303 1516 2410 dispeng

334 2437 535 2518 sationem
567 2441 618 2518 ab
650 2439 939 2546 impedimento
970 2437 1221 2545 disparitatis
1247 2435 1382 2518 cultus
1414 2461 1495 2516 non

335 2597 456 2678 posse
496 2571 674 2679 amplius
716 2571 798 2651 ullo
840 2573 881 2650 in
918 2599 1019 2652 casu
1049 2570 1357 2651 matrimonium
1392 2569 1493 2649 solvi

335 2707 470 2812 quoad
502 2705 726 2806 vinculum,
761 2707 832 2786 sed
863 2705 996 2786 solum
1029 2705 1161 2811 quoad
1192 2703 1371 2801 thorum,
1400 2703 1496 2809 quia

338 2838 489 2920 lactum
516 2849 578 2920 est
608 2838 890 2920 indissolubile
922 2838 962 2916 in
986 2838 1166 2918 favorem
1196 2837 1289 2916 lidei
1311 2842 1351 2915 et
1370 2835 1496 2942 partis

337 2971 482 3053 fidelis.
515 3018 536 3032 -
566 2973 623 3080 (c)
656 2973 832 3054 Domum
874 2971 1097 3080 quaeritur:
1143 2998 1194 3050 an
1236 2967 1494 3077 privilegium

336 3107 429 3187 fidei
462 3107 512 3187 iis
543 3133 705 3215 quoque
736 3107 879 3215 prosit,
902 3106 969 3213 qui
993 3105 1044 3184 ab
1067 3103 1300 3185 infidelitate
1331 3127 1500 3182 conver-

337 3249 480 3322 tuntur
501 3242 551 3321 ad
574 3242 753 3348 aliquam
785 3248 937 3321 sectam
968 3237 1235 3320 christianam
1256 3263 1338 3316 non
1359 3235 1410 3314 ad
1432 3261 1500 3315 ca-

336 3373 530 3454 tholicam
551 3373 777 3455 Ecclesiam
799 3381 961 3480 recepto
983 3381 1119 3452 tamen
1142 3370 1184 3450 in
1206 3395 1284 3450 sua
1304 3377 1415 3448 secta
1430 3395 1501 3447 va·

233 3591 235 3596 ,
337 3506 418 3586 lido
445 3508 662 3614 baptisma
689 3517 734 3588 ut
763 3505 1016 3614 interpellato
1048 3503 1227 3612 legitime
1258 3502 1430 3608 conjuge
1461 3515 1500 3579 et

337 3641 546 3746 responsis
563 3639 763 3746 negativis
778 3639 930 3720 habitis
952 3638 1110 3746 possint
1131 3637 1241 3718 aliud
1263 3633 1500 3716 contrahere

338 3773 669 3854 matrimonium?
695 3772 865 3880 Antiqui
885 3771 1127 3879 Interpretes
1146 3771 1225 3850 hac
1246 3769 1288 3847 in
1310 3795 1353 3848 re
1373 3793 1502 3874 oppo-

338 3907 440 3988 sitas
472 3907 659 3988 abierunt
684 3906 919 3987 sententias
944 3905 1027 3984 Alii
1059 3903 1167 3986 enim
1189 3904 1315 3983 verba
1338 3899 1497 4009 fidelis,

328 4045 477 4152 frater
492 4051 531 4122 et
550 4067 669 4122 soror
684 4039 963 4146 intelligebant
979 4040 1028 4119 de
1045 4035 1261 4145 baptizatis
1279 4035 1320 4114 in
1337 4057 1496 4141 genere,

340 4185 379 4256 et
401 4176 487 4284 ipse
507 4175 769 4283 Augustinus
795 4173 1000 4282 applicare
1020 4174 1136 4252 visus
1158 4179 1219 4252 est
1240 4167 1501 4277 privilegium
1661 4257 1662 4277 Ν

339 4309 561 4392 Paulinum
583 4309 705 4391 etiam
728 4309 779 4390 ad
796 4307 1033 4388 Donatistas
1053 4310 1114 4388 De
1129 4307 1313 4388 Sermon.
1334 4303 1505 4386 Domini
1660 4387 1661 4424 ἰ

340 4449 384 4525 in
400 4453 531 4526 monto
546 4473 636 4556 cop.
656 4446 711 4526 22
728 4455 837 4525 nom.
859 4444 930 4544 75,
950 4441 1041 4522 aliis
1056 4439 1304 4522 Doctoribus
1320 4463 1342 4518 e
1359 4443 1501 4518 contra
