3264 5146
318 381 360 442 32
606 391 894 442 ranunnorronus
917 391 1009 440 ionis
1035 389 1202 442 05505101

322 526 372 605 de
402 523 604 604 sententia
634 519 924 601 nonnullorum
950 518 1249 625 theologorum,
1275 519 1344 626 qui
1365 529 1495 627 puta·-

324 657 423 738 bant
453 657 493 736 in
525 653 841 736 christianorum
868 651 1129 733 matrimonio
1151 651 1208 732 ita
1227 659 1484 734 contractum

321 817 348 870 a
377 797 633 872 sacramento
664 787 788 868 dividi
820 813 955 895 posse,
991 795 1036 867 ut
1060 786 1176 866 illum
1198 787 1366 867 omnino
1387 813 1484 895 per-

325 927 472 1005 feetum
506 923 749 1031 quandoque
779 921 1001 1001 consistere
1031 921 1255 1020 crederent,
1289 921 1388 1028 quin
1418 949 1488 1002 sa·

321 1055 519 1140 crementi
551 1053 812 1136 eminentiam
844 1055 1104 1160 pertingeret,
1133 1054 1283 1160 quique
1305 1053 1484 1136 retinen-

323 1201 385 1272 tes
416 1188 661 1271 sacramenti
693 1187 940 1268 matrimonii
972 1187 1207 1268 ministrum
1234 1215 1324 1268 esse
1345 1215 1484 1269 sacer-

323 1324 473 1420 dotem,
509 1319 681 1400 formam
712 1333 849 1398 autem
871 1345 961 1399 esse
982 1320 1024 1398 in
1046 1319 1324 1402 benedictione
1345 1348 1483 1402 saeer-

322 1454 462 1554 dotali,
497 1452 768 1533 autumabant
797 1453 1057 1532 matrimonia
1082 1453 1348 1552 clandestina,
1375 1481 1480 1563 quae

322 1595 416 1668 ante
446 1586 673 1667 Concilium
704 1583 988 1665 Tridentinnm
1014 1585 1218 1666 debebant
1247 1585 1388 1666 baberi
1409 1613 1483 1667 va-

322 1721 419 1820 lida,
453 1712 710 1802 ea'dieebant
730 1719 961 1800 constitisse
983 1718 1023 1798 in
1045 1719 1200 1799 ratione
1228 1727 1476 1822 0051550155,

323 1881 403 1934 505
434 1879 529 1933 vero
561 1853 601 1932 in
633 1853 788 1933 ratione
825 1853 1083 1933 sacramenti.
1128 1851 1236 1932 Nam
1267 1853 1301 1932 si
1343 1879 1480 1934 sermo

320 1987 373 2067 sit
403 1989 451 2067 de
483 1986 680 2066 divisione
710 1985 973 2094 conceptaoli‚
1007 1995 1046 2065 et
1077 1985 1179 2066 forte
1206 1986 1330 2068 etiam
1349 1988 1480 2094 subje-

319 2123 442 2217 51500,-
467 2119 606 2226 utique
637 2117 718 2197 alia
748 2125 809 2198 ost
840 2117 946 2198 ratio
978 2125 1206 2197 contrectas
1227 2118 1308 2198 alia
1332 2143 1477 2200 socro-

320 2255 458 2352 1nenti;
482 2253 553 2332 sed
571 2251 605 2330 si
627 2253 675 2332 do
697 2251 897 2332 divisione
919 2251 1025 2331 reoli
1045 2259 1084 2332 et
1100 2253 1294 2358 objectiva
1312 2261 1473 2361 agatur,

321 2385 419 2465 haec
450 2411 500 2465 ex
532 2385 651 2466 dictis
673 2385 830 2466 admitti
853 2387 1016 2493 nequit3'
1031 2413 1126 2466 oum
1147 2413 1220 2494 pro
1241 2387 1478 2468 christianis

321 2547 400 2599 non
432 2520 578 2600 existat
609 2520 687 2599 nisi
720 2545 848 2599 unum
879 2519 1184 2600 matrimonium
1207 2520 1389 2630 illudque
1410 2546 1475 2600 es·

320 2653 545 2734 sentialiter
565 2661 882 2753 sacramentum,
902 2661 1019 2734 extra
1039 2654 1147 2761 quod
1169 2655 1476 2735 matrimonium

241 2791 242 2795 '
319 2795 622 2866 sacramentum
655 2811 736 2864 non
765 2783 940 2866 habetur
970 2786 1047 2866 nisi
1080 2785 1257 2866 exitialis
1282 2787 1479 2867 concubi·

322 2927 458 3020 natus;
492 2945 540 2999 ao
570 2921 737 3028 proinde
769 2919 904 3000 omnis
946 2920 1068 3026 vulgo
1109 2921 1346 3001 nominatus
1380 2947 1478 3000 con-

320 3065 474 3135 tractus
505 3053 817 3134 matrimonialis
846 3082 953 3134 mere
983 3055 1115 3134 ciuilis
1147 3082 1219 3162 pro
1240 3055 1475 3148 christianis

319 3200 380 3270 est
408 3189 682 3296 sacrilepinm.
716 3187 787 3267 1115
818 3189 987 3296 proinde
1019 3188 1281 3269 matrimonia
1310 3189 1476 3270 clande-

318 3323 426 3405 stina
456 3332 548 3404 ante
566 3323 878 3424 ‘Tridentinum
912 3331 952 3402 et
981 3348 1086 3430 quae
1117 3321 1157 3401 in
1190 3322 1291 3403 10015
1317 3333 1478 3403 contra-

320 3456 487 3556 huntur,
528 3455 598 3535 ubi
640 3455 855 3538 Decretum
896 3453 1123 3535 Tridentini
1165 3456 1475 3564 promulgatum

319 3613 400 3666 505
421 3595 498 3687 551,
523 3588 597 3668 5151
631 3589 783 3688 illicita,
808 3588 1041 3669 subsistunt
1071 3597 1207 3669 tamen
1237 3599 1327 3669 tum
1348 3589 1390 3667 in
1411 3613 1478 3668 ra-

318 3721 425 3802 tione
455 3729 703 3822 contractus
738 3732 825 3803 tum
852 3723 894 3802 in
915 3723 1070 3804 ratione
1091 3722 1352 3804 sacramenti.
1378 3723 1475 3802 Inde

317 3863 379 3934 rst
399 3855 646 3935 matrimonii
681 3856 890 3937 ministros
921 3881 1011 3937 esse
1047 3855 1349 3956 contrahentes
1395 3856 1476 3934 ior-

321 4009 430 4067 mam
462 4015 558 4069 vero
588 3987 713 4068 verba
744 3989 805 4069 vol
836 3990 956 4097 signa
984 3989 1135 4097 quibus
1156 4015 1383 4070 consensus
1405 4015 1478 4068 ex-

324 4119 528 4226 primitur,
566 4121 764 4228 juxtaea
792 4127 896 4230 quae
936 4119 1058 4202 habet
1090 4121 1302 4230 Eugenius
1331 4121 1389 4201 IV
1433 4120 1475 4200 in

317 4253 586 4334 instructione
617 4256 668 4336 ad
698 4257 916 4336 Armenes:
958 4256 1215 4363 «septimum
1247 4263 1309 4335 est
1339 4279 1478 4336 sacra·

323 4393 546 4466 »mentum
578 4387 827 4469 matrimonii
858 4435 878 4449 -
907 4387 1045 4469 Causa
1064 4387 1243 4470 efficiens
1264 4387 1479 4468 matrimo-
