3244 5116
298 323 362 388 198
596 333 865 382 rennncrrouns
888 331 981 380 surus
1003 329 1162 376 cesorum

384 467 542 546 Romae
574 469 713 544 autem
746 486 829 540 non
860 465 922 539 est
952 455 1178 538 omittenda
1221 455 1299 536 hac
1345 453 1393 536 in
1444 482 1493 535 re

299 599 516 682 instructio
547 593 781 676 Cardinelis
814 590 969 672 Vicarii
1001 590 1053 670 ad
1084 587 1286 697 parochos
1322 588 1493 669 direct-a

298 735 377 816 sub
411 731 475 813 die
510 735 569 815 12
599 729 708 812 Jntit
745 731 881 825 1872,
916 725 955 806 in
987 751 1070 833 qua
1094 725 1219 830 jussu
1253 723 1301 804 S.
1335 722 1493 804 Ponti-

297 866 386 947 ficis
418 863 619 945 nonnulla
649 861 939 942 decernuntur.
975 857 1171 937 Refertur
1212 855 1304 963 ipse
1350 882 1490 964 penes

301 1007 393 1082 acta
423 999 468 1078 S.
504 995 624 1076 Sedis
656 995 734 1076 ool.
767 994 845 1086 XI,
874 1019 975 1102 pop.
1013 994 1102 1072 168
1135 997 1172 1068 ct
1201 1016 1285 1098 seq.

384 1130 530 1224 Quoad
562 1135 703 1210 eutem
748 1126 1070 1235 disputationem
1115 1149 1213 1204 cum
1260 1121 1487 1205 haereticis

297 1263 399 1344 haec
429 1269 528 1342 sunt
559 1261 736 1341 breviter
766 1258 1143 1340 animadvertenda.
1169 1256 1361 1337 Vetitum
1384 1257 1487 1336 olim

298 1397 374 1476 fuit
405 1395 520 1476 laicis
552 1395 764 1502 disputare
795 1393 973 1501 publice,
1007 1391 1072 1471 vel
1093 1389 1304 1497 privatim,
1329 1390 1382 1470 de
1401 1390 1484 1470 tide

299 1528 513 1608 catholica.
550 1525 677 1632 (Cap.
716 1526 978 1634 Quicumque,
1013 1527 1058 1614 2,
1087 1521 1483 1618 naHnnner1crs,in

303 1660 399 1764 VI).
435 1659 549 1739 Haeo
580 1657 796 1766 disciplina
826 1656 954 1739 laicos
980 1657 1174 1736 admonet
1194 1681 1322 1762 quam
1343 1654 1482 1737 consi-

300 1792 439 1873 derate
470 1817 592 1899 agere
623 1792 797 1872 debeant
828 1818 924 1872 cum
955 1787 1188 1888 haereticis,
1222 1816 1274 1870 ne
1313 1816 1360 1870 se
1402 1789 1484 1869 im-

300 1925 500 2006 misceant
531 1924 571 2005 in
603 1924 916 2024 controversias,
953 1948 1058 2031 quae
1090 1922 1192 2030 ipsis
1214 1922 1312 2002 forte
1333 1933 1481 2004 essent

300 2061 341 2138 in
373 2059 567 2166 laqueum
595 2058 762 2138 diaboli.
790 2055 1084 2155 NihilominuS,
1108 2057 1143 2134 si
1166 2055 1244 2136 sint
1264 2054 1483 2136 sufficien-

299 2199 361 2274 ter
391 2191 522 2272 edocti
553 2191 677 2272 fidem
707 2189 967 2291 catholicam,
991 2195 1031 2269 et
1051 2187 1373 2296 disputationem
1397 2189 1481 2296 pri-

299 2332 436 2406 vatam
468 2324 531 2404 vel
563 2324 686 2404 etiam
717 2323 759 2403 in
789 2323 952 2431 scriptis
994 2321 1170 2431 publicis
1216 2320 1480 2428 profuturam

298 2462 478 2563 sperent,
512 2461 687 2563 possunt
717 2455 822 2536 tueri
854 2481 999 2536 sanam
1033 2453 1265 2536 doctrinam
1292 2453 1477 2534 auctori-

299 2595 506 2694 tatemquc
537 2585 760 2667 Ecclesiae.

385 2721 446 2800 De
478 2717 635 2799 clericis
680 2725 818 2800 tamen
853 2719 954 2800 nihil
994 2727 1229 2802 statuerunt
1269 2745 1477 2801 canones:

302 2858 478 2959 possunt
498 2851 655 2958 utique,
679 2859 767 2932 tum
789 2853 996 2961 privatim,
1034 2863 1121 2935 tum
1143 2853 1309 2962 publice
1331 2855 1381 2936 de
1400 2853 1482 2934 fide

305 2985 543 3092 disputare;
577 2987 628 3066 ad
658 2985 736 3068 hoc
776 2987 886 3067 enirn
916 2987 1127 3068 constituti
1152 2996 1267 3088 sunt,
1303 2993 1349 3070 ut
1376 2988 1479 3096 dog·

302 3125 414 3200 mata
443 3117 537 3201 fidei
560 3126 702 3200 contra
722 3119 983 3228 insurgentes
1014 3120 1140 3203 falses
1170 3121 1388 3230 opiniones
1409 3122 1482 3203 de-

301 3252 483 3335 fendant.
510 3253 733 3334 Prudentia
763 3261 900 3336 tamen
923 3281 1003 3336 non
1025 3254 1140 3357 sinit,
1163 3257 1265 3338 ordo
1286 3257 1479 3367 discipli-

297 3415 376 3470 nae
403 3415 485 3468 non
516 3386 682 3494 patitur,
730 3395 776 3469 ut-
815 3388 1001 3496 publicas
1042 3391 1341 3499 disputationes
1376 3421 1478 3474 oum

296 3520 528 3619 haereticiS,
552 3522 619 3600 vel
639 3547 735 3602 cum
757 3521 979 3604 incredulis
995 3524 1228 3624 instituant,
1253 3533 1479 3635 autequam

296 3651 483 3752 consilia,
498 3658 538 3732 et
559 3678 777 3736 assensum
794 3655 858 3737 sui
877 3655 1067 3765 Episcopi
1086 3656 1355 3758 obtinuerint,
1371 3687 1422 3741 ne
1438 3668 1480 3741 et

296 3785 374 3893 ipsi
391 3784 588 3866 honorem
605 3813 706 3868 suae
723 3787 983 3889 conditionis,
1002 3799 1042 3872 et
1058 3791 1330 3874 reverentiam
1346 3793 1477 3875 sacris

296 3919 492 4020 doctrinis
510 3921 705 4022 debitam,
727 3949 884 4005 necnon
906 3925 1193 4006 auctoritatem
1205 3925 1418 4008 Ecclesiae
1434 3929 1478 4008 in

295 4053 516 4136 discrimen
537 4055 755 4139 adducant.
777 4058 949 4140 Perraro
972 4059 1082 4140 enim
1099 4059 1269 4164 contigit
1285 4060 1476 4170 disputa-

294 4185 426 4268 tiones
443 4187 538 4268 viva
554 4215 651 4270 voce
675 4189 798 4274 initas
820 4191 862 4272 in
884 4191 1048 4300 publico
1066 4219 1159 4274 cum
1188 4193 1473 4296 heterodoxis,

296 4317 503 4400 Ecclesiae
536 4323 780 4422 utilitatibus
812 4327 1031 4434 proluisse.
1067 4327 1188 4410 Nunc
1217 4355 1353 4438 pauca
