3264 5146
544 527 652 582 6666
673 529 720 580 rv.
745 549 766 563 -
786 528 926 581 uranus
947 527 970 582 1.
1299 513 1341 578 111

168 669 210 741 61
242 657 461 767 puberum.
481 699 502 718 -
518 657 581 766 (b)
602 657 690 739 Per
717 660 1002 771 susceptionem
1032 654 1189 738 ordinis
1206 683 1334 770 prae·

168 795 316 874 sertim
331 791 456 893 socri,
476 798 513 872 et
524 817 604 904 per
615 775 914 904 professionem
930 791 1163 901 relipiosone
1180 816 1336 902 quoque

166 955 253 1008 non
282 927 511 1027 solemnem,
545 927 625 1008 imo
653 953 733 1039 per
764 931 985 1037 inpressum
1025 927 1067 1006 in
1098 925 1333 1034 religionem

166 1069 383 1143 contracto
412 1059 686 1142 dissolvuntur
714 1062 937 1174 sponsalia.
972 1058 1090 1141 Circa
1121 1060 1229 1168 quod
1260 1086 1335 1141 no-

167 1196 343 1276 tandum
373 1200 451 1293 est,
483 1192 603 1274 licere
643 1195 826 1277 alterutri
865 1192 971 1303 parti
1000 1199 1094 1301 post
1124 1191 1336 1300 sponsalia

167 1335 380 1410 contracta
418 1325 597 1434 cogitare
627 1328 691 1409 vel
728 1330 777 1410 de
807 1327 1020 1409 ordinibus
1060 1324 1335 1434 suscipiendis

167 1461 234 1540 vel
260 1461 311 1542 de
332 1459 525 1567 religiosa
543 1459 627 1542 vita
655 1461 921 1569 capessenda,
944 1459 1041 1568 quia
1066 1459 1185 1566 juxta
1214 1458 1334 1540 Glos-

165 1616 262 1671 sam
292 1619 381 1704 cop.
412 1591 525 1673 1611.
551 1599 580 1672 t.
614 1593 766 1674 talibus
795 1591 1141 1700 promissionibus
1170 1617 1335 1700 semper

166 1730 236 1803 661
265 1723 459 1833 implicita
479 1725 671 1808 conditio:
709 1725 829 1806 «nisi
860 1727 910 1806 de
930 1724 1090 1806 meliori
1111 1731 1222 1806 statu
1245 1750 1333 1806 am-

166 1855 380 1963 plectendo
410 1858 746 1944 deliberavero>
780 1861 901 1942 Unus
929 1865 1090 1940 tantum
1117 1883 1241 1938 casus
1271 1867 1333 1938 est

165 1989 324 2072 relatus
352 1992 394 2074 in
416 2019 506 2104 cap.
536 1994 649 2076 1611.
675 1994 792 2096 1.,16
822 2020 903 2102 quo
932 2001 1098 2100 propter
1127 1991 1333 2098 adjectum

161 2123 449 2231 juramentum
480 2126 642 2210 dicitur:
682 2127 851 2209 «tutius
876 2153 967 2207 esse
997 2126 1113 2234 prius
1132 2124 1331 2232 religione

159 2259 388 2365 juramenti
422 2270 587 2344 servata
626 2262 880 2362 contrahere,
913 2269 953 2342 61
982 2268 1139 2368 666166,
1172 2259 1208 2340 si
1240 2258 1333 2366 quis

165 2389 353 2498 elegerit,
373 2393 423 2474 ad
445 2393 738 2476 districtionem
754 2393 964 2501 religionis
979 2378 1172 2499 migrare,
1190 2391 1226 2472 si
1242 2417 1332 2472 car·

163 2521 275 2602 nalis
306 2525 454 2632 copula
483 2526 747 2634 dignoscatur
766 2553 848 2608 666
877 2524 1202 2608 intervenisse.»
1238 2525 1331 2619 Quo

164 2683 270 2736 casu
292 2667 459 2766 excepto
474 2661 527 2740 ob
547 2660 817 2742 reverentiam
832 2657 1057 2768 juramenti
1078 2658 1181 2741 etin
1202 2657 1331 2767 hypo-

165 2789 274 2870 thesi
297 2793 574 2874 conversionis
595 2795 645 2875 ad
665 2793 906 2901 religionem
926 2793 1193 2902 approbatam
1216 2791 1329 2899 (cum

165 2953 218 3004 ex
240 2925 494 3032 professione
514 2929 685 3010 solemni
716 2929 901 3010 solvatur
926 2929 1168 3010 antecedens
1189 2925 1332 3006 matri-

164 3060 356 3141 monium
376 3063 530 3170 ratum)
552 3063 601 3143 de
621 3062 778 3170 reliquo
807 3062 900 3144 licet
921 3062 1044 3144 etiam
1066 3062 1195 3142 611666
1215 3065 1332 3167 66616

165 3191 403 3300 irrequisita
418 3196 468 3275 ad
485 3196 648 3277 ordines
669 3205 789 3305 atque
809 3197 861 3277 ad
883 3195 1121 3303 religionem
1142 3217 1327 3302 pergere,

164 3337 302 3434 61666
331 3329 633 3437 susceptionem
660 3329 815 3411 ordinis
843 3328 966 3428 sacri,
990 3321 1329 3435 661666666166-

161 3459 327 3540 sionem
368 3487 528 3570 quoque
556 3488 640 3544 non
670 3463 893 3544 solemnem
933 3457 1144 3568 sponsalia
1181 3455 1328 3538 dissol-

162 3601 333 3694 vuntur,
368 3621 464 3676 cum
493 3596 588 3677 talis
621 3595 841 3705 promissio
880 3592 1122 3705 sponsalitia
1152 3601 1328 3700 nequeat

161 3727 325 3835 absque
354 3727 506 3810 scelere
537 3729 765 3837 adimpleri.
789 3729 871 3810 Ρ66
900 3728 1134 3837 ingressum
1160 3751 1256 3806 vero
1286 3723 1328 3803 in

160 3859 409 3966 religionem
439 3861 502 3942 vel
532 3887 605 3970 per
638 3861 941 3970 susceptionem
980 3859 1189 3942 minorum
1219 3856 1329 3938 ordi-

157 4018 285 4094 num,
306 3993 434 4075 altera
448 4018 545 4102 pars
559 4001 693 4103 potest
709 4021 754 4076 se
775 4001 964 4104 reputare
980 4021 1005 4074 a
1019 3991 1184 4074 vinculo
1203 4015 1330 4098 spon-

159 4125 319 4208 salium
349 4125 535 4229 liberam,
569 4153 672 4229 cum¹
694 4126 760 4209 hic
790 4135 883 4208 actu
914 4122 1255 4209 demonstraverit
1283 4149 1331 4204 66

161 4260 270 4345 velle
301 4261 463 4343 ordines
493 4285 633 4343 666666
662 4258 870 4370 suscipere
890 4259 954 4341 vel
974 4259 1213 4367 religionem
1234 4283 1330 4366 pro-

162 4394 289 4496 fiteri,
309 4401 647 4477 6166616666166
667 4396 793 4478 611666
812 4421 907 4503 6666
928 4401 1144 4503 expectare
1163 4399 1330 4498 tempus

160 4527 434 4637 professionis
450 4529 514 4612 vel
530 4529 804 4640 susceptionis
819 4528 974 4612 ordinis
990 4525 1112 4610 sacri.
1131 4569 1151 4587 ·
1168 4523 1225 4634 (c)
1242 4523 1331 4606 Per
