3356 5118
534 365 634 410 ursan
655 367 688 410 v.
713 383 757 392 —-
780 366 921 414 mrucus
944 367 1060 412 xxxrx.
1322 347 1388 414 377

214 503 348 606 potest
379 492 592 573 absolvere
607 518 650 572 a
679 493 860 603 qualibet
880 519 1071 594 censura,
1096 493 1152 574 ita
1172 499 1310 575 tamen
1342 510 1388 574 ut

213 633 247 712 si
281 629 469 709 infirmus
500 626 674 708 evaserit
695 618 939 734 periculum,
965 633 1153 716 teneatur
1173 653 1218 706 se
1235 627 1386 708 sistere

212 763 396 873 legitimo
428 759 647 870 superiori,
681 759 799 868 eique
830 787 874 841 se
895 761 1153 843 submittere.
1184 759 1387 842 Videatur

212 897 450 982 constitutio
481 895 743 1006 Apostolicac
771 893 905 996 Sedis,
949 921 1055 1004 quae
1096 895 1250 1003 aliquid
1293 897 1386 975 novi

212 1032 450 1114 secumtulit
482 1031 559 1112 hac
591 1031 633 1110 in
664 1056 722 1128 re.

303 1169 458 1248 Verum
476 1191 558 1274 qua
581 1164 726 1265 forma,
752 1190 833 1271 quo
850 1164 947 1266 ritu,
973 1173 1012 1246 et
1028 1165 1180 1272 quibus
1195 1167 1275 1247 sub
1293 1192 1389 1246 con-

206 1303 440 1396 ditionibus
462 1301 562 1382 haec
598 1299 803 1382 absolutio
838 1307 900 1381 est
935 1301 1215 1382 concedendal
1253 1304 1386 1380 Ante-

213 1463 338 1547 quam
370 1435 467 1516 huic
499 1435 625 1516 dubio
656 1434 728 1515 fiat
768 1433 883 1532 satis,
913 1435 1268 1542 ,praemittendum
1309 1443 1384 1531 est,

215 1593 413 1650 censuras
444 1568 688 1674 regulariter
716 1594 797 1648 non
827 1567 927 1668 tolli,
962 1567 1040 1647 nisi
1071 1591 1145 1675 per
1165 1566 1390 1648 absolutio·

214 1728 323 1803 nem,
362 1727 438 1781 ceu
470 1709 630 1782 constat
661 1728 714 1782 ex
745 1701 1021 1809 propositione
1043 1702 1316 1782 aldomnus
1338 1703 1389 1781 ab

213 1837 454 1920 Alexandro
476 1835 562 1916 Vll.
588 1836 678 1916 Hoc
699 1835 831 1916 obiter
856 1835 1143 1915 animadverso
1171 1835 1389 1943 responde-

216 2000 328 2075 mus,
362 1972 413 2052 ad
447 1969 718 2051 absolutionis
740 1969 920 2049 valorem
953 1969 1110 2048 nullam
1143 1969 1318 2049 sormam
1349 1968 1389 2048 in

210 2107 302 2213 jure
336 2104 629 2214 praescriptam
662 2129 768 2203 esse,
801 2103 872 2184 sed
904 2103 1106 2202 sufficere,
1136 2109 1179 2182 ut
1199 2102 1390 2182 voluntas

215 2237 452 2320 absolvendi
476 2237 723 2337 declaretur,
747 2237 807 2318 uti
831 2236 865 2316 si
897 2237 1113 2317 diceretur:
1139 2235 1227 2342 Ego
1249 2242 1286 2316 te
1319 2235 1391 2330 ab·

213 2372 328 2454 solvo
355 2399 381 2451 a
412 2369 574 2452 vinculo
597 2369 1053 2467 excommunicationis,
1087 2368 1386 2476 suspensionis,

97 2522 98 2525 ‘
214 2515 254 2588 et
284 2505 513 2606 interdicti3
547 2513 587 2586 et
609 2511 742 2612 potest
762 2503 867 2605 fieri,
893 2513 964 2585 aut
986 2503 1136 2602 verbis,
1166 2512 1238 2584 aut
1261 2505 1388 2610 scrip-

214 2639 282 2737 tis,
306 2640 439 2745 prouti
463 2640 718 2720 consuetudo
740 2639 831 2721 erit.
858 2639 980 2720 Ritus
1003 2646 1140 2720 autem
1162 2637 1391 2719 servandus

214 2773 256 2852 in
289 2770 546 2852 absolutione
573 2771 759 2877 judiciali
792 2800 816 2853 a
846 2798 1022 2854 censura
1057 2773 1393 2855 excommunica-

216 2907 338 2988 tionis
381 2904 675 3012 praescribitur
711 2904 753 2984 in
788 2907 892 3016 Cup.
928 2908 968 2988 A
996 2907 1110 2988 nobis
1140 2911 1217 2991 28.
1252 2907 1294 2987 h.
1339 2914 1387 3005 t.‚

214 3047 255 3122 et
284 3037 460 3119 habetur
492 3037 532 3118 in
556 3037 785 3118 Pontificali
810 3035 1025 3119 Romano:
1051 3037 1221 3118 omissio
1252 3044 1389 3117 tamen

215 3171 326 3254 illius
351 3198 431 3252 non
453 3170 587 3251 reddit
617 3170 838 3252 invalidam
872 3170 1190 3270 absolutionem,
1209 3197 1285 3251 ceu
1303 3196 1392 3252 orn-

214 3333 288 3389 nes
320 3307 514 3388 latentur.
550 3305 815 3388 Conditiones
846 3333 942 3388 vero
979 3305 1084 3388 aliae
1125 3306 1392 3414 requiruntur

213 3443 265 3524 eri
298 3451 412 3550 parte
456 3441 713 3544 absolventis,
758 3440 861 3522 aliae
897 3469 948 3524 ex
985 3451 1100 3551 parte
1139 3439 1387 3524 absoloendi.

213 3576 278 3656 Ex
309 3583 422 3682 parte
455 3575 699 3656 absolventis
727 3575 947 3684 requiritur
974 3580 1030 3656 l.⁰
1052 3582 1232 3684 potestas
1254 3573 1391 3655 absol-

215 3709 351 3807 vendi,
375 3708 474 3816 quia
495 3709 583 3790 sine
613 3708 691 3791 hac
713 3709 827 3790 nulla
858 3719 920 3792 est
941 3709 1161 3794 absolutio.
1188 3711 1250 3791 2?
1271 3707 1390 3788 Libe-

215 3835 298 3923 rtas
329 3869 354 3922 a
384 3843 608 3942 coactione,
642 3853 682 3924 et
721 3851 853 3944 metu;
888 3870 985 3927 nam
1020 3852 1174 3944 coacte,
1209 3851 1248 3923 et
1277 3850 1390 3922 metu

215 3976 321 4056 facta
351 3975 531 4058 invalida
562 3985 625 4058 est
647 3978 698 4058 ad
721 3976 929 4059 tramitem
966 3971 1069 4088 Cap.
1096 3977 1204 4060 unic.
1230 3973 1280 4056 dc
1310 3973 1388 4074 bis,

214 4111 284 4218 qui
314 4115 368 4202 oi,
403 4117 440 4191 et
471 4120 563 4192 met.
599 4137 711 4193 caus.
746 4113 809 4192 Ex
843 4120 956 4220 parte
989 4119 1127 4192 autem
1159 4108 1392 4190 absoluendi

215 4241 457 4350 regulariter
486 4244 708 4352 requiritur
731 4247 786 4326 l.⁰
803 4244 1076 4326 absolutionis
1098 4241 1265 4351 petitio;
1295 4269 1390 4324 cum
1499 4335 1502 4340 .

217 4377 320 4458 enim
338 4401 514 4459 censura
532 4377 723 4488 imposita
740 4379 793 4460 sit
810 4379 861 4460 ad
879 4377 1152 4487 delinquentis
1174 4375 1392 4459 correctio·
1414 4371 1416 4374 ’
