3136 5138
304 377 364 438 120
584 361 876 438 rsuuuuoironns
898 386 992 436 runis
1016 382 1184 438 cunouror

303 519 442 627 opinio
474 517 619 598 deinde
649 517 798 624 rejecta
829 515 905 598 fuit
935 517 986 596 ab
1016 516 1253 597 Alexandro
1273 517 1321 598 lll
1341 525 1380 597 et
1399 519 1458 596 ln-

305 653 493 734 noccntio
512 651 576 733 Ill.
600 651 684 730 Alii
708 651 953 732 recentiores
974 649 1221 730 Canonistae
1241 677 1337 730 cum
1358 643 1474 728 Wa·'

303 786 483 892 gnereclt
514 797 553 866 ct
583 785 770 866 Schmier
810 786 920 893 apud
950 784 1325 892 ‚Schmalzgrucber
1355 784 1395 864 b.
1428 794 1454 862 t.

302 947 413 1000 num.
439 922 508 1016 25,
545 917 651 998 banc
681 919 978 1027 oppositionem
1000 918 1060 998 sic
1081 917 1298 999 conciliare
1327 917 1460 998 nitun-

301 1061 385 1151 tur,
423 1061 469 1132 ut
508 1051 578 1131 illa
613 1051 769 1158 judicia
807 1051 1177 1132 Praedeccssorum
1218 1049 1458 1130 Pontificum

302 1195 447 1268 vocent
463 1186 619 1294 judicia
638 1185 915 1286 oeconomica,
940 1194 1144 1293 quatenus
1167 1184 1221 1264 illi
1244 1185 1457 1266 Pontifices

303 1323 345 1400 in
361 1347 564 1401 concursu
586 1321 762 1401 duorum
783 1320 1083 1428 conjugiorum,
1108 1318 1288 1399 resoluto
1311 1319 1360 1400 de
1380 1317 1460 1426 ple·

302 1453 485 1534 nitudine
517 1453 729 1560 potestatis
759 1453 891 1561 primo
913 1452 1172 1534 matrimonio
1193 1460 1354 1533 tantum
1376 1459 1459 1532 rato

301 1586 478 1666 alterum
509 1595 843 1668 consummatum
873 1595 1067 1667 sanarent
1097 1586 1139 1665 in
1169 1586 1322 1686 radice,
1347 1592 1387 1666 et
1404 1585 1460 1664 sic

303 1719 608 1827 praeferebatur
638 1721 679 1800 in
720 1721 826 1802 lacto
866 1722 1095 1840 secundum
1131 1727 1459 1802 consummatum

301 1853 543 1960 conjugium
574 1854 703 1962 primo
736 1863 824 1936 ttan
827 1880 896 1934 um
928 1862 1031 1935 rato
1072 1855 1229 1933 Verum
1269 1852 1365 1934 talis
1395 1879 1462 1933 ex-

303 1985 467 2092 plicatio
498 2013 579 2067 non
610 1997 679 2094 pot
681 1986 947 2068 cstadmitti.
987 1986 1316 2068 Praescindendo
1357 1987 1460 2068 enim

301 2119 355 2199 ab
386 2147 435 2201 ea
465 2121 834 2222 animadversione,
867 2121 977 2230 quod
1008 2121 1049 2200 in
1080 2147 1180 2202 casu
1210 2147 1293 2202 non
1335 2119 1459 2230 possit

250 2319 253 2326 Α
300 2254 390 2333 dari
421 2236 583 2335 satiatio
616 2257 658 2334 in
689 2256 842 2355 radice,
867 2265 913 2337 ut
942 2257 1148 2336 contendit
1177 2254 1350 2362 Pirhing
1371 2256 1411 2336 h.
1430 2263 1456 2334 t.

301 2415 412 2466 num.
449 2389 490 2486 6,
525 2389 872 2496 quemadmodum
903 2387 1044 2496 nequit
1074 2389 1264 2468 Pontifex
1291 2389 1460 2470 conde're

303 2521 450 2625 legem,
485 2529 531 2602 ut
561 2522 869 2604 matrimonium
899 2529 1034 2603 ratum
1070 2531 1110 2604 ot
1149 2548 1230 2603 non
1271 2546 1461 2602 eonsum—

304 2665 462 2734 matum
493 2655 711 2736 dirimatur
745 2683 816 2764 per
855 2656 1114 2764 subsequens
1153 2655 1458 2736 matrimonium

300 2790 455 2870 carnali
486 2791 634 2898 copula
664 2799 1011 2892 consummatum,
1047 2790 1289 2888 auctoritate
1319 2787 1463 2870 dissol-

302 2923 421 3002 vendi
453 2924 762 3004 matrimonium
793 2931 944 3025 ratum,
963 2931 1123 3032 praeter
1142 2948 1286 3004 casum
1308 2922 1458 3030 profes-

299 3055 431 3136 sionis
461 3056 677 3163 religiosae
707 3057 749 3138 in
775 3058 867 3164 jure
898 3057 1233 3164 contemplatum,
1266 3081 1351 3136 non
1378 3061 1462 3136 nte·

303 3191 453 3271 bantur
482 3191 716 3291 Pontifices
751 3203 796 3272 ut
826 3191 922 3273 alibi
938 3191 1077 3272 vfusius
1098 3189 1456 3272 demonstrabitur.

301 3323 448 3405 Restat
477 3351 574 3432 ergo
605 3325 750 3406 tertius
781 3327 928 3406 modus
958 3324 1256 3432 explicationis
1290 3323 1361 3431 qui
1377 3347 1462 3402 ma·

304 3457 414 3537 xime
444 3457 590 3538 rationi
622 3484 854 3566 congruens
891 3453 993 3538 inihi
1032 3465 1215 3566 apparet,
1248 3464 1371 3538 etex
1402 3453 1460 3532 hi-

299 3589 464 3670 storicis
503 3591 781 3672 monumentis
815 3591 999 3698 juvatur.
1042 3590 1227 3673 Ecclesia
1272 3588 1460 3668 Romana

300 3721 409 3802 enim
442 3748 605 3936 semper
633 3724 764 3804 tenuit
793 3723 1099 3805 matrimonium
1139 3723 1228 3804 solo
1259 3747 1459 3803 consensu

302 3855 553 3963 perfici‚ut
591 3865 751 3938 constat
791 3883 844 3936 ex
883 3859 1001 3966 Epist
985 3858 1069 3939 tola
1107 3859 1300 3939 Innocent
1302 3855 1367 3936 iil
1411 3855 1460 3935 ad

299 3988 579 4097 Exsuperium
611 3989 881 4090 Tolosanum
914 4017 965 4071 ex
995 3991 1180 4098 Epistola
1205 3993 1284 4071 129
1311 3986 1460 4070 Leonis

299 4124 458 4229 Magni,
483 4151 534 4204 ex
555 4125 740 4232 Epistola
769 4123 903 4206 Sirioii
937 4126 989 4206 ad
1009 4125 1242 4206 Himerium
1262 4125 1461 4206 Tarraco·
1512 4229 1513 4232 p

299 4282 484 4357 nensem,
518 4264 558 4337 et
588 4283 641 4337 ex
670 4255 886 4366 Responso
916 4257 957 4337 3⁰
987 4255 1146 4338 Nicolai
1167 4259 1183 4337 I
1204 4257 1255 4339 ad
1277 4253 1461 4365 quaesite

297 4390 589 4497 Bulgarorum,
615 4392 718 4472 adeo
740 4402 785 4474 ut
811 4393 903 4499 jure
934 4392 1111 4498 potueri-t
1129 4391 1392 4473 Innocentius
1411 4385 1460 4468 lll
