3136 5138
472 435 580 488 crena
603 435 648 485 rv.
673 453 693 467 ·
716 434 854 484 rrrunus
877 433 924 481 vr.
1224 417 1287 482 159

109 564 358 672 simpliciter
395 573 547 665 ratum,
592 573 714 672 prout
754 565 973 646 edocemur
1013 589 1063 642 ex
1109 563 1282 642 Consta.

110 705 304 782 Eoetrac.
328 727 396 780 un.
420 699 593 780 Joonais
613 700 744 780 XXII
770 699 818 778 dc
849 705 952 778 coto.
978 696 1083 776 Cum
1114 722 1211 776 vero
1243 696 1282 776 id
1315 709 1317 714 ’

111 863 198 918 non
230 833 444 941 proveniat
474 859 524 913 ex
559 843 707 914 natura
746 833 836 940 ipsa
865 830 1031 913 Ordinis
1063 829 1178 908 Sacri
1214 840 1285 910 aut

111 997 167 1050 ex
199 967 397 1048 mandato
426 967 580 1068 divino,
605 969 714 1075 quod
746 966 933 1070 pluribus
963 966 1284 1064 demonstratur,

112 1113 153 1184 et
175 1100 398 1210 praecipue
424 1127 474 1180 ex
494 1125 541 1180 eo
564 1102 671 1207 quod
693 1099 878 1181 Ecclesia
898 1099 939 1179 in
960 1097 1038 1179 boc
1059 1096 1284 1206 dispensat,

113 1258 264 1313 rerum
282 1234 566 1314 tantummodo
583 1259 635 1313 ex
655 1233 744 1341 lege
765 1231 1057 1332 ecclesiastica;
1076 1231 1288 1338 disputant

116 1363 322 1444 Doctores
352 1364 456 1446 inter
475 1392 532 1464 se,
558 1392 640 1474 quo
670 1366 849 1473 primum
877 1373 1062 1471 tempore
1095 1362 1134 1443 id
1167 1363 1288 1444 luerit

114 1497 406 1578 constitutum.
431 1498 658 1606 Perpetuae
679 1497 952 1580 continentiae
973 1497 1203 1577 custodiam
1225 1496 1290 1576 di-

114 1631 228 1710 vinis
258 1657 471 1712 sacrorum
502 1633 823 1713 ministeriorum
849 1629 1178 1711 institutionibus
1199 1655 1289 1708 ma-

117 1765 236 1842 xime
273 1774 589 1847 consentaneam
635 1767 678 1845 in
723 1765 907 1846 Ecclesia
945 1765 1093 1846 Latina
1134 1765 1289 1873 jugiter
1393 1837 1396 1842 .

121 1895 252 1975 fuisse
281 1905 486 1978 servatam
517 1899 569 1978 ab
598 1899 828 2006 Episcopis,
853 1898 1102 2006 presbyteris
1132 1905 1171 1979 et
1201 1899 1289 1978 dia-

117 2031 253 2132 conis,
288 2039 445 2112 utnon
477 2033 597 2113 modo
628 2059 653 2112 a
683 2033 886 2140 conjugiis
917 2031 1062 2113 deinde
1097 2031 1289 2112 ineundis

118 2163 389 2265 abstinerent,
421 2167 493 2246 sed
525 2173 564 2245 et
591 2190 619 2244 a
649 2173 950 2246 contractorum
982 2192 1062 2246 usu
1098 2163 1290 2273 prohibe-

117 2305 266 2376 rentur
296 2297 526 2378 indubitata
545 2325 610 2377 res
632 2305 708 2378 est.
732 2297 784 2378 Et
805 2299 999 2404 quoniam
1021 2324 1102 2378 non
1129 2305 1289 2378 constat

117 2455 201 2536 quo
235 2429 414 2536 primum
444 2439 625 2536 tempore
656 2455 834 2511 canones
865 2431 915 2511 ad
939 2430 1044 2510 hanc
1074 2455 1160 2508 rem
1192 2456 1291 2509 con-

116 2563 194 2643 diti
213 2563 378 2661 fuerint,
400 2572 440 2645 et
456 2590 559 2642 usus
580 2563 816 2664 latinorum,
836 2564 919 2644 imo
940 2571 980 2644 et
1001 2563 1288 2643 universarum

115 2697 390 2778 ecclesiarum
421 2697 734 2779 occidentalium
770 2699 864 2779 talis
905 2707 1089 2806 apparet,
1124 2707 1169 2779 ut
1200 2699 1290 2806 ejus

118 2831 228 2910 initii
256 2830 371 2910 nulla
391 2838 501 2911 extet
521 2831 735 2930 memoria,
760 2831 877 2914 facile
898 2832 1169 2934 concluditur,
1193 2859 1290 2914 eum

117 2967 175 3045 ab
206 2965 299 3071 ipsa
328 2964 554 3070 apostolica
583 2968 728 3064 aetate,
761 2975 833 3047 aut
863 2967 914 3047 ad
945 2967 1036 3074 ipsa
1066 2967 1291 3074 apostolica

113 3109 308 3207 tempora
327 3099 445 3180 valde
467 3101 653 3207 proxime
670 3100 910 3200 invaluisse;
930 3100 1169 3207 praesertim
1192 3125 1287 3180 cum

115 3243 159 3312 et
191 3233 486 3339 Apostolorum
517 3233 634 3341 praxi
666 3233 865 3316 firmetur.
901 3235 1020 3314 Hanc
1050 3260 1137 3312 rem
1173 3234 1289 3313 docte

113 3373 343 3474 pertractat
373 3367 580 3447 Berardus
606 3368 666 3448 De
689 3367 983 3475 Conjugiornm
1009 3365 1176 3472 juribus
1206 3367 1291 3447 dis-

111 3500 342 3578 sertatione
372 3501 441 3580 IV
468 3527 557 3610 cop.
598 3503 648 3581 V.
683 3501 801 3580 Hanc
842 3500 972 3606 legem
1012 3499 1286 3581 continentiae

112 3631 256 3711 fuisse
279 3633 515 3714 aRomana
544 3633 728 3714 Ecclesia
758 3632 1023 3714 subdiaconis
1054 3631 1290 3740 impositam

111 3773 284 3847 constat
299 3793 348 3846 ex
363 3794 454 3846 cun.
481 3771 497 3846 l
519 3767 697 3847 distinct.
718 3769 789 3867 28,
810 3793 861 3847 ox
879 3793 969 3846 con.
995 3769 1011 3844 l
1034 3765 1215 3846 distinet.
1238 3769 1287 3846 3l

110 3915 155 3980 et
190 3923 284 3978 eon.
319 3902 336 3978 l
372 3897 551 3980 distinet.
590 3903 659 4000 32,
693 3925 798 4008 quae
828 3902 963 3980 serius
995 3899 1046 3978 ad
1078 3898 1181 3978 alias
1212 3899 1293 3979 Ec·

108 4031 272 4111 clesias
292 4032 481 4114 traducta
501 4042 578 4134 est,
597 4059 744 4142 nempe
760 4033 925 4115 saeculo
941 4041 1059 4112 sexto
1082 4031 1123 4112 in
1140 4031 1294 4140 Hispa-

109 4165 236 4245 niam
258 4190 349 4246 ccn.
377 4170 401 4245 5
423 4166 518 4246 dist.
546 4167 614 4266 37,
639 4167 804 4248 saeculo
835 4165 1010 4274 septimo
1041 4165 1083 4246 in
1109 4165 1293 4249 Siciliam

109 4329 214 4379 εαη.
248 4302 264 4378 l
295 4299 391 4380 dist.
429 4303 477 4379 31
514 4307 554 4380 et
584 4327 674 4379 can.
710 4300 863 4388 aaut.
900 4301 969 4398 32,
1004 4313 1044 4380 at
1073 4297 1288 4406 paullatim

89 4435 159 4514 'in
193 4433 303 4514 alias
333 4433 581 4540 provincias
606 4433 735 4542 donec
764 4432 931 4512 tandem
958 4429 1112 4511 factum
1142 4438 1218 4526 ast,
1246 4441 1293 4509 ut
