3356 5118
510 464 609 510 uranu
631 465 661 508 v.
688 481 730 492 ·-
755 463 894 510 r1ruuus
916 465 1029 510 xxx1x.
1300 445 1365 513 365

190 600 312 700 atque
344 589 401 671 ita
431 615 563 698 capax
597 589 831 698 possidendi
869 589 939 696 jus
971 591 1208 698 spirituale:
1243 618 1365 674 secus

191 724 456 835 praescriptio
474 751 554 805 non
572 723 807 831 procederet
825 751 875 804 ex
895 723 1039 830 regula
1059 727 1104 806 3·
1113 725 1231 830 juris
1254 729 1294 808 in
1317 732 1360 808 6.

277 860 357 941 Sed
389 859 486 966 quid
518 859 733 940 dicendum
758 859 807 938 de
829 857 950 957 laico,
975 865 1014 937 et
1036 857 1240 938 foemina?
1263 859 1367 940 Pos-

189 1003 287 1077 sunt
318 1021 368 1076 ne
399 993 612 1101 acquirere
636 991 882 1099 hujusmodi
915 995 1185 1100 potestatem?
1218 993 1365 1086 Quoad

189 1127 357 1228 laicum,
382 1126 565 1234 exceptis
588 1127 746 1234 paucis
771 1152 915 1206 omnes
941 1125 1190 1206 conveniunt
1210 1151 1262 1206 ex
1284 1125 1367 1234 pri-

191 1260 339 1368 vilegio
370 1261 606 1368 Apostolico
637 1259 790 1341 laicum
822 1258 1024 1341 habilitari
1065 1285 1186 1368 posse
1217 1260 1267 1340 ad
1300 1259 1363 1338 f-

191 1395 338 1475 rendas
369 1421 582 1495 censuras,
627 1395 725 1502 quia
765 1395 852 1502 ipse
883 1422 934 1475 ex
964 1393 1201 1502 Apostolico
1234 1393 1363 1500 privi-

191 1528 297 1636 legio
315 1527 464 1608 habilis
480 1527 566 1608 lieri
585 1535 719 1636 potest
736 1529 786 1609 ad
799 1528 911 1636 jura,
931 1535 971 1608 et
990 1535 1108 1609 actus
1128 1526 1366 1636 spirituales

193 1688 218 1740 a
238 1667 436 1770 potestate
468 1662 623 1744 ordinis
655 1689 736 1744 non
769 1664 1002 1772 pendentes
1030 1671 1075 1744 ut
1096 1661 1146 1743 ad
1174 1687 1367 1770 praesen-

192 1795 380 1894 tandum,
414 1795 702 1902 eligendumve
733 1795 783 1877 ad
815 1795 1029 1896 beneficia,
1050 1796 1101 1876 ad
1119 1794 1366 1901 judicandas

190 1955 342 2010 causas
373 1927 624 2038 spiritualeS,
650 1929 899 2038 clericosque
921 1928 1219 2011 examinandos
1245 1929 1367 2036 juxta

191 2062 478 2143 Tridentinum
510 2089 605 2144 sess.
650 2067 730 2156 24,
778 2065 882 2175 Cap.
922 2068 995 2156 18,
1039 2062 1089 2144 de
1128 2064 1362 2171 Reformat.

192 2197 337 2290 Quoad
371 2197 591 2278 foeminam
633 2223 729 2278 vero
770 2198 960 2278 Maschat
1000 2197 1089 2278 hoc.
1135 2199 1197 2278 tit.
1238 2204 1364 2296 tenet,

191 2333 299 2440 quod
331 2331 422 2440 ipsa
451 2357 502 2411 ne
533 2358 582 2411 ex
604 2327 817 2438 privilegio
840 2329 1266 2439 quidemApostolico
1293 2330 1367 2411 ha-

190 2466 341 2548 bilitari
383 2465 528 2574 possit,
572 2463 670 2574 quia
710 2463 900 2545 Christus
940 2463 1145 2547 Dominus
1187 2463 1229 2544 in
1265 2491 1366 2546 suos

190 2597 441 2707 Discipulos
474 2605 514 2680 et
544 2597 767 2706 Apostolos
807 2597 930 2705 elegit
962 2623 1113 2691 mares,
1154 2623 1234 2677 non
1269 2623 1364 2677 voro

193 2731 408 2830 foeminas
433 2731 595 2838 illisque
617 2733 727 2812 dedit
749 2739 993 2838 potestatem
1010 2731 1206 2831 clavium,
1226 2731 1368 2813 exclu-

190 2863 250 2944 sis
282 2862 485 2964 foeminiS,
519 2864 578 2944 uti
611 2864 728 2944 docet
753 2865 843 2946 Inn.
869 2867 939 2946 III
956 2868 1073 2980 Cap.
1101 2871 1159 2948 10
1191 2865 1241 2946 de
1260 2865 1368 2947 Poe·

191 3001 266 3080 nit.
302 3007 340 3078 et
370 2999 528 3078 remiss.
564 2995 827 3103 inquiens-
847 2999 956 3089 Quia
989 2999 1080 3080 lieet
1111 3001 1367 3081 Beatissimo

197 3129 324 3238 Virqo
345 3131 493 3211 Morio
515 3127 695 3238 deputor,
719 3137 756 3210 ct
778 3129 979 3212 eoecelsior
998 3132 1137 3238 fuerit
1160 3131 1367 3240 Apostolis

90 3327 94 3336 .
191 3265 406 3366 uniuersis,
439 3271 684 3344 nontamen
716 3264 795 3365 illi,
838 3265 910 3345 sed
951 3268 1038 3346 istis
1071 3265 1204 3345 clares
1234 3265 1368 3373 Requi

196 3397 411 3479 Coelorurn
423 3401 636 3480 commisit.
652 3397 1023 3504 Schmalzgruebcr
1045 3405 1185 3479 autern
1202 3396 1243 3477 h.
1260 3405 1289 3477 t.
1311 3397 1368 3476 ait

193 3532 449 3640 probabilius
491 3559 597 3634 esse,
632 3533 741 3641 quod
782 3533 898 3640 Papa
927 3558 981 3613 ex
1017 3531 1268 3646 plenitudine
1300 3531 1368 3638 ju·

193 3664 442 3782 risdiotionis
487 3693 589 3748 suae
639 3667 769 3775 possit
809 3664 1026 3748 habilitare
1073 3665 1275 3746 foeminas
1315 3666 1366 3746 ad

194 3801 380 3881 terendas
402 3827 616 3901 censuras
652 3800 749 3910 quia
780 3800 958 3882 foemina
987 3800 1081 3907 jure
1113 3799 1262 3881 Divino
1285 3826 1366 3881 non

193 3913 464 4014 videturesse
489 3934 661 4043 incapax
687 3933 985 4042 jurisdictionis
1006 3933 1246 4040 spiritualis.

279 4066 464 4148 Censura
496 4068 589 4149 ferri
607 4076 739 4178 potest
757 4076 918 4151 tantum
942 4067 1211 4148 inhominem
1235 4066 1370 4174 bapti·
1422 4089 1427 4102 ·

192 4209 347 4302 zatum,
363 4203 449 4284 sive
461 4203 670 4304 clericum,
685 4203 772 4284 sivo
784 4203 935 4283 laicum
952 4201 1139 4302 rationiS,
1154 4199 1283 4282 etdoli
1301 4225 1368 4281 ca·

193 4363 351 4444 pacem,
374 4339 589 4438 viatorem,
616 4345 656 4418 et
675 4337 902 4434 subditum,
924 4362 972 4418 ac
992 4336 1224 4444 subjectum
1242 4333 1369 4444 juris-

193 4469 362 4551 dictioni
397 4470 564 4552 ferentis
595 4489 807 4570 censuras,
841 4469 912 4550 sed
945 4477 1244 4568 contumacem,
1272 4467 1369 4575 quia
