3360 5126
330 357 399 425 308
629 353 897 428 rnunnscrmuss'
923 379 1015 426 rums
1037 378 1196 424 canorum

329 514 394 585 cet
415 512 551 584 aetum
576 503 755 604 Ordinis,
783 515 905 614 prout
925 507 1158 612 contingere
1181 515 1326 611 potest,
1352 505 1386 584 si
1410 507 1507 612 quis
1635 513 1645 598 r

328 641 383 721 ob
420 639 611 721 delictum
655 642 860 722 occultum
899 639 1282 722 excommunicatus
1322 638 1506 720 existens
1639 619 1647 674 '²

331 772 701 854 manifestationem
735 773 886 872 delicti,
920 774 1094 881 indeque
1121 772 1332 852 infamiam
1355 773 1418 853 sui
1443 772 1507 852 in·
1639 781 1658 864 l.

329 907 512 1008 duceret,
546 907 580 987 si
615 915 752 988 actum
785 909 962 1015 aliquem
985 907 1152 988 Ordinis
1178 897 1364 988 exercere
1384 907 1508 988 omit·
1643 913 1645 918 ’

329 1048 445 1121 teret.
483 1041 544 1120 4⁰
575 1041 769 1148 Sequitur
799 1069 874 1123 nec
906 1043 1021 1122 illum
1053 1041 1340 1148 irregularitati
1364 1041 1508 1148 subja-

329 1201 436 1274 cere,
472 1174 539 1282 qui
573 1173 614 1254 in
651 1177 834 1258 Censura
866 1177 1047 1257 existens
1068 1181 1230 1256 exercet
1251 1174 1418 1256 Ordinis
1438 1201 1508 1264 aa·

332 1317 418 1388 tum
450 1334 566 1409 casu,
591 1336 671 1418 quo
688 1311 895 1391 'sententia
930 1312 1135 1392 Censurae
1166 1319 1309 1392 contra
1334 1338 1379 1390 se
1400 1310 1509 1391 latae

333 1443 542 1525 evidenter
571 1455 632 1525 est
665 1445 791 1528 nulla.
827 1444 949 1526 Ratio
980 1456 1055 1546 est,
1090 1445 1187 1553 quia
1221 1445 1509 1526 universaliter

332 1577 536 1684 loquendo
567 1606 647 1658 non
678 1577 789 1658 debet
821 1580 855 1658 is
883 1604 1056 1688 poenam
1092 1579 1342 1659 Canonicum
1362 1579 1509 1660 substi-

329 1737 440 1809 nere,
479 1713 520 1791 in
551 1713 665 1818 erq'us
696 1711 1000 1794 damnationem
1019 1721 1177 1792 nonest
1203 1714 1411 1794 Canoniaa
1428 1739 1508 1822 pro

336 1845 423 1924 tuta
453 1850 664 1927 sententia.
700 1846 752 1926 Et
782 1845 890 1926 sicut
933 1846 1168 1952 hujusmodi
1202 1845 1313 1926 nulla
1346 1855 1510 1926 senten·

333 1979 390 2058 tia
420 1987 531 2058 caret
551 1979 668 2086 juris
699 1981 858 2087 effectu,
888 1983 947 2060 sic
977 1982 1236 2074 auctoritate,
1275 1988 1313 2060 et
1350 1983 1509 2060 nominc

337 2117 399 2195 rei
429 2121 569 2195 eareat
587 2113 820 2221 judicatae,
854 2123 897 2195 ut
925 2143 995 2196 nec
1018 2117 1058 2196 in
1080 2117 1269 2226 opinione
1290 2117 1505 2206 communi,

334 2255 406 2328 aut
439 2249 549 2358 autqi
570 2247 692 2332 labiis
711 2276 853 2330 nornen
875 2249 1024 2331 trabere
1043 2258 1251 2330 mereatur
1270 2249 1506 2338 sententiae,

334 2389 380 2460 ut
412 2381 560 2462 dicitur
594 2385 720 2464 Clem.
754 2389 800 2477 2,
836 2389 861 2487 ἓ
900 2388 952 2467 Ut
984 2388 1109 2492 igitur
1135 2383 1184 2465 de
1204 2384 1381 2465 Sentent.
1407 2391 1445 2462 et
1465 2407 1510 2462 rc

322 2513 483 2621 judic,
517 2516 582 2597 cui
615 2518 835 2599 concordat
866 2519 935 2597 leur
964 2519 1013 2599 Si
1040 2545 1082 2597 se
1114 2521 1158 2610 4,
1194 2523 1219 2621 ἕ
1256 2515 1510 2598 Condemna-

337 2659 421 2731 tanr
444 2652 501 2757 ff.
537 2651 586 2732 de
618 2679 661 2731 re
679 2651 817 2757 judie.
853 2653 918 2732 Ita
948 2652 1218 2758 Reiffenstuel
1248 2651 1289 2731 h.
1324 2659 1354 2732 t.
1388 2677 1427 2728 n.
1458 2655 1506 2742 6,

335 2801 371 2862 et
403 2811 563 2890 sequen.
599 2785 794 2890 Sequitur
817 2791 876 2867 5.⁰
897 2812 976 2867 non
999 2785 1084 2866 fieri
1110 2785 1375 2893 irregularem
1394 2810 1507 2884 eum,

336 2917 405 3023 qui
440 2915 480 2995 in
512 2917 638 2997 dubio
669 2919 866 3022 existenS,
901 2945 952 3000 an
989 2922 1172 3001 Censura
1194 2919 1278 3000 lata
1298 2918 1367 3018 sit,
1393 2943 1511 2998 exer-

335 3058 400 3132 cet
430 3061 567 3132 actum
601 3052 785 3152 Ordinis,
820 3063 984 3162 peracta
1015 3055 1129 3162 prius
1159 3052 1376 3136 sufficienti
1405 3051 1508 3131 veri·

338 3187 434 3266 tatis
467 3187 744 3294 inquisitione.
779 3188 831 3268 Et
862 3189 965 3269 ratio
996 3195 1072 3287 est,
1107 3188 1203 3295 quia
1247 3187 1313 3267 hic
1357 3195 1512 3266 temere

337 3346 418 3400 non
450 3320 574 3401 violat
610 3323 850 3423 Censuram,
885 3322 977 3402 licet
1013 3321 1064 3402 ad
1105 3320 1309 3402 cautelam
1351 3317 1509 3399 absolvi

334 3455 482 3536 debeat
512 3455 561 3535 ad
595 3457 800 3536 tramitem
839 3457 943 3566 Cap.
978 3458 1007 3536 5
1039 3455 1080 3536 h.
1111 3461 1139 3535 t.
1165 3455 1221 3534 At
1250 3455 1284 3534 si
1319 3455 1357 3533 in
1382 3452 1511 3532 dubio

337 3589 493 3686 existit,
529 3615 580 3668 an
616 3590 799 3670 Censura
829 3589 882 3669 sit
913 3589 1064 3691 valida,
1089 3589 1150 3667 vel
1173 3588 1367 3690 invalida,
1391 3585 1514 3668 debet

339 3745 384 3798 se
416 3745 555 3825 gerere
586 3747 658 3830 pro
690 3735 922 3820 censu-rate,
958 3729 998 3802 et
1028 3723 1107 3802 sub
1140 3748 1271 3828 poena
1311 3721 1512 3828 irregula-

341 3853 472 3935 ritatis
490 3855 630 3962 nequit
646 3882 835 3938 exercere
853 3863 988 3936 actum
1007 3855 1188 3936 Ordinis.
1208 3857 1269 3936 Ita
1283 3881 1335 3935 ex
1356 3855 1460 3964 Cup.
1480 3854 1510 3933 5

338 3987 379 4070 ir.
415 3997 465 4088 t.,
499 4016 548 4070 ex
588 3991 690 4100 Cap.
730 3993 789 4070 40
821 3989 870 4070 de
900 3989 1059 4070 Senten.
1085 4015 1283 4070 aueomm.
1309 3990 1432 4095 ldque
1462 4011 1513 4067 ca

335 4123 385 4203 de
417 4149 560 4224 eausa,
594 4124 692 4231 quia
717 4123 920 4204 sententia
941 4121 1140 4221 PastoriS,
1166 4121 1252 4203 sive
1270 4123 1400 4230 justa,
1423 4120 1512 4200 sive

341 4253 496 4358 injusta
527 4257 649 4338 luerit
683 4265 745 4339 est
785 4257 980 4338 timenda.
1021 4259 1125 4336 Can.
1165 4261 1206 4350 l,
1239 4263 1405 4350 sentent.
1442 4255 1508 4346 11,
