3356 5118
325 331 394 396 340
627 353 898 398 rutnnncrrouas
920 353 1011 399 rums
1033 351 1193 396 carorum

328 489 478 560 natura
507 480 589 560 sint
620 482 835 589 injuriosa,
859 482 937 560 nisi
962 479 1154 587 injuriam
1176 477 1386 585 proferens
1409 505 1519 586 pro-

328 613 485 694 baverit
506 642 551 695 se
573 616 757 697 animum
781 615 1028 697 convitiandi
1053 642 1133 694 non
1146 613 1343 693 habuisse
1358 643 1369 714 ;
1383 641 1511 694 secus
1625 690 1630 701 .

330 758 476 830 contra
496 777 591 831 eum
615 779 782 860 semper
802 761 884 834 stat
904 749 1184 859 praesumptio
1200 747 1307 855 juris
1329 752 1397 830 cit.
1423 747 1503 857 lep.

329 884 380 966 st
410 913 489 966 non
524 892 706 985 concilii,
731 896 767 968 et
800 889 856 969 idi
888 889 1036 969 Glosso
1067 915 1103 966 c.
1138 885 1327 966 Probare
1340 893 1473 994 potes.

389 1022 482 1114 ,Ad
524 1021 762 1129 hujusmodi
805 1031 945 1102 autem
996 1020 1266 1128 reparandam
1312 1018 1507 1125 injuriam

330 1155 485 1262 duplex
517 1161 651 1237 oritur
681 1157 803 1258 acti0,
838 1157 970 1238 ciuilis
1003 1181 1164 1262 nempe,
1189 1163 1228 1234 et
1258 1153 1503 1234 criminalis.

329 1290 481 1398 Agitur
511 1292 703 1391 ciciliter,
736 1292 771 1371 si
805 1291 998 1399 iujuriam
1036 1317 1185 1398 passus
1206 1313 1413 1368 summam
1436 1312 1509 1394 pe·

327 1427 476 1508 cuniae
499 1429 597 1535 petit
613 1429 662 1508 ad
681 1428 886 1535 privatum
911 1425 1189 1522 commodum,
1208 1422 1508 1528 utilitatemque

329 1553 468 1641 suam:
501 1562 639 1668 agitur
675 1575 814 1643 autem
839 1562 1127 1658 criminaliter,
1152 1559 1186 1638 si
1209 1559 1424 1639 invocatur
1439 1555 1509 1663 ju-

328 1695 431 1774 dicis
462 1697 701 1776 Auctoritas
742 1697 793 1777 ad
825 1696 1033 1803 publicam
1076 1693 1315 1798 vindictam,
1349 1719 1424 1772 seu
1453 1691 1506 1769 ad

332 1829 584 1934 puniendum
618 1857 749 1910 reum.
785 1829 1022 1910 Notandum
1055 1837 1192 1909 tamen
1214 1827 1280 1908 hic
1302 1833 1378 1926 est,
1398 1825 1506 1933 quod

329 1989 414 2042 una
457 1961 523 2040 via
563 1962 706 2062 electa,
749 1963 905 2044 scilicet
941 1965 1070 2062 cicili,
1115 1963 1243 2042 altera
1284 1961 1390 2041 idest
1424 1963 1506 2042 cri-

328 2097 496 2179 minalis
528 2097 756 2204 perimitur,
781 2106 821 2179 et
841 2097 1065 2179 vioeversa.
1093 2097 1212 2190 Quod
1234 2103 1371 2176 tamen
1393 2093 1505 2174 haud

328 2233 562 2313 verificatur
582 2233 624 2312 in
646 2234 805 2314 actione
827 2235 877 2313 ad
901 2232 1168 2340 palinodiam,
1194 2256 1298 2338 quae
1320 2229 1505 2310 moribus

331 2364 484 2470 potina,
518 2374 557 2446 et
588 2367 901 2466 consuetudine,
936 2393 1059 2474 quam
1092 2366 1184 2473 jure
1205 2366 1358 2472 scripto
1382 2363 1505 2442 intro-

331 2499 456 2580 ducta
477 2499 553 2581 fuit
575 2527 647 2607 pro
669 2501 820 2607 injuria
840 2501 1015 2599 verbali,
1029 2509 1180 2608 utpote
1202 2498 1321 2580 falsa.
1346 2496 1504 2577 Dicitur

329 2641 473 2714 aulem
497 2634 602 2713 actio
625 2634 674 2714 ad
698 2633 962 2740 palinodiam,
988 2633 1076 2713 sive
1097 2631 1384 2732 recantatoria,
1408 2631 1505 2738 quia

330 2791 402 2871 per
441 2791 534 2844 eam
574 2767 741 2870 petitur,
779 2776 822 2847 ut
853 2766 1037 2875 injurans
1074 2767 1266 2874 injuriam
1298 2764 1503 2845 verbalem

333 2897 483 2976 salsam
503 2897 664 3005 publice
687 2900 895 3009 injudicio
919 2909 1095 3001 revocet,
1115 2911 1154 2982 et
1176 2907 1378 2982 recantet:
1399 2925 1503 3008 quae

331 3029 437 3112 actio
471 3035 743 3116 recantatoria
779 3063 872 3116 cum
895 3036 948 3117 sit
969 3061 1084 3116 mera
1104 3035 1320 3136 condictio,
1344 3061 1421 3115 seu
1442 3059 1505 3114 re·

328 3167 468 3273 petitio
498 3168 667 3250 honoris
689 3169 829 3270 ablati,
856 3171 946 3251 ideo
964 3199 1036 3279 per
1057 3197 1149 3251 eam
1167 3197 1249 3282 nou
1271 3169 1505 3251 excluditur

331 3299 412 3381 alia
442 3303 564 3406 actio,
599 3311 638 3384 et
659 3332 791 3412 poena
812 3305 1072 3413 injuriarum,
1096 3306 1204 3387 sicut
1226 3305 1264 3385 in
1287 3304 1412 3407 simili
1430 3329 1503 3411 pro

329 3433 454 3536 lurt0,
489 3437 595 3518 actio
628 3439 723 3520 furti
757 3440 808 3520 ad
841 3465 1014 3546 poenam
1047 3439 1279 3548 quadrupli,
1305 3449 1343 3519 et
1364 3439 1504 3520 condi·
1540 3541 1546 3556 Ι

327 3560 408 3641 otio
441 3561 593 3642 furtiva
623 3564 674 3643 ad
707 3565 1006 3646 restitutionem
1029 3566 1086 3646 rei
1110 3551 1269 3647 ablatae
1292 3563 1498 3672 competit.

329 3697 355 3796 ἕ
387 3695 461 3774 ult.
496 3697 629 3778 Iusta.
665 3698 714 3778 de
734 3700 892 3782 Fortis.

414 3829 492 3912 Hic
523 3839 660 3913 autem
690 3834 725 3912 si
757 3842 994 3941 quaeratur,
1020 3843 1119 3943 quot
1138 3837 1272 3917 modis
1304 3837 1410 3918 actio
1440 3835 1504 3914 in-

321 3963 528 4072 juriarum
561 3966 742 4067 tollatur,
777 3975 817 4049 et
837 3977 984 4068 cesset,
1010 3971 1246 4078 responderi
1271 3977 1415 4078 potest,
1442 3969 1502 4076 ip-

328 4125 416 4180 sam
450 4099 663 4208 multiplici
711 4103 834 4184 modo
873 4101 996 4204 finiri,
1046 4113 1085 4186 et
1129 4105 1314 4212 extingui
1361 4131 1497 4213 posse.

332 4234 389 4312 l.⁰
423 4233 590 4315 Scilicet
621 4235 779 4342 expirat
808 4235 1044 4344 hujusmodi
1078 4237 1184 4318 actio
1224 4243 1354 4318 morte
1394 4237 1503 4344 inju-

326 4361 483 4462 riantiS,
521 4367 582 4447 vel
616 4367 796 4474 injuriati
830 4379 923 4452 ante
955 4369 1068 4450 litem
1093 4379 1382 4453 contestatam:
1406 4397 1501 4452 cum
