3178 5134
423 403 599 458 11611111.
624 425 644 438 -
667 407 806 458 rrrnnus
828 405 875 456 xr.
1175 399 1236 462 all

84 531 165 611 tioni
193 531 393 613 adstiterit
424 559 496 640 per
525 541 833 642 procuratorem
863 560 915 614 ex
937 559 985 615 eo
1011 535 1228 644 principio,

86 666 174 773 quod
204 667 511 747 matrimonium
541 667 667 748 semel
708 676 846 751 actum
881 668 1138 750 retinendum
1169 681 1231 752 est

85 798 261 899 calidum,
296 801 525 908 usquedum
556 801 763 882 evidenter
791 828 873 882 non
905 803 1100 910 probetur
1139 831 1231 885 esso

86 929 304 1033 invalidum,
338 933 448 1014 etin
478 961 578 1015 casu
618 934 753 1042 posita
791 935 1079 1043 probabilitate
1120 937 1232 1018 illius

85 1067 289 1148 sententiae
324 1094 406 1148 non
446 1069 675 1150 ostenditur
714 1069 920 1150 evidenter
954 1096 1045 1150 esse
1087 1070 1233 1152 invali-

86 1195 180 1280 dum.
211 1245 232 1260 -
263 1200 324 1307 (d)
365 1201 491 1283 Addit
532 1201 599 1282 hio
639 1203 793 1284 Giraldi
835 1231 901 1313 op.
944 1205 1013 1284 611.
1051 1213 1167 1314 part.
1206 1209 1223 1284 l

83 1339 160 1411 sect.
192 1332 275 1411 712
307 1335 415 1441 quod
445 1334 635 1441 quamvis
664 1333 824 1415 numeri
846 1335 1099 1442 patrinorum
1122 1338 1231 1418 desi-

84 1465 324 1569 gnandorum
354 1469 552 1575 praefinio
584 1468 640 1549 ita
659 1468 802 1550 stricta
821 1468 887 1567 sit,
915 1477 960 1550 ut
979 1495 1110 1576 neque
1131 1470 1231 1578 Epi-

82 1622 213 1706 scopus
242 1601 481 1709 dispensare
510 1601 642 1710 possit
672 1629 797 1710 super
826 1602 1005 1710 plurium
1037 1603 1230 1710 designa-

17 1731 18 1734 ‘
83 1729 187 1833 tione,
219 1761 314 1814 cum
346 1761 397 1815 ex
420 1736 597 1842 vulgatis
619 1744 770 1816 attento
792 1735 1036 1844 transcripto
1057 1735 1232 1817 Triden-

85 1863 144 1944 tini
161 1865 329 1949 Decreto
350 1869 516 1950 inferior
531 1878 704 1977 nequeat
724 1870 962 1977 dispensare
984 1869 1025 1948 in
1046 1869 1136 1975 lage
1156 1897 1230 1952 su-

86 1999 233 2102 perioris
263 2011 304 2084 et
333 2003 390 2084 ita
419 2003 473 2084 sit
503 2004 754 2085 declaratum
781 2030 806 2084 a
832 2004 877 2085 S.
903 2002 1229 2110 Congregatione

83 2128 246 2234 Concilii,
280 2143 402 2243 prout
431 2137 553 2218 refert
582 2135 830 2217 Passerinus
850 2137 900 2216 de
920 2146 1077 2245 cogant.
1101 2137 1228 2248 spiri·

17 2337 18 2340 a
83 2266 168 2346 tuol.
200 2295 308 2348 num.
336 2271 360 2348 5
391 2269 638 2350 concludens
655 2269 776 2376 juxta
797 2269 1111 2376 probabiliorem
1134 2295 1230 2350 sen·

84 2399 231 2481 lentiam
261 2427 353 2480 esse
383 2409 596 2509 peccatum
632 2401 802 2482 mortale
843 2401 1055 2482 admittere
1086 2401 1225 2509 plures

17 2631 18 2640 Ν
81 2553 188 2634 quam
216 2535 337 2635 du0s;
369 2535 637 2625 nihilominus
666 2534 871 2643 siplures
902 2543 1044 2616 contra
1080 2535 1226 2616 Conci·

17 2679 18 2754 j
84 2660 168 2744 lium
184 2667 381 2774 designati
399 2678 438 2749 et
455 2669 625 2766 admissi
643 2669 793 2750 luerint
808 2697 833 2749 a
847 2669 1040 2776 parocho,
1060 2695 1226 2749 omnes·

83 2821 148 2902 qua
182 2802 305 2882 simul
345 2803 600 2910 susceperint
639 2810 679 2884 et
722 2802 974 2910 baptizatum
1021 2801 1230 2907 tetigerint

17 2961 18 2966 ¹
83 2935 161 3012 tuno
188 2959 330 3015 omnes
360 2936 644 3042 cognationem
680 2934 926 3016 contrahunt
955 2935 1077 3042 juxta
1106 2960 1224 3015 eum-

81 3059 158 3141 dem
186 3065 452 3147 Passerinum
476 3068 532 3146 1111
553 3096 662 3148 num.
688 3070 729 3167 6,
754 3075 851 3175 quia
871 3075 1090 3174 utrumque
1111 3092 1230 3174 prae-

83 3201 174 3279 stant
200 3199 385 3280 videlicet
415 3209 455 3282 et
486 3200 670 3280 animum
701 3200 967 3307 suscipiendi,
991 3207 1223 3280 attactum:

84 3332 407 3432 quemadmodum
448 3333 483 3411 si
524 3359 575 3412 ex
615 3332 864 3438 negligentia
904 3340 1120 3439 parentum
1164 3331 1223 3412 vel

84 3465 227 3564 parochi
258 3466 398 3547 nullus
430 3467 551 3547 fuerit
581 3467 835 3572 designatus
879 3475 919 3545 et
960 3465 1228 3546 nihilominus

84 3595 201 3699 plures
228 3601 425 3681 infantem
458 3601 506 3681 de
538 3600 647 3682 lonte
682 3600 951 3708 susceperint,
994 3598 1035 3679 hi
1076 3627 1229 3707 cogna-

82 3729 212 3813 tionem
251 3733 514 3834 eontrahunt,
557 3743 603 3815 ut
642 3735 788 3842 probat
828 3733 935 3814 idem
977 3733 1226 3814 Passerinus

81 3889 174 3944 crim.
207 3869 231 3948 7
262 3895 356 3949 curn
388 3867 590 3968 Navarra,
623 3868 809 3948 Barbosa
849 3867 1035 3974 aliisque.
1080 3865 1223 3974 Neque

79 3999 173 4080 urim
202 4001 429 4082 Concilium
463 4001 751 4082 Tridentinum
790 3999 935 4081 statuit
974 3999 1228 4105 designatio-

17 4169 19 4218 ;
82 4155 160 4212 uem
187 4143 397 4244 tamquam
429 4136 619 4236 formam,
653 4161 735 4242 qua
765 4135 974 4216 deficiente
1003 4134 1154 4214 factum
1175 4133 1229 4212 sit

17 4347 19 4350 ,
82 4261 235 4368 irritum,
271 4285 311 4350 et
343 4269 401 4350 ita
429 4295 520 4349 esse
561 4268 813 4368 declaratum
846 4293 870 4346 a
910 4268 954 4346 S.
995 4264 1229 4370 Congrege-

17 4459 18 4466 ,
81 4395 174 4480 lione
201 4401 369 4483 Concilii
401 4402 442 4482 in
479 4402 738 4482 Cremonensi
768 4401 874 4481 idem
898 4399 1143 4479 Passerinus
1164 4423 1231 4476 rc-
