3136 5138
725 1756 961 1838 TITULUS
992 1757 1045 1837 V.

377 2029 442 2108 De
472 2025 765 2108 conditionibus
796 2025 994 2134 oppositis
1026 2025 1069 2102 in
1099 2023 1404 2134 desponsatione

457 2175 465 2192 ’
613 2166 650 2238 et
682 2161 724 2238 in
755 2158 851 2237 otiis
881 2159 1162 2238 eontnootibns.

430 2557 486 2635 l.⁰
516 2555 666 2662 Agitur
699 2556 741 2634 in
779 2554 857 2635 hoe
896 2555 1013 2637 titulo
1052 2556 1103 2636 de
1142 2555 1473 2656 conditionibus,

311 2687 441 2796 deque
471 2689 662 2770 affinibus
692 2715 850 2790 earum,
881 2698 927 2770 ut
948 2689 1135 2770 videatur
1164 2689 1261 2797 quid
1292 2715 1363 2771 eae
1395 2689 1478 2770 im-

311 2829 472 2934 portent
515 2849 611 2904 oum
654 2829 752 2904 sunt
797 2823 1007 2930 appositae
1053 2823 1475 2930 desponsationibuS‚

312 2952 484 3061 aliisque
514 2955 806 3036 contractibus,
832 2955 1020 3035 Conditio
1042 2981 1177 3061 pono,
1203 2963 1249 3068 ut
1269 2954 1335 3034 hio
1356 2979 1482 3036 assu-

313 3087 453 3189 mitur,
498 3097 559 3169 est
598 3089 905 3170 circumstantia
946 3087 1203 3196 dispositioni
1246 3089 1419 3196 adjecta,
1457 3117 1481 3170 a

312 3222 431 3328 eujus
447 3223 666 3304 existentia
686 3223 913 3332 dependere
929 3222 1121 3302 volumus
1143 3223 1324 3302 valorem
1345 3221 1476 3304 iltius.

313 3353 364 3433 Et
394 3355 473 3434 sub
503 3355 581 3436 hoo
610 3382 735 3436 sensu
765 3364 827 3436 est
861 3354 920 3434 vel
947 3355 1029 3434 tote
1048 3355 1112 3434 vel
1132 3355 1271 3434 striato
1290 3367 1474 3461 sumpta.

314 3487 357 3566 Si
377 3491 515 3570 setene
534 3499 724 3571 sumatur·
744 3488 901 3570 definiri
923 3495 1070 3597 potest:
1105 3521 1124 3564 «
1145 3489 1316 3595 adjectio
1336 3489 1480 3596 dispo-

313 3620 449 3702 sitioni
489 3649 580 3702 earn
620 3623 662 3702 in
701 3631 864 3730 tenipus
894 3630 933 3704 et
963 3630 1155 3703 eventum
1196 3621 1381 3702 futurum
1412 3621 1479 3700 in·

313 3762 469 3835 cenum
499 3754 812 3863 suspendens.»
847 3755 892 3836 Si
919 3783 1015 3836 vero
1046 3755 1125 3836 late
1156 3763 1347 3837 sumatur
1376 3755 1480 3835 defi·

311 3889 444 3970 nitur:
494 3889 711 3997 «adjectio
753 3890 940 3998 apposita
978 3889 1044 3971 vel
1083 3890 1368 3971 subintellecta
1405 3917 1481 3970 su·

311 4024 514 4131 spendens
545 4023 608 4104 vel
644 4024 852 4104 resolvens
892 4024 1201 4132 dispositionem
1242 4031 1481 4104 contractus

312 4156 375 4237 vel
407 4157 576 4239 alterius
605 4165 738 4258 aetus
771 4156 941 4264 ejusque
971 4184 1076 4265 quae
1107 4184 1158 4238 ex
1191 4157 1260 4237 illo
1291 4153 1479 4238 nascitur

310 4290 659 4398 obligationem.»
694 4291 813 4372 Unde
844 4289 1020 4372 conditio
1051 4291 1133 4373 lato
1159 4317 1286 4372 sensu
1308 4299 1477 4398 accepta

310 4424 480 4507 ineludit
518 4423 791 4505 conditionem
830 4422 880 4505 de
919 4423 1152 4532 praeterito,
1188 4424 1237 4504 de
1267 4420 1474 4532 praesenti
