3380 5132
550 372 649 418 nisse
671 373 702 418 v.
727 389 770 403 —
794 373 933 422 munus
954 375 977 419 1.
1308 351 1354 418 29

262 498 478 583 Judicialis
510 499 773 584 denunciatio
813 499 972 581 definiri
1004 507 1158 609 potest:
1198 499 1351 582 delatio

176 636 361 716 criminis
391 632 505 746 opud
524 634 788 745 Superiorem
807 640 851 715 ut
870 633 1071 740 judicem.
1096 637 1178 716 Istc
1208 643 1348 717 autem

174 767 454 852 subdividitur
484 768 526 846 iu
557 768 731 868 ciuilem,
766 775 806 849 et
834 767 1100 848 canonicum:
1125 769 1257 850 ciuilis
1288 780 1351 852 est

174 902 323 984 delatio
354 901 563 1012 criminosi
586 903 696 1010 apud
718 902 984 1010 Superiorem
1005 911 1052 985 ut
1068 903 1264 1010 judicem,
1287 905 1350 986 vel

174 1038 225 1118 ad
246 1037 469 1119 vindictam
501 1037 723 1145 publicam,
753 1036 814 1116 vel
835 1037 886 1118 ad
910 1038 1115 1145 privatum
1138 1039 1349 1147 proprium

111 1195 116 1210 ·
173 1170 386 1278 interesse,
410 1176 450 1252 et
470 1169 611 1251 damni
642 1170 955 1279 reparationem.
981 1171 1142 1252 Dicitur
1173 1199 1270 1254 vero
1292 1175 1351 1254 ei·

174 1304 283 1406 cilis,
317 1304 414 1412 quia
434 1303 635 1412 originem
667 1330 787 1386 suam
819 1305 931 1386 ducit
962 1328 987 1384 a
1013 1303 1106 1412 jure
1151 1307 1277 1407 civili,
1311 1316 1350 1389 et

173 1438 343 1547 proponi
375 1445 510 1546 potest
539 1447 627 1520 tum
658 1464 797 1520 coram
833 1439 973 1546 judice
1004 1439 1225 1540 saeculari,
1259 1449 1348 1522 tum

171 1571 483 1652 Ecclesiastico:
516 1571 617 1653 haec
647 1573 683 1652 si
723 1572 769 1654 fit
804 1575 855 1654 ad
897 1573 1093 1655 interesse
1134 1573 1347 1681 proprium

173 1703 288 1785 audit
315 1706 499 1814 priuata,
532 1705 566 1784 si
600 1712 740 1786 autem
772 1705 824 1786 ad
855 1706 1076 1788 vindictam
1118 1706 1343 1814 publicam,

174 1819 410 1918 nominatur
416 1837 601 1949 publium·
620 1839 755 1920 differt
771 1845 908 1922 autem
926 1866 951 1920 a
967 1839 1180 1940 canonica,
1196 1842 1348 1922 nedum

173 1969 329 2052 ratione
360 1972 549 2081 originis,
582 1973 725 2054 sedet
753 1971 929 2079 judicis,
966 1972 1063 2081 quia
1098 1999 1123 2054 a
1155 1973 1231 2054 SS.
1269 1975 1348 2054 Ca·

173 2104 349 2186 nonibus
381 2105 613 2188 introducta
633 2132 772 2188 coram
794 2107 881 2188 solo
899 2107 1037 2214 judice
1059 2107 1349 2190 Ecclesiastico

173 2237 376 2319 exclusive
418 2239 590 2346 proponi
631 2247 778 2346 potest.
813 2242 906 2346 lpsa
943 2249 1083 2321 autem
1125 2239 1341 2320 definitur:

171 2367 322 2450 deletio
354 2371 540 2453 criminis
570 2370 683 2482 apud
712 2372 973 2482 Superiorem
1008 2373 1344 2455 Ecclesiasticum

171 2509 214 2582 ut
237 2530 317 2614 per
348 2505 478 2614 ipsum
500 2506 653 2586 crimen
675 2503 780 2585 illud
801 2505 1064 2615 impediatur.
1084 2504 1245 2586 Delatio
1268 2505 1346 2588 ista

170 2635 369 2741 quidquid
400 2637 537 2718 dicant
566 2637 635 2718 alii
667 2637 728 2719 vel
760 2645 823 2734 est
841 2638 1060 2748 generalis,
1097 2639 1160 2719 vel
1189 2641 1349 2749 specio·

171 2771 245 2850 lis:
268 2769 403 2877 prima
423 2771 625 2878 permissa
655 2783 718 2854 est
747 2773 957 2875 omnibus,
980 2782 1025 2855 ut
1046 2801 1112 2854 ex.
1133 2801 1174 2882 g.
1201 2801 1226 2854 a
1245 2799 1348 2882 quo-

170 2928 348 3012 cumque
388 2905 627 2986 denunciari
669 2916 843 3014 possunt
874 2907 1169 3015 impedimenta
1206 2909 1348 2990 matri-

171 3038 420 3139 moniorum,
440 3039 700 3141 electionum,
725 3040 1030 3123 ordinationum
1051 3049 1127 3122 etc.
1154 3041 1347 3122 Secunda

170 3172 291 3252 certis
312 3181 471 3254 tantum
505 3174 691 3280 personis
712 3183 774 3256 est
804 3173 1029 3283 permissa,
1076 3201 1253 3282 quarum
1285 3175 1349 3255 in·

170 3313 309 3406 terest,
344 3316 389 3387 ut
419 3307 555 3387 malus
587 3307 656 3416 qui
689 3317 866 3416 praeest,
899 3309 1141 3415 corrigatur,
1169 3309 1233 3388 vel
1264 3335 1345 3388 non

170 3437 415 3547 resipiscens
447 3465 472 3519 a
502 3440 702 3548 regimine
733 3449 989 3522 amoveatur.
1014 3441 1075 3522 lta
1105 3467 1195 3520 cun.
1228 3443 1287 3520 49
1310 3449 1346 3520 et

168 3592 329 3679 sequen.
362 3579 393 3657 2
423 3581 580 3682 quaest.
608 3575 649 3676 7,
685 3583 761 3656 etc.

258 3706 412 3787 Verum
445 3705 651 3816 quaenam
673 3709 820 3792 delicta
830 3795 831 3800 Ν
835 3709 1084 3818 judicialiter
1104 3709 1344 3791 denunciari

169 3845 371 3948 possuntt
403 3841 513 3923 Huic
544 3842 849 3951 interrogationi
882 3845 1100 3952 respondet
1129 3841 1347 3926 Schmalz-

169 3975 346 4081 grueber
376 3973 418 4054 h.
445 3982 473 4056 t.
500 3979 652 4058 n.157
686 3985 723 4058 ct
752 4005 966 4085 sequen-
988 3977 1043 4056 ibi
1062 4021 1119 4039 -
1140 4009 1157 4051 α
1179 3979 1348 4056 Denun-

172 4135 193 4183 ·›
213 4107 323 4188 cieri
345 4116 516 4219 possunt
548 4111 725 4191 crimina
756 4113 910 4210 omniu,
935 4112 1059 4190 etium
1091 4135 1201 4190 mere
1228 4133 1347 4214 prac-

174 4242 353 4345 ›terita,
388 4253 428 4327 et
458 4245 688 4345 emendata,
716 4273 791 4330 nec
822 4245 1001 4354 amplius
1032 4243 1340 4339 committenda,

174 4385 298 4460 >tam
330 4379 505 4487 privata,
539 4407 663 4488 quam
695 4382 873 4491 publica,
911 4389 994 4464 tam
1027 4389 1183 4490 aperta,
1218 4401 1345 4486 quam
