3136 5138
334 424 396 488 100
621 435 912 488 rmunncuouus
935 437 1027 488 runis
1051 437 1219 489 canonici

339 576 412 650 aut
432 569 699 649 conscientiae
718 566 972 647 dicebantur.
994 565 1126 647 Hodie
1148 565 1405 648 matrimonia
1422 593 1483 646 oc-

338 703 449 785 culta
479 701 542 782 vel
573 700 845 782 eonscientiae
874 726 925 780 ee
954 700 1226 806 appellantur,
1260 725 1362 806 quae
1391 699 1483 780 inita

333 839 455 946 juxta
485 837 659 918 formam
690 833 917 916 Tridentini
958 861 1103 942 nempe
1142 860 1281 916 coram
1301 833 1482 916 ,Perocho

336 984 376 1055 et
405 973 568 1055 duobus
599 971 663 1052 vel
691 970 826 1052 tribus
860 970 1157 1051 confidentibus
1186 969 1373 1068 testibus
1412 996 1484 1050 non

335 1117 473 1189 tamen
503 1107 781 1216 subjiciuntur
810 1104 987 1212 praeviis
1013 1104 1402 1204 denuntiationibus
1424 1131 1486 1184 ne-

336 1239 488 1348 quein
518 1237 727 1320 communi
758 1237 862 1318 libro
892 1245 1098 1335 notantur,
1135 1237 1175 1316 in
1212 1264 1293 1346 quo
1324 1235 1483 1317 Perochi

335 1373 470 1455 solent
500 1399 551 1454 ex
581 1371 809 1454 Tridentini
841 1373 1089 1481 praescripto
1120 1372 1202 1453 alia
1237 1371 1486 1453 matrimonia

337 1507 566 1588 describere
596 1533 692 1588 cum
723 1504 960 1587 nominibus
990 1506 1213 1613 conjugum
1244 1512 1284 1586 et
1313 1504 1482 1601 testium,

335 1642 408 1723 sed
430 1641 471 1722 in
493 1639 698 1722 secretiori
716 1638 821 1719 libro
841 1646 1104 1720 recensentur
1122 1639 1164 1720 in
1184 1637 1311 1719 Curia
1330 1635 1487 1745 Episco-

336 1774 418 1882 pali
439 1773 656 1873 servande,
681 1779 720 1853 et
739 1797 864 1880 super
892 1770 1044 1879 quibus
1074 1769 1347 1852 matrimoniis
1368 1769 1483 1850 altum

335 1906 558 2015 imponitur
587 1905 812 2006 silentium,
836 1905 893 1985 ita
920 1910 965 1985 ut
989 1905 1272 1986 communitati
1304 1931 1385 1986 non
1413 1904 1483 1984 sint

335 2041 528 2123 revelata:
562 2040 611 2121 de
642 2038 794 2146 quibus
824 2038 1024 2122 habemus
1054 2039 1387 2120 constitutionem
1415 2037 1486 2117 Be·

335 2174 483 2256 nedicti
520 2173 620 2253 XIV
654 2205 671 2247 ‹
701 2173 815 2253 Satis
855 2172 963 2251 uobis
994 2205 1012 2246 ιι
1046 2173 1096 2252 de
1137 2173 1203 2253 dic
1237 2175 1287 2254 17
1319 2171 1484 2254 Nouem-

333 2309 416 2389 bris
441 2309 566 2388 1741.
590 2307 635 2387 ln
656 2331 704 2386 ee
725 2303 915 2386 Pontifex
947 2304 1146 2414 principio
1173 2307 1289 2388 docet
1309 2307 1407 2389 talia
1424 2333 1485 2388 oc-

257 2427 262 2438 ’
331 2439 443 2522 culta
462 2437 724 2520 matrimonia
740 2465 822 2519 non
838 2465 928 2519 esse
950 2439 1306 2521 indiscriminatim
1328 2442 1486 2551 permit-

331 2576 455 2658 tenda
484 2582 649 2683 propter
677 2573 820 2681 gravia
850 2573 973 2675 mala,
1006 2599 1112 2682 quae
1143 2601 1195 2654 ex
1225 2573 1302 2656 hac
1334 2577 1487 2658 clande-

330 2707 510 2790 stinitate
540 2706 673 2788 solent
705 2705 1045 2813 advenire,·quae
1076 2705 1283 2788 describit.
1307 2710 1365 2790 At
1394 2733 1487 2816 quo-

331 2841 441 2922 niam
472 2839 692 2950 aliquando
724 2847 917 2946 urgentes
953 2839 1128 2920 existere
1159 2840 1295 2922 valent
1324 2867 1481 2937 causae,

330 3001 379 3055 ex
408 2975 561 3084 quibus
590 2973 774 3056 locorum
795 2972 1011 3054 Antistites
1040 2981 1241 3080 cogantur
1261 2975 1312 3055 ad
1334 3001 1384 3056 ea
1403 3001 1487 3084 per-

329 3107 528 3190 mittenda
558 3104 653 3187 hinc
683 3130 754 3186 eos
785 3105 1038 3205 adhortatur,
1069 3113 1115 3186 ut
1144 3133 1215 3187 eas
1244 3133 1395 3188 causas
1424 3133 1487 3186 ex·

329 3239 522 3347 pendant,
542 3246 761 3347 antequam
780 3237 918 3319 sinant
933 3237 1196 3318 matrimonia
1210 3238 1371 3321 occulta
1386 3238 1482 3320 fieri.

328 3373 389 3456 De
409 3373 531 3455 modo
553 3371 697 3454 deinde
728 3370 911 3480 loquitur
939 3371 1159 3480 peragendi
1181 3372 1430 3454 matrimonii
1451 3381 1487 3452 et

326 3514 472 3588 secreti
441 3507 724 3608 tservendi;
768 3531 892 3614 quam
932 3512 1070 3607 tamen
1109 3505 1403 3614 obligationem
1441 3533 1486 3589 eo

327 3665 458 3746 usque
489 3665 580 3721 esse
610 3639 865 3723 retinendam
895 3640 1012 3723 docet
996 3649 1265 3750 tquousque
1294 3643 1488 3752 conjuges

326 3779 515 3920 assumpt
517 3771 553 3853 is
499 3775 837 3855 tmunerib'us
876 3773 1295 3858 sa1sl'ac1anlstae
1334 3777 1489 3886 obliga·

326 3905 458 3987 tiones
480 3931 554 4014 pro
571 3903 775 3988 diversist
759 3915 898 3988 tamen
913 3908 1080 3990 casibus
1095 3909 1320 4018 respiciunt
1304 3911 1486 4005 tbonum

326 4037 445 4146 spirit
416 4037 541 4120 tuale
570 4037 697 4148 prolis
718 4039 853 4148 quoad
885 4041 1136 4148 baptismum
1158 4042 1329 4152 ejusque
1349 4051 1415 4126 cet
1399 4043 1486 4125 t-ho

324 4171 446 4253 licam
475 4171 774 4272 educationem,
788 4199 872 4254 nec
903 4199 985 4253 non
1014 4173 1232 4257 sollicitem
1263 4203 1406 4259 curam
1436 4177 1483 4257 de

207 4297 209 4301 ¹
325 4305 545 4388 utenda
510 4331 600 4414 ejus
620 4305 728 4414 legi
719 4313 834 4388 nm
835 4315 889 4408 te;
913 4315 986 4389 aut
1005 4307 1229 4418 respiciunt
1250 4311 1485 4419 cujuscum-

323 4463 402 4547 que
437 4437 622 4521 scandali
650 4437 923 4522 remotionem
959 4441 1092 4550 quoad
1129 4443 1421 4525 communitate
1398 4467 1478 4540 em,
