3136 5138
7 4141 8 4160 r

7 4161 9 4196 l

7 5013 15 5117 l

434 435 540 484 niara
562 435 608 486 ιν.
633 451 653 468 -
676 433 814 484 annuus
836 435 870 483 v.
1179 422 1246 488 155»

99 558 301 641 invalidum
327 560 449 667 juxta
479 561 663 642 Sanohez
694 570 734 642 et
763 561 824 642 De
853 561 972 668 Lugo
1004 566 1113 672 apud
1138 565 1235 646 Bal·

98 693 192 774 lerini
222 693 262 774 in
294 694 409 802 Gury
429 695 492 774 Do
512 697 773 775 matrimonio
794 724 903 774 narrt.
931 699 1013 777 752
1034 705 1131 778 nota
1145 699 1231 805 (u).

98 829 164 908 lmo
191 828 224 907 si
255 836 295 908 et
324 829 366 909 in
398 829 484 911 foro
514 839 683 910 externo
714 829 876 937 probari
908 831 949 912 id
980 835 1123 939 possit,
1163 862 1238 916 ne-

99 987 160 1068 que
186 961 226 1042 in
257 961 343 1042 foro
374 971 541 1043 externo
577 962 819 1043 subsisteret
858 961 935 1043 hoo
974 963 1229 1072 eonjugium:

100 1095 186 1200 qnod
213 1103 350 1175 tamen
381 1095 665 1176 difficillimum
696 1095 868 1202 probatu
891 1103 966 1176 est.
988 1096 1094 1177 Hine
1116 1097 1239 1179 intel-

101 1227 216 1334 ligitur
242 1229 351 1310 olare
381 1227 605 1308 invalidum
637 1253 727 1308 esse
757 1229 995 1336 eonjugium
1026 1230 1061 1309 si
1083 1232 1232 1339 pagani

102 1369 157 1442 aut
170 1361 301 1468 judaei
323 1347 565 1442 contrahant
586 1362 891 1442 matrimonium
914 1390 963 1442 ea
982 1365 1234 1466 conditione,

103 1503 137 1575 nt
159 1495 308 1603 possint
338 1497 434 1577 dare
464 1495 648 1575 libellum
679 1495 852 1602 repudii,
896 1497 945 1576 de
986 1523 1068 1603 qua
1107 1524 1239 1606 quae-

101 1627 207 1709 stione
235 1627 321 1735 agit
361 1627 729 1733 Sohmalzgrueber
772 1628 813 1706 b.
849 1637 877 1707 t.
921 1657 1029 1708 nura.
1079 1633 1157 1710 129
1196 1640 1233 1710 et

102 1786 188 1868 seqq.
214 1763 391 1842 Demum
422 1789 474 1842 ex
504 1761 622 1842 dictis
652 1769 761 1869 patet
793 1762 1003 1868 responsio
1034 1764 1086 1843 ad
1107 1789 1238 1871 quae*

101 1894 263 1977 stionem:
300 1923 353 1976 an
385 1922 545 2004 quoque
576 1893 786 2003 sponsalia
815 1894 1021 1996 vitientur,
1045 1924 1119 1977 seu
1142 1899 1234 1978 red-

98 2028 224 2109 dantur
252 2029 366 2108 nulla
386 2054 458 2136 per
478 2028 751 2109 conditionem
773 2027 1018 2109 contrariam
1039 2030 1238 2110 substan--

97 2160 162 2242 tiae
189 2171 225 2244 et
253 2163 373 2243 bonis
403 2163 681 2244 matrimonii?
715 2161 822 2244 Nam
852 2161 888 2242 si
918 2161 1019 2243 haee
1054 2163 1231 2244 conditio

95 2295 283 2404 adimpleri
314 2297 434 2378 debet
464 2305 557 2403 post
585 2295 893 2376 matrimonium
915 2304 1170 2378 contractum
1191 2306 1231 2378 ot

93 2427 145 2508 sie
169 2429 206 2509 in
235 2429 496 2538 sponsalibus
527 2437 707 2529 oavetur,
742 2455 872 2537 neque
903 2430 1038 2512 valent
1058 2457 1231 2538 sponsa-

93 2560 153 2661 lia,
169 2562 311 2672 quippo
327 2562 501 2643 habetur
526 2562 743 2669 promissio
764 2571 998 2644 contractus
1019 2591 1113 2644 oum
1135 2591 1239 2644 oon-

90 2694 224 2776 ditione
255 2697 458 2796 contraria
487 2695 829 2778 substantialibus
859 2704 1092 2776 contractus
1122 2695 1231 2802 ejus-

89 2829 181 2911 dem.
214 2833 269 2910 At
299 2831 335 2910 si
366 2831 543 2910 conditio
573 2831 627 2909 sit
658 2829 918 2936 adimplenda
958 2838 1049 2910 ante
1090 2831 1233 2911 matri-

88 2962 199 3042 monii
220 2963 540 3062 oonolusionem,
560 2970 658 3043 tune
674 2972 793 3042 erunt
808 2962 1017 3070 sponsalia
1033 2963 1232 3063 invalida,¹

90 3094 118 3172 si
145 3123 189 3176 ea
218 3097 457 3178 adversetur
487 3097 595 3176 bono
628 3095 752 3202 prolis
783 3095 846 3174 vel
877 3097 984 3175 bono
1009 3096 1118 3195 fidei,
1149 3122 1231 3175 non

89 3240 211 3312 autem
241 3232 276 3312 si
307 3233 545 3313 adversetur
576 3231 682 3310 bono
705 3230 966 3329 sacramenti,
990 3230 1087 3337 quia
1108 3257 1231 3336 spon-

88 3365 178 3444 salia
205 3373 302 3446 sunl
332 3365 382 3444 de
412 3391 456 3444 se
487 3362 740 3463 resolubilia,
769 3363 1114 3471 quemadmodum
1137 3389 1231 3443 oum

87 3499 279 3581 communi
310 3499 679 3579 Dootorum‘dooet
715 3496 1082 3603 Solimalzgruebor
1121 3496 1161 3577 a.
1198 3505 1226 3576 t.

85 3661 182 3714 num.
223 3635 303 3713 132
334 3641 370 3711 et
398 3659 507 3739 seqq.

187 3766 246 3846 'ld’
276 3765 579 3848 Demonstratio
611 3751 683 3845 aut
722 3791 849 3844 eausa
888 3763 975 3843 sive
1016 3763 1147 3871 turpis
1177 3763 1232 3843 sit

83 3899 156 3980 sive
190 3899 373 4000 honesta,
397 3925 493 3979 vora
523 3907 595 3978 aut
616 3898 720 3978 falsa
743 3925 821 4008 prr
849 3925 891 3978 se
912 3923 1139 4004 numquam
1160 3925 1231 3976 su-

82 4033 231 4140 spendit
259 4034 324 4113 vel
354 4031 471 4114 vitiat
500 4031 823 4131 matrimonium,
857 4033 928 4111 sed
968 4057 1129 4137 semper
1157 4029 1239 4109 ha·-

7 4215 8 4220 Ν
84 4169 191 4251 betur
218 4195 290 4276 pro
323 4195 403 4248 non
435 4167 606 4274 adjecta;
641 4193 736 4246 narn
767 4193 837 4272 per
863 4163 1130 4273 adjectionem
1162 4166 1231 4244 de-

83 4301 376 4385 monstrationis
407 4300 468 4380 vel
499 4325 649 4380 oausae
686 4325 767 4378 non
808 4297 964 4379 tollitur
1003 4325 1232 4380 consensus
