3264 5146
266 355 305 416 34
551 366 843 420 Pannuucatonus
866 369 960 420 JURIS
984 365 1151 418 canumet

269 525 360 578 osse
392 496 509 594 taleS,
545 507 590 576 ut
622 495 772 576 directe
802 497 866 578 vel
902 497 1093 577 indirecte
1125 523 1205 576 non
1238 523 1438 604 recogno·

269 638 409 712 scatur
425 627 606 709 validum
624 628 723 709 illud
740 629 1062 730 matrimonium,
1082 629 1191 736 quod
1207 629 1435 711 catholicus

269 763 468 845 contraxit
483 761 605 869 juxta
620 762 732 868 leges
749 762 972 863 Ecclesiae;
992 763 1339 868 quemadmodum
1357 792 1434 845 au-

269 898 437 980 ctoritas
467 895 599 977 civilis
629 897 770 1003 nequit
800 923 1091 1004 recognoscere
1114 904 1158 976 ut
1181 921 1322 976 verum
1346 925 1436 978 ma·

268 1033 523 1132 trimonium,
557 1031 665 1138 quod
701 1029 927 1112 catholicus
967 1029 1205 1110 contrahere
1236 1037 1435 1114 tentasset

268 1173 410 1247 contra
440 1165 551 1271 leges
571 1161 794 1262 Ecclesiae,
819 1171 859 1244 et
879 1162 986 1270 quod
1009 1189 1090 1243 non
1116 1160 1262 1242 fuisset
1283 1164 1334 1243 ab
1355 1164 1435 1244 Ec-

267 1299 393 1383 clesia
423 1295 695 1402 recognitum3
728 1297 896 1404 proinde
927 1320 1153 1404 proponere
1184 1298 1324 1404 nequit
1355 1299 1433 1378 im-

267 1434 502 1543 pedimenta
531 1430 840 1511 matrimonium
871 1430 1141 1512 christianum
1179 1430 1427 1513 dirimentia.

268 1568 387 1660 Quod
409 1566 532 1646 etiam
550 1591 599 1643 ex
614 1565 696 1645 alia
715 1565 871 1646 ratione
893 1565 1138 1663 excluditur,
1160 1592 1255 1644 cum
1272 1565 1313 1644 in
1330 1593 1429 1646 casu

264 1702 512 1782 haberentur
541 1699 621 1780 duo
650 1725 839 1809 supreme
870 1699 911 1778 in
943 1699 1086 1780 eodem
1127 1725 1290 1805 genere,
1325 1727 1430 1806 quae

265 1861 395 1916 unum
427 1833 699 1939 eumdemque
729 1830 938 1911 hominem
970 1831 1011 1910 in
1041 1830 1251 1938 oppositas
1291 1841 1429 1938 partes

266 1973 450 2076 agerent3
470 1963 578 2072 quod
594 1972 811 2071 repugnat.
836 1964 972 2071 Atque
996 1963 1047 2042 ab
1068 1961 1145 2042 hae
1166 1961 1429 2044 conclusione

265 2101 515 2185 admittenda
546 2099 667 2179 etiam
700 2098 923 2178 adversarii
956 2096 1179 2203 refugiunt,
1204 2097 1302 2177 dum
1323 2096 1429 2178 hanc

264 2243 507 2346 potestatem
524 2233 790 2314 concedentes
806 2231 1062 2341 principibus
1077 2231 1208 2331 laicis
1228 2231 1325 2338 quia
1341 2256 1431 2312 ma-

263 2365 503 2449 trimonium
538 2364 731 2445 subditur
769 2365 909 2464 statui,
945 2363 1090 2445 deinde
1121 2363 1329 2445 Ecclesiae
1359 2365 1429 2444 de·

262 2508 428 2608 negent,
452 2499 549 2607 quia
577 2505 715 2578 tenent
745 2497 1055 2580 matrimonium
1081 2525 1172 2578 esse
1192 2522 1429 2579 sacramen-

262 2647 351 2718 tum
372 2635 694 2716 accidentaliter.
715 2632 859 2740 Neque
880 2607 1040 2716 dicatur
1061 2633 1323 2714 aGubemiis
1344 2659 1429 2713 non
1462 2673 1466 2682 ·

260 2796 382 2878 posse
404 2769 625 2878 efficaciter
645 2767 825 2849 ordinari
856 2767 1165 2848 matrimonium
1198 2766 1251 2848 ad
1272 2767 1427 2847 bonum

261 2903 379 2986 civile
410 2911 449 2984 et
477 2901 704 3010 politicum,
738 2901 818 2982 nisi
854 2902 1101 3010 imponendo
1136 2901 1429 3010 impedimenta

262 3040 398 3146 ipsum
439 3034 686 3117 dirimentia.
726 3035 853 3150 Atqui
893 3043 1032 3116 tamen
1073 3036 1114 3118 id
1155 3034 1304 3116 salsum
1345 3041 1423 3134 est,

261 3197 438 3278 namque
468 3169 520 3249 ad
550 3167 884 3277 prospiciendum
914 3169 1022 3250 bono
1052 3169 1218 3276 publico
1249 3177 1288 3248 ct
1319 3170 1426 3249 bono

262 3304 517 3384 familiarum
533 3301 620 3409 jam
640 3301 742 3382 satis
760 3301 922 3382 abunde
944 3303 1153 3408 provisum
1177 3309 1238 3383 est
1258 3329 1331 3410 per
1351 3302 1428 3382 im-

261 3438 497 3546 pedimenta
521 3436 656 3544 posita
675 3444 763 3516 tum
790 3434 883 3542 jure
909 3437 1086 3517 naturali
1109 3445 1148 3518 ct
1168 3437 1343 3544 positivo
1364 3435 1427 3516 di-

259 3570 373 3669 vine,
398 3577 485 3650 tum
502 3569 595 3676 jure
617 3569 909 3670 ecclesiasti003
933 3577 974 3650 et
994 3567 1145 3676 optime
1166 3569 1243 3648 sibi
1266 3569 1427 3678 prospi-

258 3713 368 3810 ceret
399 3702 622 3783 auctoritas
653 3701 800 3803 civilis,
824 3703 860 3783 si
887 3703 986 3784 talia
1015 3701 1307 3811 impedimenta
1337 3703 1427 3811 ipsa

258 3841 586 3943 recognosceret.
620 3837 677 3915 At
708 3861 885 3942 agnosce
916 3835 1133 3918 audaciam
1163 3864 1334 3945 prorsus
1364 3837 1427 3917 in-

258 3969 510 4052 credibilem!
537 3970 653 4063 Quae
683 3971 885 4076 gubernio
916 3971 1053 4052 civilia
1072 3979 1219 4079 putant
1238 3998 1283 4052 sc
1304 3999 1426 4080 posse

256 4130 456 4185 censurae
481 4103 685 4212 subjicere
706 4103 999 4212 impedimenta
1019 4105 1251 4186 dirimentia
1272 4109 1324 4188 ab
1347 4107 1426 4188 Ec·

257 4237 384 4318 clesia
413 4237 639 4344 proposita,
672 4237 879 4345 elatique
910 4237 1021 4318 velut
1057 4237 1220 4320 inutilia
1260 4238 1422 4341 tollunt,

258 4371 340 4472 alia
369 4371 514 4452 deinde
545 4371 785 4466 ututiliora
814 4379 854 4454 et
884 4369 1042 4479 aptiora
1068 4373 1322 4455 substituere
1343 4398 1426 4454 non
