3136 5138
433 467 541 520 elenu
563 469 608 518 rv.
634 485 653 498 -
677 425 816 517 ribubus
838 469 887 520 111.
1187 455 1248 519 101

99 593 282 700 siquidem
312 621 404 676 eam
425 596 549 676 latere
580 597 727 677 debeat
744 595 839 676 talis
866 597 1115 678 matrimonii
1147 623 1244 678 eon-

100 736 250 810 tractus.
282 729 394 826 -De
424 730 694 837 permittendo
725 728 802 810 hcc
828 739 1002 823 ,secreto
1032 731 1239 839 conjugi0,
1290 790 1300 813 2

98 863 243 966 quando
271 863 414 972 nequit
433 863 526 943 iniri
553 863 863 945 matrimonium
884 864 1003 945 civile
1023 891 1162 946 coram
1183 865 1244 944 oi-

1 973 2 980 ¹
98 995 201 1076 ticiali
231 1006 366 1078 status
397 1005 616 1106 pertractat
641 997 727 1104 jam
758 996 936 1078 adducta
955 999 1171 1080 Instructio
1193 999 1237 1079 S.

99 1127 436 1228 Poenitentiariee,
473 1129 821 1238 quemadmodum
842 1129 1039 1211 Doctores
1069 1131 1245 1239 loquun-

98 1269 152 1339 tur
177 1259 224 1341 de
254 1262 377 1343 modo
408 1260 449 1341 in
482 1261 533 1342 iis
563 1260 836 1341 matrimoniis
865 1263 1068 1344 servando
1098 1263 1150 1344 ad
1181 1291 1245 1344 re-

97 1396 325 1475 movendum
347 1395 499 1503 pariter
514 1395 801 1504 quodcumque
823 1395 962 1503 populi
984 1396 1240 1478 scandalum.

195 1529 254 1610 7.⁰
286 1531 400 1610 Haec
429 1536 567 1610 autem
599 1528 739 1608 omnia
767 1555 873 1636 quae
893 1527 1075 1611 diximus
1096 1531 1246 1638 depen-

94 1661 227 1744 dente
257 1663 585 1772 promulgatione
616 1663 766 1743 decreti
796 1661 936 1770 hujuS,
980 1689 1103 1771 quam
1139 1664 1246 1745 Con-

92 1797 216 1880 cilium
226 1798 517 1880 Tridentinum
533 1797 664 1878 voluit
679 1822 771 1877 esse
787 1822 956 1906 prorsus
972 1797 1239 1904 singularem.

92 1931 126 2010 ln
151 1932 226 2014 fine
258 1931 463 2041 siquidem
483 1933 593 2014 illius
613 1931 774 2040 capitis,
799 1939 1016 2040 postquam
1037 1933 1241 2041 praecepit

1 2044 2 2047 Ὺ
93 2064 270 2145 omnibus
301 2064 485 2146 locorum
517 2063 762 2162 Ordinariis,
797 2073 842 2143 ut
863 2072 1054 2145 curarent
1075 2063 1153 2146 hoc
1173 2065 1244 2146 de-

91 2203 231 2278 cretum
264 2197 416 2306 populo
446 2196 661 2305 publicari,
696 2221 743 2277 ac
773 2195 968 2304 explicari
999 2197 1041 2276 in
1067 2197 1241 2304 singulis

1 2379 2 2382 κ
91 2355 248 2414 suarum
270 2331 505 2412 dioecesum
527 2329 832 2438 parochialibus
852 2330 1036 2412 ecclesiis
1054 2331 1096 2411 in
1111 2330 1245 2438 primo
1399 2363 1403 2370 ·

90 2488 183 2544 anno
211 2491 339 2574 quam
369 2465 626 2574 saepissime,
650 2473 691 2546 et
710 2465 856 2546 deinde
871 2467 1032 2573 quoties
1053 2465 1244 2575 expedire

92 2595 265 2698 viderint,
299 2597 517 2679 concludit:
557 2597 788 2678 ‹Decernit
816 2596 999 2705 insuper,
1034 2605 1080 2679 ut
1100 2597 1246 2704 hujus·

95 2731 227 2813 »modi
265 2732 475 2813 decretum
515 2729 557 2809 in
598 2755 846 2838 unaquaque
886 2729 1080 2838 parochia
1119 2759 1243 2812 suurn

93 2864 243 2944 ‘robur
273 2873 366 2971 post
394 2863 562 2970 triginta
592 2861 679 2942 dies
716 2862 865 2944 habere
906 2863 1075 2970 incipiat
1114 2892 1139 2946 a
1179 2866 1243 2948 die
1344 2903 1348 2912 ¹

94 3027 108 3062 ι
125 2997 275 3103 primae
305 2995 595 3104 publicationis
625 2995 667 3075 in
698 2996 840 3077 eadem
871 2997 1066 3104 parochia
1106 2997 1236 3080 factae
1330 3013 1333 3018 ’

1 3153 2 3202 ᾳ
93 3131 410 3212 »numerandos
435 3161 453 3205 »
487 3129 598 3236 Ergo
629 3129 680 3210 ad
711 3129 978 3236 obligandum
1004 3131 1240 3239 requiritur,

90 3273 127 3342 ut
151 3262 374 3372 publicatio
403 3261 475 3343 fiat
504 3261 546 3342 in
578 3287 825 3370 unaquaque
856 3262 1065 3371 parocbia,
1086 3272 1126 3344 et
1146 3263 1244 3344 effe·

88 3397 237 3479 clusin
268 3423 319 3477 ea
347 3395 497 3478 habeat
526 3406 620 3504 post
658 3397 838 3503 spatium
878 3395 1046 3502 triginta
1085 3395 1241 3478 dierum

89 3531 424 3612 numerandorum
463 3556 489 3609 a
529 3529 662 3638 prima
703 3529 979 3637 publicatione
1018 3529 1075 3610 ibi
1117 3530 1238 3612 facta.

87 3662 189 3753 Quae
219 3663 443 3773 publicatio
466 3663 573 3746 facta
593 3689 685 3744 esse
705 3664 827 3746 debet
846 3665 1031 3773 praecise
1051 3663 1116 3746 vel
1135 3673 1242 3746 tam-

87 3821 197 3902 quam
226 3799 379 3881 decreti
408 3797 579 3880 Goncilii
609 3798 853 3900 Tridentini,
896 3809 968 3880 aut
1009 3799 1155 3881 saltem
1196 3809 1241 3879 ut

88 3927 243 4011 Concilii
273 3929 492 4038 generalia
525 3929 589 4010 vei
621 3931 785 4011 nomine
816 3940 856 4012 et
884 3931 1126 4013 auctoritate
1156 3927 1241 4010 Ro-

88 4065 184 4145 mani
214 4064 439 4166 Pontinus,
472 4072 519 4145 ut
549 4063 638 4144 fuse
669 4061 846 4170 explicat
875 4065 1123 4146 Benedictus
1139 4063 1239 4143 XIV

1 4199 2 4222 ²
89 4196 143 4276 Dc
168 4199 321 4309 Synod.
355 4197 526 4280 dioeces.
552 4197 621 4278 lib.
651 4199 702 4277 12
723 4225 813 4308 cap.
842 4203 997 4279 bitom.
1024 4199 1048 4277 o
1072 4207 1109 4277 et
1129 4223 1237 4305 seqq.

88 4329 145 4410 Ad
172 4357 296 4440 qnam
325 4331 701 4442 promulgationem·
738 4332 1087 4441 comprobandam
1126 4329 1242 4410 suffi-

87 4475 167 4546 ccr'e
195 4466 433 4570 diuturnam
462 4465 767 4550 observantiam
797 4465 983 4575 ejusdem
998 4463 1239 4548 Conciliaris
