3380 5132
573 395 673 442 mrn
695 397 725 441 v.
753 415 793 425 -
817 397 956 444 'rrrutus
978 400 1000 442 1.
1331 381 1376 446 45

207 520 400 621 somnia,
434 520 614 627 ordoque
636 521 783 602 horum
810 523 977 602 omuino
1009 525 1242 606 necessaria
1258 535 1371 607 sunt.

206 687 224 729 s
250 653 358 734 Nam
384 653 419 734 si
449 681 577 734 unum
609 656 911 763 praedictorum
943 657 1199 739 omitteretur
1231 659 1375 765 (salvis

207 788 567 869 ›limitationibus
609 789 843 897 appositis),
887 799 959 870 aut
990 792 1089 872 ordo
1127 817 1269 872 eorum
1308 797 1376 874 de-

208 923 362 1002 ›bitus
394 949 473 1001 non
510 933 758 1025 servaretur,
808 931 847 1004 et
878 951 974 1005 reus
1011 926 1267 1028 reclamaret,
1301 953 1376 1008 seu

207 1056 468 1163 ›exciperet‚
494 1064 533 1136 et
564 1063 872 1162 protestaretur,
906 1085 1125 1165 processus
1147 1069 1256 1141 esset
1286 1062 1377 1141 nul-

208 1190 339 1269 »lusz
371 1189 603 1269 communis
640 1199 679 1270 et
714 1199 824 1270 certa
860 1190 1090 1296 (doctorum
1128 1193 1371 1302 senientia):

208 1357 226 1398 ›
254 1332 442 1430 patetque
459 1351 510 1404 ex
527 1323 659 1430 capite
678 1324 746 1406 Ad
756 1325 994 1434 petitionem
1013 1326 1103 1430 (22,
1119 1325 1179 1406 tit.
1206 1329 1244 1425 l,
1265 1327 1334 1408 lib.
1353 1333 1377 1407 5

209 1486 226 1530 s
252 1456 441 1562 decret),
470 1457 549 1536 ibi:
575 1457 767 1547 Querncis
791 1456 1059 1537 restituendus
1072 1456 1190 1566 foret
1209 1465 1378 1568 propter

210 1623 227 1663 s
241 1588 521 1696 judiciarium
542 1589 727 1670 ordinem
757 1617 837 1669 non
856 1599 1079 1672 serentum.
1104 1587 1223 1672 Unde
1245 1596 1377 1698 capite

210 1754 228 1798 ›
258 1723 444 1812 Qualiter
476 1723 564 1828 (17,
599 1724 660 1804 tit.
692 1726 728 1822 l,
754 1722 780 1803 l.
809 1725 851 1824 5,
876 1723 1047 1830 decret.)
1083 1722 1246 1804 dicitur:
1270 1727 1378 1832 quod

212 1855 531 1962 »inquisitores,
565 1857 599 1935 si
632 1856 816 1937 debitum
848 1883 929 1937 non
972 1865 1242 1939 servaverunt
1272 1860 1380 1939 ordi-

211 2015 364 2090 »nem,
400 1991 637 2097 prudenter,
662 1999 701 2070 et
731 1999 849 2070 caute
881 2017 925 2070 se
958 1991 1159 2098 corrigere
1187 1993 1376 2094 debeant,

165 2186 168 2197 .
211 2157 229 2197 >
255 2149 304 2202 ne
336 2121 429 2203 inde
460 2129 684 2203 noscantur
715 2122 909 2227 injuriae,
945 2124 1050 2204 unde
1068 2124 1177 2230 juro
1208 2153 1381 2207 nuscun-

212 2265 337 2338 »tun
372 2257 481 2336 Hinc
513 2256 635 2336 etiam
677 2255 970 2335 conscientiam
1015 2257 1164 2336 horum
1205 2258 1381 2366 desuper

213 2427 230 2467 ›
257 2399 413 2491 onerat,
448 2397 488 2470 et
518 2388 772 2469 adhortando
804 2388 978 2469 ulterius
1018 2389 1131 2471 addit
1160 2390 1376 2474 Pontifex:

212 2525 348 2608 »Non
373 2525 529 2637 pudent
561 2549 628 2605 cos
659 2549 839 2603 errorem
863 2506 1037 2605 oestrum
1068 2527 1287 2634 corripere,
1311 2533 1383 2634 qni

213 2660 376 2766 ›positi
406 2661 498 2738 estis
520 2666 563 2738 ut
584 2657 763 2738 aliorum
787 2659 1006 2765 corriputis
1035 2685 1245 2740 errores...
1276 2662 1383 2750 Quo·

215 2793 372 2871 >niam
404 2817 457 2870 en:
488 2791 551 2870 his
582 2817 686 2898 quoe
708 2791 941 2871 inordinate
961 2801 1053 2873 sunt
1084 2799 1180 2874 ncta
1213 2821 1291 2873 non
1306 2821 1382 2904 po·

213 2958 232 3002 »
259 2932 333 3005 test
362 2925 652 3006 ordinabiliter
672 2926 756 3034 opi.
783 2925 891 3005 Hinc
922 2925 1149 3032 Faguanus
1166 2926 1225 3034 (in
1249 2956 1285 3008 o.
1307 2929 1377 3025 24,
1457 2989 1459 2994 -

215 3091 232 3134 ›
258 3059 317 3140 tit.
344 3061 382 3158 l,
403 3059 474 3140 lib.
497 3063 521 3138 5
553 3059 702 3138 decret.
712 3119 722 3158 ,
743 3085 784 3138 n.
809 3059 882 3163 30)
916 3066 1043 3156 notat,
1069 3060 1178 3165 quod
1209 3060 1244 3139 si
1268 3060 1383 3166 prius

215 3193 372 3273 »fieret
403 3192 630 3299 inquisitio,
665 3200 704 3272 ct
736 3199 877 3298 postea
917 3191 1097 3297 primum
1140 3219 1208 3273 reo
1249 3193 1384 3274 trade·

215 3357 232 3402 »
259 3335 400 3407 rentur
430 3325 626 3433 capitula,
652 3325 751 3404 nihil
774 3331 981 3431 ageretur,
1002 3325 1098 3431 quia
1115 3325 1384 3406 inverteretur

216 3461 373 3539 »ordo
409 3457 612 3564 Arguitur
643 3457 774 3564 capite
812 3457 915 3535 Cum
950 3463 1044 3566 post
1077 3457 1211 3566 petito
1243 3458 1303 3536 46
1335 3457 1385 3536 de

217 3593 482 3672 ›Electione
513 3624 530 3668 >

299 3725 400 3808 Post
430 3725 687 3806 haecomnia
717 3723 857 3834 quaeri
892 3751 972 3805 non
1005 3723 1210 3806 immerito
1233 3734 1381 3834 potest,

216 3869 355 3940 utrum
387 3857 625 3967 hujusmodi
668 3885 886 3967 processus
924 3859 1047 3939 etiam
1079 3858 1199 3939 hodie
1230 3861 1284 3942 sit
1313 3889 1385 3942 ne-

214 3993 450 4074 cessarius?
483 3992 738 4100 Responderi
771 4001 919 4100 potest,
943 3994 1229 4074 necessitatem
1260 3993 1385 4100 hujus

213 4153 433 4234 processus
451 4127 579 4208 luisse
596 4127 719 4209 etiam
736 4127 857 4208 hodie
874 4126 1146 4232 recognitam,
1165 4151 1246 4206 non
1264 4129 1386 4210 modo

214 4285 239 4339 a
269 4261 315 4344 S.
351 4261 678 4368 Congregatione
700 4257 871 4340 Concilii
895 4259 934 4339 in
956 4260 1131 4342 Jnnuen.
1167 4261 1387 4344 absolutio-

214 4395 277 4474 nis
308 4393 375 4476 die
410 4399 467 4475 10
499 4395 619 4477 Junii
653 4395 790 4494 1848,
814 4394 885 4474 sed
917 4394 1038 4475 etiam
1072 4421 1096 4476 a
1127 4395 1171 4477 S.
1207 4397 1387 4504 Congre-
