3380 5132
522 441 629 495 uranu
652 445 697 494 1v.
720 463 741 478 -
763 445 902 496 rrrueus
925 443 1015 494 unu¹
1230 458 1247 496 ·.
1278 431 1347 497 309

177 569 340 652 »visse
365 570 505 652 -Pari
535 571 657 652 modo
688 572 798 680 apud
828 571 1106 654 Protestanles
1136 574 1339 682 principio

177 704 380 812 »quidem
413 704 524 811 leges
554 712 792 805 sanxerant,
817 713 862 786 ut
883 704 1057 786 divortia
1086 705 1172 786 fieri
1200 707 1338 788 liceret

177 836 337 918 »certis
368 837 417 918 de
448 837 601 938 causiS,
635 837 767 946 iisque
798 863 879 919 non
909 863 1009 918 sane
1046 838 1202 918 multis:
1237 838 1342 919 istas

176 980 351 1052 stamen
373 979 538 1078 propter
562 997 699 1052 rerum
722 969 920 1052 similium
942 970 1197 1070 affinitatem,
1223 997 1336 1051 eom-

177 1140 195 1175 »
216 1113 378 1212 pertum
408 1113 470 1185 est
501 1105 542 1184 in
572 1111 729 1185 tantam
769 1104 1074 1186 multitudinem
1106 1102 1336 1184 excrevisse

178 1238 327 1345 »apud
358 1237 601 1340 Germanos
634 1238 919 1340 AmericanoS,
954 1238 1153 1346 aliosque,
1193 1235 1337 1345 utqui

180 1398 301 1452 »non
322 1372 445 1453 stulte
465 1373 714 1480 sapuissent,
739 1399 987 1480 magnopere
1014 1373 1241 1454 deflendam
1263 1399 1340 1480 pu-

179 1505 342 1585 »tarint
362 1504 563 1585 infinitam
584 1530 747 1586 morum
768 1503 1114 1614 depravationem,
1136 1513 1256 1614 atque
1278 1503 1344 1584 in·

179 1638 471 1719 »tolerandam
502 1637 638 1745 legum
680 1639 965 1720 temeritatem.
999 1683 1019 1699 -
1049 1637 1192 1746 Neque
1223 1638 1345 1718 aliter

180 1797 264 1852 »se
295 1797 362 1852 res
391 1772 536 1853 habuit
566 1773 608 1851 in
639 1771 877 1854 civitatibus
911 1771 1100 1852 catholici
1142 1771 1338 1853 nominis:

180 1905 434 2013 »inquibus
464 1905 499 1986 si
530 1907 695 2014 quando
725 1907 846 1988 datus
877 1913 939 1987 est
968 1905 1254 2014 conjugiorum
1281 1905 1346 1986 di-

181 2039 360 2120 »scidiis
400 2039 531 2140 loeus,
565 2041 933 2142 incommodorum,
978 2067 1082 2150 quae
1123 2047 1348 2122 consecuta

183 2181 332 2274 »sunt
366 2173 586 2254 multitudo
627 2173 860 2282 opinionem
899 2174 1181 2280 legislatorum
1222 2175 1342 2280 longe

186 2306 334 2387 »vicit
363 2303 471 2386 Nam
503 2307 638 2386 scelus
669 2306 940 2414 plurimorum
971 2305 1063 2406 fuit,
1097 2307 1148 2387 ad
1178 2329 1343 2414 omnem

187 2439 423 2522 »malitiam
464 2439 730 2548 fraudemque
760 2465 924 2520 versare
963 2447 1159 2540 mentem,
1194 2465 1242 2520 ae
1273 2465 1348 2546 per

184 2574 437 2656 »saevitiam
468 2573 709 2676 adhibitam,
733 2601 805 2682 per
834 2575 1022 2684 injurias,
1047 2601 1118 2682 per
1143 2574 1348 2655 adulteria

185 2708 376 2815 »lingere
406 2733 578 2788 caussas
608 2705 659 2788 ad
690 2707 791 2788 illud
816 2708 983 2816 impune
1013 2707 1337 2806 dissolvendum,

183 2841 607 2950 »eujuspertaesum
646 2849 768 2942 esset,
802 2841 1100 2949 conjunctionis
1142 2841 1341 2921 maritalis

185 2975 450 3056 ›vinculumz
475 2975 596 3083 idque
627 3003 722 3056 cum
752 2983 866 3056 tanto
897 2975 1086 3084 publicae
1118 2974 1349 3055 honestatis

187 3141 204 3182 s
225 3107 482 3208 detrimento,
496 3117 542 3188 ut
558 3134 723 3216 operam
743 3108 1008 3189 emendandis
1025 3108 1186 3214 legibus
1202 3131 1349 3214 quam·

188 3243 406 3350 »primum
436 3241 524 3323 dari
554 3269 697 3322 omnes
724 3243 998 3350 judicaverint
1027 3250 1227 3350 oportere.
1252 3285 1272 3302 -
1297 3239 1352 3320 Et

189 3377 447 3486 »quisquam
478 3375 696 3478 dubitabit,
721 3377 819 3485 quin
850 3377 984 3457 exitus
1015 3401 1143 3483 aeque
1175 3374 1351 3454 miseros

190 3519 269 3592 »et
289 3509 551 3592 calamitosos
581 3509 796 3590 habiturae
827 3508 909 3590 sint
938 3509 1050 3615 leges
1080 3507 1349 3588 divortiorum

191 3643 438 3744 »fautrices
463 3641 596 3723 sicubi
620 3643 721 3724 forte
752 3643 793 3723 in
814 3669 939 3724 usum
970 3649 1103 3724 aetate
1124 3651 1266 3722 nostra
1286 3665 1352 3720 re·

191 3811 209 3848 »
229 3780 452 3858 vocentur?
484 3775 578 3856 Non
609 3784 670 3857 est
711 3777 889 3885 profecto
920 3777 961 3856 in
991 3775 1208 3856 hominum
1239 3799 1352 3856 eom·

192 3909 377 3990 »mentis
400 3909 463 3990 vel
495 3909 668 3992 decretis
699 3909 872 3991 facultas
902 3916 1031 4010 tanta,
1057 3917 1102 3990 ut
1132 3909 1354 3988 immutare

192 4069 370 4124 »rerum
410 4042 641 4124 naturalem
687 4042 865 4122 indolem
906 4041 1354 4148 conformationemque

193 4174 405 4282 »possint
440 4183 688 4284 quapropter
716 4201 864 4284 parum
900 4175 1106 4282 sapienter
1146 4172 1352 4282 publicam

192 4307 465 4390 »felicitatem
496 4311 828 4418 interpretantur,
853 4309 922 4417 qui
944 4335 1185 4417 germanam
1210 4307 1358 4387 matri·-

194 4443 358 4524 »monii
389 4443 589 4525 rationem
620 4442 788 4551 impune
823 4443 996 4550 perverti
1037 4469 1159 4552 posse
1189 4447 1353 4549 putant;
