3178 5134
316 375 390 440 -248
615 389 906 440 rnuucncrrouus
929 389 1022 438 aunis
1046 387 1214 440 caucnrcr

333 515 478 596 fratres
499 517 624 598 unius
644 507 901 624 co'gnaticnis
930 542 1051 624 posse
1071 513 1226 596 nubere
1246 513 1411 596 duabus
1431 537 1509 592 so-

330 648 494 729 roribus
524 649 693 730 alterius
724 648 996 756 cognationis3
1030 648 1138 757 quud
1174 653 1291 754 pater
1319 643 1506 727 attilius

326 783 489 890 possint
519 783 561 870 in
593 783 790 892 conjuges
820 783 969 864 ducere
1009 792 1183 864 matrem
1213 789 1253 863 et
1282 779 1426 879 filiam,
1465 793 1507 860 θῖ

324 913 548 1022 ,privignus
579 914 707 996 filiam
739 941 954 997 novercae.
979 913 1067 996 Etsi
1088 941 1185 996 vero
1215 913 1394 995 affinitas
1416 937 1506 993 non

330 1047 480 1130 habeat
508 1075 583 1130 nec
613 1049 743 1131 lineas
773 1077 848 1131 nec
878 1050 1048 1156 graduS,
1083 1057 1129 1130 ut
1159 1048 1217 1130 ait
1237 1045 1506 1129 Modestinus

330 1185 488 1292 Dignst.
525 1184 651 1293 leat
683 1183 884 1294 §gyrardus
915 1183 965 1265 dc
992 1184 1189 1294 yrudibus
1220 1190 1257 1262 ct
1287 1181 1502 1290 affinibus

332 1316 600 1398 nihilominus
630 1327 718 1400 tum
749 1345 803 1399 ex
827 1318 920 1426 jure
950 1318 1059 1400 civili
1089 1327 1179 1400 tum
1208 1315 1407 1399 canonico
1427 1313 1503 1394 he-

333 1451 481 1532 bentur
511 1451 553 1531 in
584 1477 633 1532 ea
654 1460 694 1533 θῖ
712 1453 845 1532 lineae
866 1461 905 1533 θῖ
926 1453 1082 1560 gradus
1110 1451 1161 1534 ad
1188 1450 1319 1532 instar
1348 1475 1510 1556 cogna-

332 1583 473 1664 tionis
499 1583 618 1666 Unde
649 1584 759 1666 linea
787 1585 870 1666 alia
899 1594 961 1667 est
992 1593 1119 1686 rectu,
1142 1583 1225 1664 alia
1244 1583 1422 1690 obliqua,
1454 1583 1508 1663 ad

325 1718 653 1824 dignoscendam
695 1745 791 1800 vero
836 1719 987 1800 lineam
1028 1727 1067 1800 et
1107 1717 1510 1800 commensurandos

328 1851 489 1957 ¹gradus
506 1876 531 1930 a
545 1851 639 1958 jure
655 1851 853 1934 canonico
869 1853 1044 1934 traditur
1059 1851 1160 1932 haec
1176 1850 1335 1959 regula,
1354 1875 1509 1959 nempe

337 1985 418 2063 «in
440 2010 489 2064 eo
509 1985 641 2092 gradu
674 1993 714 2066 et
743 1984 785 2066 in
811 2012 860 2066 ea
890 1985 997 2067 linea
1026 1985 1119 2094 quis
1140 1991 1203 2066 est
1223 1983 1359 2064 affinis
1381 1985 1509 2065 uxori

332 2118 396 2198 vel
417 2118 579 2199 mulieri
601 2120 790 2227 cognitae
812 2123 855 2200 in
876 2147 957 2228 quo
979 2127 1041 2202 est
1057 2118 1393 2226 consanguineus
1414 2144 1512 2200 ma·

332 2251 411 2332 rite
432 2284 450 2326 ›
485 2259 524 2332 et
549 2251 732 2332 vicissim
766 2285 784 2328 ‹
806 2253 848 2332 in
868 2280 917 2334 eo
938 2255 1071 2361 gradu
1092 2261 1131 2334 et
1151 2253 1260 2334 linea
1280 2258 1342 2332 est
1363 2250 1507 2358 aliqua

331 2383 472 2464 affinis
488 2384 650 2486 marito,
670 2413 751 2494 quo
772 2393 835 2467 est
855 2387 1163 2494 consanguinea
1184 2385 1317 2466 uxori.
1338 2367 1356 2460 i
1381 2383 1507 2468 Unde

333 2517 478 2600 eadem
510 2517 653 2624 regula
682 2544 708 2598 a
732 2518 825 2625 jure
855 2518 1130 2602 ecclesiastico
1170 2526 1336 2622 servata
1365 2523 1431 2600 est
1464 2517 1507 2598 in

330 2648 623 2757 impedimento
644 2650 870 2752 affinitatis
895 2678 999 2760 quae
1030 2655 1194 2734 servata
1222 2650 1348 2732 estin
1369 2650 1508 2759 impe-

331 2783 513 2864 dimento
529 2784 915 2892 consanguinitatis
934 2787 1181 2894 easdemque
1197 2783 1509 2866 vicissitudines
1587 2891 1588 2902 Ν

333 2915 445 3022 leges
475 2915 775 2999 ecclesiasticae
807 2944 953 3026 passae
983 2927 1096 3021 sunt,
1120 2945 1169 3000 ac
1198 2944 1305 3026 quae
1337 2917 1508 2998 fuerunt

332 3049 375 3128 in
411 3049 687 3132 interdicendo
727 3051 991 3134 matrimonio
1031 3079 1126 3134 cum
1167 3051 1505 3160 consanguineis,

323 3184 440 3264 ·Hinc
455 3185 618 3291 quando
635 3185 840 3293 prioribus
856 3187 1032 3269 saeculis
1052 3187 1237 3270 Ecclesia
1256 3187 1420 3270 civilem
1437 3189 1508 3296 ju·

328 3319 653 3432 risprudentiam
669 3330 731 3403 est
747 3321 920 3424 imitata,
941 3331 981 3404 θῖ
996 3331 1154 3404 retenta
1170 3321 1247 3404 fuit
1267 3321 1510 3404 inhabilitas

331 3453 386 3534 ad
403 3455 570 3561 nuptias
587 3456 627 3536 in
643 3456 837 3536 omnibus
856 3457 1055 3563 gradibus
1072 3457 1205 3538 lineae
1221 3463 1355 3538 rectae
1377 3457 1507 3539 etiam

334 3587 376 3666 in
397 3587 610 3689 affinitate,
634 3590 801 3697 nuptiae
823 3593 958 3700 quoad
980 3591 1311 3698 consanguineos
1333 3591 1376 3672 in
1397 3591 1510 3672 linea

330 3718 503 3826 obliqua
533 3719 772 3804 interdictae
801 3733 899 3806 sunt
919 3725 960 3805 in
983 3724 1101 3808 tertio
1131 3725 1263 3830 gradu
1290 3731 1510 3832 cumputa-

336 3853 460 3962 tionis
481 3855 628 3956 civilis,
654 3855 716 3962 sic
736 3867 776 3938 et
797 3858 839 3938 in
860 3860 979 3942 tertio
997 3860 1132 3966 gradu
1155 3857 1383 3966 prohibitae
1409 3869 1510 3940 sunt
1585 3869 1586 3872 ‘

336 3987 443 4068 inter
472 3988 632 4071 affines,
666 3991 892 4099 Postquam
922 4001 1062 4074 autern
1093 3995 1198 4073 inter
1216 3974 1218 3988 ¹
1227 3991 1435 4099 patrueles
1465 4001 1508 4073 et

328 4121 602 4200 consobrinas
633 4121 847 4206 interdicta
886 4125 1053 4207 fuerunt
1092 4124 1301 4233 conjugia,
1335 4133 1435 4206 tunc
1463 4135 1507 4206 et

333 4253 439 4334 inter
463 4251 613 4335 'affines
644 4257 826 4339 secundo
857 4257 989 4365 gradu
1030 4257 1349 4367 computationis
1382 4283 1508 4339 cano·

332 4387 448 4470 nicae
479 4391 622 4472 eadem
653 4391 819 4474 fuerunt
849 4393 1094 4500 improbata.
1119 4391 1301 4475 Celebris
1321 4405 1384 4473 est
1405 4417 1504 4474 con·
1584 4389 1585 4479 t
