3386 5126
572 413 673 460 amna
695 415 729 461 v.
753 431 796 444 -—
819 415 959 463 munus
982 417 1013 461 v.
1329 401 1392 468 171

214 538 432 629 divitibus
455 547 711 620 reservatum
743 548 843 621 erat.
884 540 950 621 Ad
982 540 1221 648 hujusmodi
1254 542 1392 652 itaque

214 674 374 754 abusus
389 673 544 782 ubique
562 674 763 755 tollendos
779 701 902 756 omne
923 676 1124 777 studium,
1157 684 1197 757 et
1226 705 1392 762 omnem

213 833 355 890 curam
374 807 773 910 adhibuitEoolesia,
793 837 867 890 ceu
885 815 998 917 patet
1015 835 1065 889 ex
1088 809 1192 920 Cup,
1205 813 1243 904 1,
1254 817 1299 904 2,
1314 819 1392 897 et3

213 943 255 1025 h.
281 950 311 1036 t,
337 943 375 1022 vi
397 969 574 1052 quorum
597 943 849 1051 prohibitum
877 942 964 1040 fuit,
987 943 1212 1050 quominus
1234 945 1391 1054 aliquid

211 1103 286 1186 pro
302 1077 466 1158 lieentia
480 1077 650 1158 docendi
668 1077 918 1184 exigeretur,
940 1084 979 1158 et
997 1078 1174 1186 receptio
1192 1081 1392 1188 pecuniae

214 1210 487 1292 condemnata
503 1219 564 1292 est
580 1211 705 1293 veluti
726 1213 761 1291 si
784 1211 876 1293 labe
897 1211 1099 1293 simoniae
1118 1211 1225 1320 juris
1251 1215 1393 1298 Euole-

212 1343 368 1426 siastioi
400 1343 549 1424 infecta
570 1345 687 1445 foret,
723 1345 896 1453 ideoque
926 1345 1163 1426 invocatum
1186 1345 1264 1426 suit
1289 1347 1389 1428 illud

210 1477 458 1586 principium
480 1523 540 1542 —
562 1479 679 1570 Quod
706 1480 838 1588 gratis
861 1481 1089 1592 accepistis,
1116 1482 1248 1589 gratis
1275 1479 1384 1561 date.

627 1821 865 1906 TITULUS
898 1823 966 1904 VI.

304 2049 371 2128 De
399 2047 586 2147 ludaeis,
620 2047 857 2140 Saracenis,
893 2073 1109 2153 eorumque
1142 2047 1284 2127 serris.

296 2265 548 2374 Compilator
573 2266 680 2374 juris
706 2265 902 2346 Canonici
924 2267 1087 2347 loeutus
1110 2265 1160 2345 de
1185 2265 1386 2346 simonia-

207 2401 283 2505 ois,
308 2403 377 2510 qui
400 2401 600 2509 Spiritum
619 2402 817 2481 Sanctum
836 2400 1050 2482 vendendo
1071 2425 1144 2506 per
1166 2397 1385 2480 simoniam

80 2589 82 2592 -
205 2536 508 2645 blasphemant,
552 2534 686 2642 pergit
726 2534 778 2614 ad
819 2534 996 2614 alterum
1027 2532 1224 2613 delictum
1255 2531 1383 2614 cultui

205 2669 371 2769 Divin0,
397 2677 436 2751 et
452 2695 572 2750 verae
591 2669 775 2777 religioni
793 2668 946 2776 pariter
966 2668 1205 2769 adversum,
1229 2667 1385 2748 seilicet
1405 2717 1408 2724 ,

206 2802 257 2882 ad
281 2802 322 2882 in
318 2801 584 2908 fidelitatem,
608 2827 682 2909 per
701 2827 826 2908 quam
843 2801 885 2880 in
906 2802 1059 2902 Deum,
1086 2800 1260 2908 ejusque
1280 2801 1384 2882 Uni-

204 2934 387 3042 genitum
420 2934 572 3014 Filium
603 2941 812 3041 peccatur,
846 2960 921 3014 seu
952 2935 1085 3041 pergit
1106 2935 1156 3013 ad
1183 2934 1291 3035 illos
1311 2934 1384 3042 qui

202 3069 315 3170 fidei,
335 3077 375 3151 et
391 3069 577 3175 religioni
599 3065 858 3150 Christianae
880 3068 1207 3148 contradicentes
1228 3067 1378 3168 Deum,

204 3203 638 3308 aopraeoipueJesum
659 3201 869 3282 Christum
891 3199 1023 3279 filium
1041 3199 1132 3305 ejus
1149 3199 1378 3303 offendunt,

203 3335 352 3443 quippe
384 3335 568 3418 infideles
599 3344 713 3417 sunt.

288 3469 428 3576 Hujus
458 3469 709 3549 infidelitatis
736 3467 858 3574 juxta
888 3465 1042 3545 Divum
1072 3463 1276 3543 Thomam
1299 3469 1381 3545 tres
1488 3570 1490 3576 Ι

140 3631 142 3638 ·
201 3609 299 3680 sunt
338 3601 512 3707 speeies
555 3600 742 3682 videlicet
781 3598 1077 3708 Paganismus,
1121 3595 1378 3689 Judaismus,

200 3740 241 3814 et
270 3735 485 3828 Haereses,
519 3736 568 3816 de
599 3733 773 3843 quatit.
809 3732 1011 3841 sequenti.
1227 3741 1230 3746 “

286 3869 565 3976 paganismus
597 3876 660 3950 est
691 3893 805 3949 error
835 3867 1016 3968 illorum,
1052 3865 1120 3974 qui
1159 3864 1269 3945 idola
1304 3890 1379 3946 oo-

199 3999 329 4082 lentes
362 4003 506 4084 verum
537 4003 672 4083 Deum
695 4009 862 4110 negant,
886 4001 1058 4109 ideoque
1082 4025 1156 4080 neo
1177 3997 1375 4099 misteria,

199 4163 275 4218 neo
306 4135 497 4219 veritates
528 4163 553 4218 a
582 4138 669 4219 Deo
701 4137 741 4218 in
773 4136 917 4236 veteri,
942 4143 982 4216 et
1001 4161 1108 4216 novo
1133 4141 1377 4216 testamento

198 4270 401 4352 revelatas
431 4271 678 4373 admittunt3
699 4271 749 4353 ad
767 4293 892 4379 quem
909 4277 1064 4350 saetam
1089 4267 1227 4350 reduoi
1251 4268 1375 4349 etiam

202 4403 431 4488 Saracenos
462 4405 621 4487 eruitur
651 4433 700 4488 ex
735 4406 839 4517 Cap.
878 4409 952 4498 10,
987 4411 1024 4484 et
1055 4405 1126 4497 18,
1156 4402 1231 4486 hoo
1262 4401 1370 4484 titul.
