3380 5132
332 361 403 424 346
624 373 915 425 runncnorronns
938 373 1031 424 surus
1054 371 1224 424 onuomoi

344 512 391 586 ut
413 504 595 585 ‘advertit
615 503 769 584 Giraldi
793 504 868 584 loc.
894 504 962 582 cit.
988 502 1239 610 Praecipuae
1272 499 1382 582 enirn
1403 500 1509 581 duae

296 717 300 724 .
341 647 474 736 erant,
502 646 548 718 ut
568 637 722 720 scilicet
752 637 974 718 evitaretur
1003 635 1218 744 sanguinis
1244 633 1437 736 turbatio,
1462 659 1510 714 ac

342 747 396 852 nc
428 773 660 880 frequentor
698 769 899 851 incertum
938 771 1052 851 ficret
1092 771 1184 876 quis
1223 777 1345 849 natae
1384 767 1509 875 prolis

346 912 461 1012 pater
491 911 599 984 esset
629 931 681 984 an
713 903 886 1010 primuS,
911 929 965 983 an
994 903 1202 984 secundus
1233 901 1423 1002 maritus;
1447 927 1512 981 se-

188 1109 190 1119 ,
215 1126 216 1134 Ν
340 1039 481 1119 cundo
502 1065 614 1137 vere,
639 1037 736 1146 quia
757 1037 792 1119 si
814 1063 958 1118 moxa
978 1045 1108 1118 morte
1139 1035 1274 1118 mariti
1297 1035 1412 1116 alteri
1433 1061 1512 1114 nu-

346 1171 459 1250 beret
485 1161 622 1270 vidua,
651 1195 733 1250 non
754 1169 885 1252 levem
907 1169 1184 1276 suspicionem
1206 1169 1406 1276 ingereret
1422 1194 1513 1274 per-

346 1303 491 1410 petrati
515 1303 705 1384 adulterii
722 1300 809 1383 viro
832 1304 966 1384 adhuc
981 1304 1156 1404 vivente,
1177 1303 1241 1382 vel
1262 1301 1409 1382 saltem
1425 1301 1510 1407 jam

347 1436 505 1545 pridem
537 1437 741 1543 cogitasse
771 1438 821 1518 de
852 1438 1043 1519 secundis
1074 1437 1244 1544 nuptiis,
1270 1436 1337 1518 cui
1358 1436 1512 1516 nubere

346 1571 583 1652 festinabat.
618 1571 732 1651 Haec
762 1576 900 1651 tam'cn
933 1571 1128 1652 infamiae
1165 1579 1262 1652 nota
1300 1597 1372 1677 per
1401 1569 1513 1677 leges

346 1703 648 1786 ecclesiasticas
679 1704 832 1785 abolita
861 1713 937 1806 est,
973 1713 1093 1814 prout
1123 1706 1272 1786 dicitur
1302 1705 1344 1784 in
1371 1683 1461 1815 cup.
1486 1709 1515 1782 4

343 1845 385 1918 et
400 1838 477 1918 512.
494 1845 542 1938 t.,
562 1864 656 1917 cum
679 1839 908 1942 secundum
924 1837 1170 1946 Apostolum
1186 1837 1335 1917 mulier
1350 1843 1515 1916 mortuo

346 1971 437 2051 viro
468 1997 546 2050 suo
577 1970 628 2050 ab
660 1969 749 2078 ejus
779 1971 833 2051 sit
863 1971 952 2077 lege
971 1969 1132 2087 soluta,
1167 1979 1206 2050 et
1235 1970 1416 2050 nubendi
1448 1969 1513 2048 cui

346 2103 449 2203 vult,
462 2111 622 2184 tantum
639 2105 680 2183 in
696 2103 888 2206 Domino,
903 2103 1073 2184 liberam
1090 2084 1239 2186 habeat
1260 2104 1509 2202 facultatem,

351 2239 518 2345 proinde
548 2265 630 2318 non
662 2238 807 2320 debeat
837 2239 1030 2318 infamiae
1060 2237 1203 2344 legalis
1225 2237 1428 2318 sustinere
1453 2236 1517 2343 ja-

345 2379 525 2450 cturam.
552 2371 721 2451 Codices
747 2362 896 2452 Ci'viles
918 2371 1118 2471 moderni,
1143 2378 1188 2453 ut
1214 2369 1362 2451 Codice
1387 2370 1518 2459 Ciuile

345 2502 416 2582 dcl
437 2503 573 2610 Repno
595 2501 633 2583 d’
647 2504 775 2583 Italia
796 2512 878 2585 ort.
906 2505 975 2604 57,
1000 2506 1049 2585 de
1068 2505 1147 2584 hac
1167 2530 1299 2611 poena
1320 2503 1515 2584 infamiae

349 2635 703 2743 conloquuntur,
741 2664 872 2745 neque
903 2639 952 2718 de
984 2665 1091 2720 anno
1121 2639 1273 2738 luctuS,
1307 2637 1414 2720 sicut
1443 2667 1518 2720 nec

352 2768 403 2847 dc
430 2769 585 2848 ratione
607 2768 795 2876 publicae
825 2770 1069 2870 honestatiS,
1093 2772 1164 2852 sed
1187 2777 1325 2851 vetant
1344 2770 1421 2851 has
1442 2799 1519 2850 nu·

352 2903 461 3008 ptias
491 2903 634 3010 primis
665 2903 805 2984 decem
836 2905 1050 2984 mensibus
1081 2931 1106 2983 a
1135 2904 1200 2985 die
1231 2904 1439 2986 solutiva]
1466 2905 1520 2984 ir-

238 3031 241 3039 ’
353 3035 419 3116 riti
438 3034 580 3119 ¹habiti
611 3037 733 3144 primi
764 3029 1029 3138 matrimonii,
1064 3039 1123 3119 ita
1153 3045 1199 3118 ut
1228 3047 1360 3120 cesset
1390 3039 1519 3146 impe·

348 3169 582 3251 dimentum
614 3198 639 3250 a
669 3171 748 3272 die,
782 3199 863 3280 quo
894 3172 1042 3252 mulier
1072 3169 1289 3280 pepererit;
1314 3173 1422 3280 quod
1443 3171 1519 3251 im-

352 3311 491 3410 portat
516 3303 557 3384 id
579 3303 732 3385 factum
763 3331 852 3385 esse
883 3313 1043 3386 tantum
1065 3307 1116 3386 ad
1137 3306 1358 3386 tollendam
1389 3305 1519 3386 incer-

351 3437 573 3519 titudinem
603 3436 890 3518 successionis.
922 3437 973 3518 Et
1004 3437 1045 3517 in
1075 3438 1152 3518 hoc
1183 3439 1284 3520 nihil
1316 3439 1426 3521 aliud
1457 3466 1520 3519 re-

356 3569 571 3676 prehendit
599 3570 799 3672 Ecclesia,
834 3573 913 3651 nisi
944 3597 1151 3652 concessum
1179 3554 1416 3676 sanctionis,
1441 3573 1518 3654 sibi

349 3703 464 3782 enim
496 3709 661 3808 arrogat
686 3701 756 3809 jus
782 3704 900 3784 civile
930 3713 1174 3812 potestatem
1196 3708 1371 3814 ponendi
1393 3709 1522 3816 impe·

351 3835 583 3916 dimentum
616 3835 865 3917 matrimonii
887 3839 1098 3940 dirimens,
1123 3855 1247 3947 quam
1278 3841 1517 3940 nonhabet,

350 3994 453 4050 cum
483 3968 576 4048 aliis
606 3969 740 4052 modis
770 3980 909 4079 posset
938 3973 1170 4054 certitudini
1211 3975 1520 4056 successionum

358 4101 604 4210 prospicere;
638 4111 678 4182 at
708 4103 788 4183 alia
818 4105 1028 4186 sanctione
1060 4104 1160 4186 haec
1196 4105 1522 4192 inconvenientia

352 4235 501 4317 vitare.

477 4369 537 4449 3.⁰
558 4333 631 4450 Ad.
644 4345 849 4452 secundas
881 4380 1018 4454 autem
1050 4373 1216 4482 nuptias
1247 4401 1327 4456 non
1355 4375 1524 4484 permit-
