3178 5134
336 406 401 470 256
625 417 916 468 rnnuuucrrorus
939 414 1033 466 ruars
1056 413 1225 493 canonici

342 547 627 657 contemplatis
659 574 684 626 a
708 545 816 653 jure,
840 543 937 653 quia
967 544 1008 625 id
1038 552 1240 626 statutum
1271 555 1333 625 est
1363 544 1404 625 in
1430 545 1504 626 im-

341 682 583 793 puberibuS,
608 681 678 789 qui
699 687 908 788 nequeunt
927 707 977 759 ex
1004 679 1097 786 jure
1118 679 1296 788 positivo
1317 679 1505 760 ecclesia-

340 816 443 896 stico
461 813 771 896 matrimonium
787 810 1041 912 contrahere,
1061 813 1258 919 quamdiu
1279 839 1332 893 ex
1347 811 1503 893 defectu

340 949 486 1032 aetatis
517 949 569 1030 ad
600 947 791 1056 copulam
821 953 919 1026 sunt
950 951 1045 1027 actu
1076 945 1294 1027 inhabiles,
1320 951 1376 1027 At
1397 945 1437 1026 id
1458 945 1505 1026 de

334 1084 429 1191 jure
459 1081 635 1192 positivo
666 1080 941 1168 ecclesiastico
972 1107 1055 1160 non
1086 1081 1210 1162 estin
1232 1081 1377 1188 quovis
1408 1067 1505 1161 casu

340 1216 578 1316 inhibitum3
611 1241 709 1321 ergo
740 1222 879 1294 manet
907 1213 1146 1321 propositio.
1174 1213 1280 1294 Hinc
1310 1239 1362 1293 ex
1390 1212 1504 1322 praxi

341 1349 549 1432 Ecclesiae
580 1347 809 1429 admittitur
839 1346 1080 1454 conjugium
1101 1355 1363 1454 aegrotorum
1385 1346 1505 1427 etiam

343 1485 523 1594 graviter
539 1482 889 1581 decumbentium,
909 1488 949 1562 et
964 1481 1088 1563 etiam
1109 1481 1150 1562 in
1171 1482 1315 1563 mortis
1336 1479 1508 1562 articulo

343 1615 659 1700 constitutorum
667 1645 677 1716 ;
700 1615 808 1694 sicut
829 1623 868 1696 et
888 1615 1059 1694 senibus
1089 1613 1338 1722 permittitur
1367 1614 1507 1722 conjo-

345 1753 476 1861 gium,
510 1751 588 1831 nisi
618 1749 703 1830 sint
732 1749 789 1829 ita
818 1749 1011 1858 decrepiti
1042 1758 1081 1830 et
1111 1748 1317 1858 exhausti,
1353 1757 1398 1829 ut
1428 1747 1508 1828 sint

347 1885 593 1994 impotentes
609 1883 660 1963 ad
677 1882 867 1989 copulam
889 1881 1136 1982 habendam,
1160 1909 1235 1963 nec
1250 1881 1406 1990 judicio
1427 1908 1509 1962 me·
1577 1959 1578 1978 ,

347 2022 533 2102 dicorum
565 2017 650 2099 ulla
680 2026 766 2097 arte
788 2016 950 2097 valeant
975 2015 1126 2122 juvari.
1151 2017 1260 2097 ldem
1282 2016 1445 2098 dicatur
1464 2018 1511 2098 de
1577 2063 1578 2114 q

348 2153 593 2232 mulieribus
623 2149 832 2230 sterilibus
863 2159 935 2229 aut
965 2149 1014 2229 de
1045 2149 1095 2228 iis
1125 2175 1230 2257 quac
1271 2176 1413 2258 parere
1444 2175 1512 2229 nc·

348 2293 505 2394 queunt
534 2285 621 2369 sine
653 2285 760 2364 vitae
791 2281 1040 2382 discrimine,
1070 2283 1133 2364 vel
1164 2283 1327 2365 nonnisi
1359 2283 1512 2364 loetum

348 2429 574 2500 mortuum.
597 2463 618 2478 -
636 2417 700 2498 lll.
729 2417 971 2524 impotentia
991 2419 1043 2498 ad
1064 2417 1294 2500 maritalem
1324 2419 1512 2525 copulam

349 2553 580 2634 habendam
612 2577 895 2660 quaecumque
926 2551 979 2632 sit
1009 2552 1270 2632 matrimonio
1298 2551 1384 2659 jam
1417 2578 1513 2632 con·

349 2695 479 2770 tracto
501 2687 795 2794 superveniens
816 2685 915 2766 illud
936 2712 1018 2765 non
1040 2685 1208 2787 dirimit,
1227 2687 1315 2767 sive
1336 2685 1414 2767 boc
1429 2685 1513 2792 jam

352 2819 474 2899 luerit
503 2828 852 2918 consummatum,
886 2829 959 2899 aut
988 2818 1227 2926 simpliciter
1256 2827 1407 2900 ratum.
1433 2817 1515 2897 Res

352 2952 583 3034 certissima
603 2961 665 3034 est
684 2953 733 3032 de
756 2952 1017 3033 matrimonio
1038 2961 1324 3034 consummato
1354 2961 1517 3060 propter

354 3085 445 3192 ejus
485 3085 648 3192 plenam
689 3083 1106 3186 indissolubilitatem,
1140 3111 1236 3166 cum
1277 3112 1358 3165 non
1389 3084 1516 3193 possit

353 3219 524 3299 dissolvi
556 3218 633 3298 nisi
665 3245 737 3326 per
767 3227 955 3318 mortem,
979 3226 1018 3300 et
1049 3218 1225 3300 habetur
1252 3217 1437 3300 decisum
1467 3244 1516 3299 ex
1576 3267 1577 3328 3

355 3379 447 3433 can.
469 3355 524 3432 25
541 3379 651 3432 cocco.
675 3355 728 3432 32
745 3360 898 3459 qrraest.
920 3353 960 3430 2'.
981 3351 1125 3432 Solum
1148 3354 1317 3461 proinde
1333 3353 1517 3462 quaestio

353 3513 445 3566 csse
476 3493 609 3594 potest
629 3487 678 3568 de
700 3485 962 3566 matrimonio
982 3495 1070 3566 rato
1093 3489 1369 3569 antecedente.
1393 3487 1517 3592 Atqui

353 3619 575 3700 tenendum
606 3626 762 3699 estnec
788 3619 1096 3700 matrimonium
1127 3629 1262 3702 ratum
1294 3620 1429 3703 dirimi
1449 3645 1519 3728 per

353 3751 709 3857 supervenientem
731 3777 1033 3859 quamcumque
1055 3752 1353 3860 impotentiam.
1375 3754 1519 3835 Osten-

353 3887 464 3968 ditur
495 3913 545 3967 ex
578 3889 645 3967 cit.
677 3913 768 3966 ccco.
794 3889 848 3966 25
873 3889 914 3967 in
939 3889 1158 3985 Gratiano,
1192 3897 1231 3969 et
1262 3915 1312 3969 ex
1345 3887 1513 3982 ratione,

354 4019 451 4126 quia
482 4019 790 4100 matrimonium
822 4029 957 4101 ratum
980 4049 1061 4102 non
1083 4021 1257 4104 solvitur
1276 4025 1412 4132 quoad
1433 4023 1518 4100 vin-

354 4152 510 4252 culum,
541 4152 619 4232 nisi
651 4181 699 4232 ox
729 4153 982 4261 professione
1014 4153 1207 4262 religiosa
1236 4157 1424 4256 solemni,
1449 4167 1518 4234 aut

356 4311 406 4364 ex
436 4285 644 4392 pontificia
674 4287 929 4368 auctoritate.
954 4289 1039 4367 lmo
1060 4289 1095 4368 si
1119 4287 1359 4398 impotentia
1383 4286 1520 4370 matri-

355 4418 494 4500 monio
525 4421 800 4528 superveniat,
832 4421 867 4500 si
900 4421 1112 4503 dubitatur
1142 4451 1195 4504 an
1225 4425 1278 4506 sit
1308 4430 1516 4533 perpetua,
