3360 5126
564 352 664 398 mena
687 352 716 396 v.
747 370 785 380 --
809 351 951 400 siranus
974 352 1032 397 xu.
1318 330 1381 398 241

727 618 769 715 §-
807 615 864 694 3².

534 884 598 964 De
629 881 851 964 homicidio
883 882 1058 981 casuali,

357 1025 394 1098 et
415 1016 464 1098 cle
497 1017 807 1127 irreqularitatc
839 1015 932 1098 inde
955 1019 1230 1126 proveniente,

615 1151 793 1260 aliisque
816 1151 974 1262 poenis.

294 1417 575 1500 Homicidium
608 1420 774 1500 casuale
804 1419 1040 1526 contingere
1071 1424 1204 1526 potest
1225 1425 1310 1500 lam
1333 1445 1390 1498 ecc

206 1577 329 1662 opere
375 1552 504 1649 licito,
548 1578 673 1660 quam
715 1579 770 1632 aa
816 1553 974 1632 illicite.
1018 1549 1126 1632 Hinc
1166 1551 1218 1632 ad
1257 1551 1384 1658 probe

207 1685 531 1792 agnoscendum,
551 1685 716 1793 quando
737 1713 789 1765 ex
810 1683 888 1766 hoc
910 1685 1200 1794 irregularitas
1221 1709 1385 1764 secum-

208 1817 375 1918 leratur,
402 1819 616 1902 distinctas
648 1820 913 1901 instituemus
935 1845 1009 1927 pro
1030 1817 1174 1926 majori
1197 1817 1387 1899 claritate

207 1952 483 2057 quaestiones,
722 1963 724 1967 ’

186 2123 187 2127 ¹
267 2083 466 2175 Quaritur
496 2085 622 2190 igitur
658 2091 713 2166 l.⁰
745 2114 814 2184 an,
848 2096 887 2167 et
923 2087 1087 2193 quando
1118 2085 1385 2164 homicidium

208 2215 374 2298 casuale
405 2241 457 2296 ex
487 2242 610 2325 opere
642 2217 752 2298 licito
783 2220 971 2298 seculum
1004 2217 1162 2296 inducit
1184 2215 1339 2323 irrequl
1368 2263 1388 2276 -

209 2352 404 2432 ritatem?
424 2349 534 2432 Huic
554 2349 861 2458 interrogationi
885 2349 1122 2457 responderi
1146 2349 1203 2430 ita
1223 2357 1385 2456 potest:

208 2483 243 2563 si
275 2482 541 2566 homicidium
575 2509 623 2564 ex
654 2510 775 2593 opere
806 2483 917 2565 licito
949 2484 1104 2592 absque
1136 2484 1221 2564 ulla
1242 2483 1379 2590 culpa,

208 2627 248 2697 et
277 2619 370 2699 dolo
401 2618 687 2719 committitur,
711 2629 751 2700 et
772 2619 823 2699 ad
855 2617 956 2700 illud
978 2617 1216 2698 evitandum
1247 2617 1386 2698 debita

209 2749 421 2857 diligentia
452 2751 528 2832 luit
560 2751 758 2851 adhibita,
783 2751 840 2831 ita
869 2759 914 2832 ut
944 2777 1054 2833 merc
1086 2750 1321 2849 casualiter,
1346 2759 1386 2830 ct

209 2883 376 2966 fortuito
407 2887 640 2991 eontigerit,
667 2897 764 2964 tunc
785 2895 943 2966 certum
966 2894 1041 2984 est,
1069 2883 1225 2966 nullam
1257 2911 1307 2964 ex
1337 2911 1384 2964 co

209 3017 346 3098 induci
381 3017 748 3127 irregularitatem,
773 3016 1011 3124 nullamque
1039 3015 1163 3095 aliam
1200 3017 1383 3096 contrahi

208 3175 384 3258 poenam
415 3151 503 3230 sive
534 3151 803 3249 Canonicam,
828 3150 914 3229 sive
940 3147 1127 3230 Ciuilem.
1163 3150 1287 3257 ldque
1319 3149 1389 3229 de-

208 3284 373 3365 ducitur
407 3287 464 3366 l.⁰
495 3311 544 3364 cx
579 3284 672 3392 jure
708 3283 835 3382 civili,
869 3287 924 3364 2⁰
955 3311 1006 3364 cx
1034 3283 1128 3390 jure
1171 3283 1383 3365 canonice.

207 3418 272 3498 Ex
298 3417 391 3526 jure
432 3418 540 3498 civili
585 3419 643 3498 uti
688 3424 796 3524 patet
827 3445 878 3498 ex
919 3419 1016 3526 Lea.
1052 3419 1153 3496 ltern
1184 3417 1306 3497 Mala
1337 3421 1386 3508 9,

209 3555 249 3654 ἕ.
289 3555 332 3652 4,
367 3579 421 3632 ccc
452 3553 526 3662 leq.
562 3553 745 3635 Putator
777 3555 818 3634 in
841 3551 925 3660 fin.
952 3553 1010 3660 ff.
1047 3549 1105 3632 ad
1136 3550 1212 3662 leq.
1247 3551 1385 3658 Aqui-

209 3683 310 3766 liam¹
353 3687 428 3796 leq.
475 3688 535 3768 1st
566 3695 602 3767 et
633 3687 708 3797 leq.
745 3687 869 3779 Eum,
913 3688 985 3795 qui
1019 3685 1120 3768 Cael.
1165 3683 1222 3766 ad
1262 3685 1386 3794 legem

212 3819 449 3900 Corneliam
480 3819 529 3900 dc
563 3821 701 3903 Siear.
737 3823 799 3902 2.⁰
830 3820 892 3900 Ex
920 3820 1012 3928 jure
1054 3819 1276 3918 Canonico,
1310 3844 1385 3900 ceu

207 3959 319 4060 patet
350 3978 401 4032 ex
438 3954 541 4064 Cap.
578 3960 623 4055 9,
658 3981 748 4065 cap.
783 3953 968 4036 Dilectus
999 3955 1070 4045 13,
1105 3979 1197 4063 cap.
1231 3951 1305 4032 Ea
1336 3951 1386 4030 li·

208 4087 305 4168 teris
330 4089 406 4181 14,
427 4113 482 4166 ca
496 4115 589 4198 cap.
613 4090 874 4199 Significasti
895 4115 949 4170 eu
964 4116 1055 4199 cap.
1075 4085 1284 4167 Eachibita
1304 4088 1381 4178 22,

208 4245 262 4300 aa
293 4240 383 4332 cap.
418 4223 600 4303 Joannes
632 4225 709 4323 23,
744 4249 798 4302 ecc
828 4249 919 4333 cup.
949 4221 1127 4314 Quidam
1158 4223 1235 4315 24,
1260 4219 1302 4302 h.
1327 4225 1383 4318 t.;

202 4355 279 4435 -ubi
303 4357 354 4437 ad
377 4356 514 4439 varios
536 4356 776 4464 hujusmodi
795 4383 936 4456 aasuS,
960 4355 1002 4437 in
1023 4355 1177 4466 quibus
1198 4384 1248 4437 cx
1264 4379 1391 4462 opere
