3388 5136
547 393 647 438 niuea
670 393 701 436 v.
725 409 767 420 -
792 393 933 439 arnonus
955 393 1004 439 111.
1326 370 1368 436 97

192 517 232 597 in
264 517 391 598 veteri
423 521 668 597 testamento
709 517 844 598 solum
887 517 1041 624 gratias
1083 517 1211 624 gratis
1252 517 1370 599 datas

191 654 489 753 vendiderunt3
523 660 565 732 at
595 651 741 732 Simon
772 652 848 734 iste
878 651 1032 758 Magus
1055 652 1096 732 in
1117 679 1224 733 novo
1247 659 1371 733 testa-

191 797 332 870 mento
363 814 496 868 emere
518 787 649 868 voluit
669 787 807 895 ipsum
829 786 1028 895 Spiritum
1052 787 1267 888 Sanctum,
1292 785 1372 868 sci-

190 921 284 1004 licet
315 921 491 1029 gratiam
522 920 860 1019 sanctificantem,
911 948 983 1029 per
1024 946 1149 1028 quarn
1191 919 1370 1027 Spiritus
1453 952 1457 960 ·

192 1056 373 1137 Sanctus
405 1055 447 1135 in
479 1055 599 1135 nobis
630 1053 846 1136 inhabitat.
880 1055 974 1136 Act.
1000 1057 1028 1133 8
1056 1096 1114 1116 --
1135 1051 1190 1131 ibi
1211 1097 1269 1116 —-
1293 1054 1372 1134 Ob-

192 1189 286 1270 tclit
322 1191 380 1272 eis
418 1187 664 1298 (Apostolis)
699 1188 919 1299 pecuniam
961 1187 1154 1285 indicens,
1201 1187 1297 1268 date
1335 1195 1372 1268 et

192 1323 296 1404 milei
317 1323 422 1404 banc
437 1331 693 1436 potestatem,
719 1330 762 1403 nt
783 1324 1018 1430 cniccmque
1035 1325 1261 1432 imposnero
1283 1348 1373 1402 mn-

191 1484 280 1558 nus,
315 1461 496 1574 occipiat
525 1459 727 1569 Spiritum
760 1457 970 1538 Sanctum.

278 1593 403 1700 quue
434 1619 483 1673 ea
513 1591 736 1673 intentione
763 1591 965 1673 malitiam
1001 1591 1108 1672 hanc
1138 1589 1372 1698 duplicante
1473 1631 1476 1638 .
1588 1623 1592 1634 .
1678 1597 1679 1604 ¹

193 1726 420 1824 attentavit,
447 1733 492 1805 ut
512 1725 668 1807 seilicet
688 1732 932 1832 potestatem
948 1723 1060 1804 illam
1077 1723 1254 1832 pecunia
1274 1749 1373 1805 con-

191 1866 378 1960 secutuS,
412 1859 581 1940 eandem
614 1885 709 1940 curn
741 1865 929 1966 quaestu,
957 1865 996 1939 et
1022 1859 1136 1939 lucro
1157 1857 1371 1965 temporali

193 1992 337 2101 majori
362 2019 551 2076 exercere
573 2001 728 2102 posset,
757 1993 911 2074 donurn
935 1992 1037 2074 illud
1058 1992 1151 2072 aliis
1173 1991 1369 2091 vendens,

195 2135 239 2209 ut
268 2153 323 2207 ecc
353 2125 595 2225 venditione,
630 2152 734 2232 quoe
761 2153 837 2235 per
868 2126 1048 2207 eumdem
1068 2128 1209 2232 fieret,
1234 2127 1372 2206 multi-

125 2244 129 2252 ’
190 2263 390 2374 plicatam
414 2259 636 2370 pecuniam
667 2259 917 2358 lucraretur,
952 2285 1027 2338 ceu
1059 2258 1242 2365 loquitur
1262 2257 1373 2336 Pon-

193 2395 291 2476 tifex
310 2390 505 2478 Urbanu's
522 2395 554 2473 ΙΙ
575 2393 678 2472 Can.
700 2392 914 2473 Saloatum
930 2397 959 2472 8
977 2418 1089 2472 cans.
1110 2397 1132 2472 1
1153 2397 1307 2500 quaest.
1323 2393 1368 2472 3.

194 2529 301 2611 Hinc
332 2529 479 2610 merito
510 2527 600 2609 eius
630 2525 830 2608 malitiam
864 2525 975 2608 illico
1006 2525 1232 2634 increpavit
1253 2524 1374 2604 Prin-

194 2685 290 2765 ceps
336 2659 634 2767 Apostolorum
676 2659 826 2741 Petrus
868 2660 1028 2761 dicenS,
1072 2661 1260 2742 Pecunia
1301 2667 1374 2740 tua

194 2801 323 2874 tecum
352 2795 405 2874 sit
439 2796 481 2873 in
503 2794 754 2904 perditione,
789 2796 987 2904 qnoniam
1009 2795 1158 2878 donum
1179 2796 1262 2877 Dei
1283 2796 1374 2876 ecci-

191 2929 371 3010 stimasti
393 2930 573 3039 pecunia
596 2929 822 3040 possidere.

252 3079 256 3090 '
280 3063 448 3144 Utinam
481 3070 618 3144 autern
650 3063 859 3144 teterrima
890 3061 969 3143 ista
984 3062 1073 3143 lues
1090 3091 1186 3146 curn
1203 3090 1281 3145 suo
1298 3091 1374 3144 au-

194 3207 305 3279 ctore
337 3196 578 3298 interiisset,
624 3199 682 3279 ita
722 3197 832 3278 enim
862 3197 1159 3305 posterioribus
1195 3197 1373 3280 saeculis

195 3330 383 3414 Ecclesia
412 3330 562 3412 Christi
595 3339 654 3412 tot
683 3331 794 3412 mala
825 3357 906 3412 non
927 3331 1195 3439 deplorasset,
1220 3340 1260 3413 et
1281 3333 1374 3438 pul-

194 3465 361 3562 ebraei
388 3465 535 3547 decora
555 3461 646 3545 eius
669 3463 794 3546 facies
815 3465 1033 3571 deturpata
1054 3463 1165 3545 haud
1187 3463 1368 3546 luissetl!

195 3597 304 3678 Sane
335 3597 516 3706 exceptis
547 3605 727 3705 quatuor
757 3595 964 3707 prioribus
994 3598 1189 3700 saeculis,
1219 3597 1260 3679 in
1282 3597 1374 3706 qui-

194 3732 273 3812 bus
304 3731 458 3814 crimen
490 3732 567 3814 hoc
598 3731 880 3814 committendi
913 3735 1074 3814 occasio
1106 3733 1207 3814 viris
1233 3733 1374 3816 Eccle-

194 3866 372 3948 siasticis
403 3866 516 3948 haud
547 3892 638 3946 esse
669 3865 817 3974 potuit,
851 3875 1067 3975 propterea
1097 3869 1206 3975 quod
1232 3867 1374 3949 Eccle-

194 4000 280 4080 siae
295 4001 415 4082 bonis
434 3998 732 4108 temporalibus
749 4001 934 4080 nondum
946 4000 1191 4108 potirentur,
1205 3999 1373 4080 saeculo

193 4143 332 4215 tamen
362 4134 402 4212 V
434 4143 473 4217 et
503 4135 561 4216 VI
591 4135 746 4216 crimen
778 4134 855 4216 hoc
896 4134 1169 4243 plurimorum
1212 4133 1374 4214 animos

193 4267 424 4376 occupavit,
459 4295 507 4350 eo
539 4271 647 4377 quod
679 4268 791 4352 hisce
822 4269 1079 4379 temporibus
1109 4269 1293 4351 fidelium
1325 4269 1375 4350 li-

194 4401 386 4484 beralitas
417 4411 457 4485 et
487 4402 742 4512 generositas
773 4403 893 4486 bonis
914 4406 1211 4514 temporalibus
1232 4403 1371 4486 Eccle-

307 4565 512 4610 nmam
1250 4555 1268 4608 4
