3178 5134
225 405 291 472 278
512 419 801 473 rmnnnorrouns
823 421 919 472 rums
942 419 1111 472 canorum

234 547 569 649 matrimoniales
592 548 664 629 sed
693 548 829 657 potius
857 573 1009 629 causae
1030 543 1170 628 civiles
1191 553 1304 628 actae
1325 569 1393 625 oc

143 683 145 694 '
235 681 399 762 oasione
419 679 684 762 matrimonii.
709 679 766 760 At
787 683 882 760 ‘vero
912 679 947 758 si
973 679 1153 761 incidant
1173 679 1275 758 istae
1295 705 1393 758 cau-

234 838 307 893 sae
328 813 370 892 in
386 819 518 892 'causa
537 811 826 893 matrimoniali
844 810 1005 919 proprie
1021 811 1141 911 dicta,
1163 836 1267 918 quae
1283 807 1395 916 prin-

232 943 420 1053 cipaliter
449 951 610 1050 agatur,
643 951 742 1024 tunc
766 943 896 1050 judex
920 941 1220 1024 ecclesiasticus
1250 940 1394 1048 hujus-

237 1077 347 1158 modi
378 1103 527 1158 causas
556 1102 718 1186 quoque
748 1103 992 1184 cognoscere
1023 1083 1170 1185 potest,
1204 1083 1244 1156 et
1272 1099 1396 1182 super

238 1209 303 1291 his
333 1210 611 1317 pronuntiare,
648 1218 770 1318 prout
808 1211 990 1291 sentiunt
1028 1236 1171 1291 omnes
1200 1209 1395 1290 Doctores

209 1391 212 1396 -
239 1343 349 1451 apud
372 1341 641 1424 Reiffenstuel
672 1343 712 1424 h.
738 1351 766 1424 t.
792 1371 900 1425 num.
926 1345 981 1424 25
1002 1369 1097 1424 cum
1122 1342 1250 1450 judex
1270 1339 1396 1422 eccle-

240 1477 433 1557 siasticus
453 1501 535 1556 non
555 1475 609 1557 sit
629 1476 804 1584 incapax
834 1475 1104 1584 cognoscendi
1125 1502 1275 1558 causas
1295 1483 1396 1554 tem-

243 1609 417 1718 poraleS,
442 1610 513 1689 sed
545 1609 681 1716 potius
711 1636 840 1716 capax
872 1635 963 1690 esse
992 1616 1125 1718 potest
1154 1633 1206 1689 ex
1226 1633 1397 1689 consue-

241 1743 395 1842 tudine,
428 1769 479 1822 ex
509 1743 758 1823 continentia
791 1768 958 1845 causae,
991 1741 1163 1852 aliisque
1193 1767 1246 1822 ex
1273 1739 1397 1820 ratio-

243 1876 379 1956 nibus
405 1874 563 1956 Causae
592 1877 758 1956 demum
789 1902 894 1984 quae
920 1877 1120 1984 pertinent
1139 1877 1192 1957 ad
1211 1882 1396 1983 quartam

242 2009 421 2116 speciem
461 2007 651 2089 dicuntur
685 2011 810 2088 mixti
829 2009 927 2118 sori
956 2035 1050 2092 cum
1089 2008 1189 2090 talia
1227 2005 1397 2088 crimina

244 2139 406 2222 laedant
435 2147 519 2221 tam
536 2139 680 2220 civilis
709 2141 956 2249 reipublicae
985 2149 1155 2242 statum,
1179 2166 1302 2249 quarn
1331 2163 1399 2218 so-

213 2355 217 2364 ,
246 2273 433 2356 cietatem
463 2273 796 2356 ecclesiasticam.
820 2275 952 2355 Hodie
978 2275 1048 2355 vix
1077 2301 1199 2356 casus
1229 2279 1290 2354 est
1319 2297 1399 2380 quo

248 2410 290 2489 in
310 2407 361 2486 iis
381 2407 622 2489 interveniat
637 2409 858 2489 auctoritas
878 2407 1167 2509 ecclesiastica,
1191 2433 1285 2488 cum
1305 2431 1402 2485 san-

247 2540 328 2622 ctio
358 2539 489 2621 civilis
519 2541 573 2622 sit
602 2541 817 2623 efficacior.

365 2676 424 2754 3.⁰
455 2675 648 2782 Sequitur
676 2676 875 2784 quaestio:
911 2676 980 2784 qui
1012 2674 1173 2756 valeant
1207 2697 1402 2755 accusare

248 2808 583 2889 matrimonium?
613 2809 666 2891 Et
696 2809 737 2890 in
766 2811 843 2891 hac
872 2809 1108 2918 quaestione
1137 2809 1183 2890 fit
1212 2807 1406 2888 aDocto-

249 2940 363 3022 ribus
394 2942 525 3049 prima
554 2941 777 3044 distinctio,
801 2969 854 3025 an
879 2945 1032 3025 scilicet
1062 2951 1208 3050 agatur
1238 2943 1286 3022 de
1315 2965 1406 3019 ma-

247 3073 439 3154 trimonio
470 3073 756 3174 contrahendo,
792 3076 856 3156 vel
891 3075 977 3183 jam
1012 3081 1234 3156 contracto.
1268 3072 1321 3152 Et
1349 3071 1406 3151 si-

250 3208 415 3314 quidem
434 3207 484 3288 de
505 3205 736 3288 accusando
765 3207 1025 3289 matrimonio
1051 3205 1324 3289 contrahendo
1354 3205 1409 3285 ad

251 3341 528 3421 accusandum
549 3339 612 3419 vel
642 3339 778 3447 potius
799 3339 1121 3421 denuntiandum
1142 3339 1411 3448 impedimen-

254 3481 342 3552 tum
363 3499 505 3553 omnes
526 3473 574 3553 de
595 3472 746 3580 populo
768 3471 1051 3572 admittuntur,
1076 3471 1158 3552 imo
1178 3473 1214 3550 si
1235 3469 1412 3579 probare

256 3605 440 3703 valeant,
486 3631 627 3686 omnes
666 3605 736 3714 qui
776 3605 869 3686 talis
909 3605 1186 3712 impedimenti
1225 3603 1414 3685 notitiam

255 3739 407 3817 habent
422 3741 500 3817 sub
518 3739 632 3844 gravi
648 3747 850 3840 tenentur,
869 3747 991 3847 prout
1006 3738 1160 3822 dictum
1176 3747 1239 3818 est
1258 3739 1335 3818 Tit.
1347 3737 1423 3816 ΙΙΙ

257 3871 300 3950 in
340 3871 579 3979 exponendo
619 3871 749 3978 legem
791 3871 1114 3980 publicationum
1153 3871 1419 3953 matrimonio

256 4004 659 4112 praemittendarum.
681 4005 725 4085 Si
742 4031 838 4087 vero
854 4031 989 4086 sermo
1009 4005 1063 4086 sit
1083 4007 1132 4086 de
1153 4003 1419 4086 matrimonio

249 4138 337 4244 jam
367 4145 574 4219 contracto
604 4137 861 4220 dissociando
891 4137 1063 4220 aliaest
1093 4137 1322 4220 adhibenda
1351 4135 1421 4217 di-

256 4271 434 4352 stinctio.
467 4271 545 4351 Vel
576 4271 686 4351 enim
725 4272 931 4354 accusatio
972 4281 1034 4353 est
1065 4272 1116 4353 ad
1146 4270 1422 4352 obtinendum

256 4403 477 4484 divortium
516 4405 654 4486 minus
694 4405 860 4513 plenum
890 4433 965 4487 seu
1005 4407 1139 4514 quoad
1177 4405 1340 4487 thorum
1373 4415 1422 4486 et
