3178 5134
310 357 374 420 242
598 367 888 420 rnancncrronas
911 367 1004 418 rums
1028 367 1197 418 6111611161

316 495 463 576 fratres
495 495 700 603 patrueles
741 503 780 576 61
820 493 1088 574 consobrinos
1128 493 1257 574 vetuit
1297 492 1402 571 inter
1440 513 1487 566 se

314 629 494 736 conjugii
526 614 743 710 convenire
773 627 951 726 nomine,
988 635 1028 708 et
1057 627 1365 708 severissimam
1388 649 1486 732 poe-

314 789 410 844 nam
440 763 598 863 statuit,
633 763 668 842 si
691 761 783 870 quis
805 771 1005 843 temerare
1027 789 1156 843 ausus
1179 768 1288 842 asset
1309 760 1484 839 fratrum

315 898 382 1003 pia
411 898 597 1005 pignora,
634 905 673 978 et
703 907 841 978 tamen
872 893 928 975 illi
961 895 1135 977 invicem
1165 903 1265 976 sunt
1305 892 1384 974 sibi
1418 917 1488 970 ae·

316 1031 475 1138 (1113165,
510 1031 794 1112 tantumm0d0
826 1030 922 1138 quia
951 1028 1265 1138 propinquitatis
1296 1035 1394 1108 sunt
1414 1052 1487 1104 ne·

315 1165 567 1246 cessitudine
598 1173 637 1244 et
678 1164 857 1245 fraterno
898 1162 1105 1244 societatis
1145 1161 1260 1268 ligati
1300 1158 1484 1258 vineole,

314 1298 454 1406 pietati
485 1325 556 1409 eos
587 1297 717 1378 voluit
747 1298 893 1378 debere
915 1298 1022 1404 quod
1044 1295 1127 1376 nati
1149 1303 1261 1376 sunt.
1283 1327 1299 1368 1
1326 1293 1386 1372 De
1408 1291 1487 1372 hoc

315 1431 575 1539 Imperatoris
597 1431 728 1512 edicto
750 1431 936 1512 meminit
957 1431 1111 1512 Sextus
1132 1429 1327 1510 Aurelius
1343 1426 1493 1506 Victor

314 1590 389 1642 scu
421 1571 466 1643 ut
497 1564 564 1643 alii
597 1563 739 1646 volunt
769 1565 1008 1645 Victorinus
1038 1564 1078 1644 in
1110 1563 1229 1671 epist.
1265 1563 1317 1642 ad
1359 1559 1486 1638 Cesa-

314 1722 416 1796 rem,
451 1696 653 1804 inquiens:
693 1698 912 1779 <Tantum
943 1697 1089 1806 pudori
1131 1705 1170 1778 et
1210 1695 1487 1776 continentiae

316 1829 501 1910 tribuens
532 1841 578 1911 ut
608 1831 948 1912 consobrinarum
981 1831 1146 1939 nuptias
1176 1829 1351 1910 vetuerit
1380 1835 1489 1907 tam-

314 1991 437 2072 quam
469 1991 697 2044 sororum»
732 1972 772 2045 et
802 1967 967 2046 demum
1001 1965 1044 2044 S.
1079 1962 1345 2070 Augustinus
1376 1959 1489 2041 circa

314 2125 471 2178 annum
501 2101 585 2178 428
616 2099 665 2177 de
695 2101 805 2180 cinit.
841 2101 921 2180 Dei
952 2101 1021 2178 lib.
1062 2103 1112 2178 15
1145 2127 1234 2209 cop.
1274 2100 1323 2176 16
1361 2095 1488 2174 ‹Ve-

314 2240 548 2311 rumtamcn
588 2233 680 2338 quis
720 2220 878 2314 duliitct
924 2233 1136 2314 honestius
1183 2233 1257 2311 hoc
1303 2239 1485 2340 temporo

316 2364 440 2444 ctiam
461 2365 802 2447 consobrinorum
823 2368 1015 2474 conjugia
1035 2366 1240 2475 prohibita
1260 2390 1366 2464 esse,
1388 2365 1490 2471 qnia

316 2499 453 2578 nescio
485 2500 690 2605 quomodo
722 2501 827 2581 inest
852 2501 1056 2582 humanae
1076 2498 1347 2580 verecundiae
1366 2496 1491 2604 quid-

261 2655 262 2658 ‘
316 2631 411 2710 dam
442 2633 643 2734 naturale,
678 2641 799 2740 atque
835 2633 1058 2735 laudabile,
1093 2642 1139 2714 ut
1178 2633 1326 2740 cuique
1366 2631 1489 2712 debet

314 2791 442 2845 causa
470 2767 785 2875 propinquitatis
816 2769 1094 2850 verecundum
1122 2767 1334 2866 honorem,
1360 2763 1414 2844 ab
1438 2791 1488 2843 oa

313 2897 617 2978 commineat.»
663 2898 998 2980 Theodosiannm
1044 2899 1121 2981 hoc
1166 2898 1345 2980 edictum
1391 2896 1488 2977 licet

315 3028 507 3137 deinceps
539 3031 590 3110 ab
627 3032 805 3112 Arcadio
845 3035 1091 3139 Imperatore
1134 3031 1277 3112 luisset
1316 3055 1493 3110 revoca-

314 3173 401 3244 tum
434 3191 541 3244 anno
578 3167 679 3266 405,
723 3173 763 3246 et
801 3165 1060 3246 Justinianus
1103 3167 1195 3244 inst.
1241 3164 1290 3245 cle
1330 3167 1488 3273 nuptiis

313 3301 338 3399 ἓ
372 3303 399 3378 4
429 3297 534 3379 111161
563 3300 769 3407 patrueles
790 3308 829 3380 61
850 3300 1119 3381 consobrinas
1141 3299 1307 3406 nuptias
1333 3299 1488 3405 permi-

312 3431 450 3530 sisset,
484 3429 695 3512 fatendum
726 3440 862 3512 tamen
894 3433 1028 3512 estin
1060 3432 1277 3513 Occidente
1300 3429 1490 3536 viguisse

313 3562 436 3642 etiam
467 3589 539 3670 per
569 3589 717 3644 aevum
748 3563 930 3646 Concilio
952 3565 1150 3647 Trullano
1177 3565 1376 3665 anterius,
1401 3591 1491 3671 quo

315 3696 356 3774 in
376 3691 569 3776 'Concilio
599 3697 802 3777 celebrato
834 3725 942 3780 anno
974 3669 1057 3780 '692
1080 3727 1170 3780 can.
1198 3698 1489 3778 5266166611-

314 3855 462 3910 norum
503 3830 670 3938 nuptiae
713 3830 968 3938 improbatae
1008 3846 1120 3933 sunt,
1164 3841 1204 3913 et
1243 3831 1300 3912 ita
1339 3831 1486 3912 eadem

315 3964 456 4072 praxis
478 3964 519 4044 in
549 3964 627 4057 hoc
647 3965 860 4072 conjunxit
882 3967 1131 4048 Orientalcm
1153 3967 1382 4048 Ecclesiam
1404 3968 1488 4048 Oc·

312 4096 517 4178 cidentali.
553 4089 650 4178 Fuit
680 4123 777 4205 ergo
809 4097 850 4180 in
881 4099 1030 4180 Latina
1059 4109 1099 4182 ct
1119 4100 1277 4181 Graeca
1298 4099 1486 4180 Ecclesia

314 4230 652 4338 impedimentum
674 4231 931 4337 cognationis
952 4240 1169 4314 extensum
1191 4239 1323 4340 usque
1345 4233 1398 4313 ad
1420 4259 1489 4312 se·

312 4364 494 4446 cundum
525 4363 699 4472 gradum
732 4366 953 4448 canonicae
989 4366 1309 4476 computationis
1351 4366 1486 4448 inclu-
