3136 5138
271 394 315 457 ol
559 409 851 462 rmrcucrronus
874 409 968 461 Juurs
992 406 1161 462 onuouror

278 537 380 619 tavit
411 537 563 646 aliquid
594 565 683 620 esse
715 539 993 620 innovandum
1024 547 1063 620 et
1093 540 1137 620 S.
1173 539 1448 648 Congregatio

278 669 448 752 Concilii
480 671 522 751 in
552 671 828 753 decisionibus
858 671 998 754 relatis
1027 699 1053 752 a
1082 671 1237 754 Giraldi
1268 699 1332 784 op.
1368 674 1439 754 cit.

272 812 388 914 port.
423 807 450 884 2
479 799 573 886 sect.
621 809 700 887 115
741 813 974 888 constanter
1012 805 1156 906 tenuit,
1199 832 1282 888 non
1321 833 1448 914 posse

281 937 412 1028 valide
441 939 636 1021 celebrari
667 939 976 1021 matrimonium
997 964 1136 1020 coram
1157 938 1342 1021 Parocbo
1363 939 1445 1020 loci

281 1072 352 1152 ubi
373 1072 466 1180 quis
495 1099 624 1156 causa
651 1072 944 1172 rusticationis,
968 1081 1040 1154 aut
1060 1071 1305 1154 valetudinis
1327 1099 1449 1154 recu-

281 1206 497 1312 parandae,
523 1215 596 1289 aut
616 1207 672 1288 rei
692 1206 905 1288 familiaris
921 1205 1085 1314 negotia
1099 1205 1299 1289 tractandi
1314 1205 1445 1314 degit,

283 1338 381 1446 quia
411 1348 456 1419 ut
485 1339 610 1422 habet
639 1339 747 1423 Rota
776 1337 967 1422 Romana
1005 1339 1114 1448 apud
1154 1337 1338 1420 Sanchez
1372 1365 1444 1450 op.

281 1479 318 1552 ct
349 1472 418 1554 lib.
454 1475 521 1554 cit.
557 1475 662 1586 disp.
688 1478 743 1556 25
765 1503 874 1556 num.
904 1477 972 1556 12:
1000 1475 1252 1585 «probatum
1272 1483 1329 1554 est
1349 1501 1449 1554 oon-

282 1605 485 1686 trubentes
514 1634 593 1688 non
621 1609 750 1690 solere
779 1633 861 1686 esso
891 1607 983 1688 ruri
1012 1607 1169 1714 major-e
1197 1609 1298 1688 anni
1320 1617 1452 1717 porte

281 1766 405 1848 neque
434 1742 558 1821 ctiam
580 1769 661 1852 pro
692 1741 883 1840 dimidio,
917 1739 986 1820 sect
1007 1748 1163 1821 lantum
1180 1767 1256 1851 per
1276 1749 1356 1820 tres
1383 1742 1450 1820 orl

281 1881 458 1981 quotuor
487 1901 636 1955 menses
657 1909 675 1951 >
708 1921 728 1936 -
754 1878 796 1956 :2⁰
817 1901 867 1956 ex
886 1874 964 1955 hoc
984 1874 1093 1982 quod
1114 1875 1155 1956 in
1176 1873 1450 1990 Instructione

281 2005 409 2088 missa
438 2008 489 2088 ad
519 2008 745 2116 Episcopos
774 2007 948 2114 Angliae
973 2015 1013 2088 ct
1032 2006 1248 2090 Anrerioae
1268 2016 1450 2116 septem·

281 2139 493 2248 ptrionalis
524 2169 573 2222 ex
593 2144 753 2224 decreto
774 2143 818 2224 S.
845 2141 978 2222 Officii
1000 2115 1066 2221 die
1086 2144 1143 2220 24
1162 2143 1316 2222 Martii
1334 2143 1448 2222 1867

279 2275 532 2356 declaratum
563 2284 700 2384 aperte
729 2284 805 2358 est:
845 2275 928 2356 «In
950 2273 1249 2356 Constitutione
1269 2275 1450 2356 Benedi-

281 2407 334 2489 cti
362 2407 465 2488 XIV
499 2409 692 2522 ‹Puucis
723 2411 774 2489 ab
805 2409 937 2489 bino»
972 2407 1083 2489 nullo
1104 2415 1222 2516 pecto
1242 2407 1444 2516 ejusmodi

280 2551 442 2650 tempus
474 2541 733 2651 (acquirendi
774 2543 893 2651 quasi
933 2541 1155 2648 domicilii)
1191 2548 1445 2623 coarctatum

283 2675 410 2756 luisse
431 2676 482 2757 ad
503 2703 633 2757 unum
655 2703 853 2759 mensem.
878 2709 896 2753 »
920 2677 1026 2756 Inter
1046 2677 1151 2757 duas
1181 2683 1318 2758 autem
1341 2675 1449 2758 alias

280 2809 502 2890 sententias
532 2809 632 2890 mihi
664 2811 825 2893 videtur
845 2810 1111 2919 praeferenda
1130 2835 1221 2890 esse
1240 2809 1374 2917 prima
1394 2836 1449 2890 ex

280 2943 357 3023 hoc
385 2989 405 3003 -
436 2943 496 3049 (a)
527 2942 625 3052 quia
664 2945 705 3023 in
746 2944 870 3026 citata
910 2933 1180 3024 Instructione
1221 2943 1265 3024 S.
1311 2941 1447 3024 Officii

280 3083 417 3184 aperte
447 3076 678 3158 declaratur
708 3085 870 3186 tempus
900 3075 1130 3183 legitimum
1161 3077 1211 3156 ad
1233 3074 1351 3184 quasi
1372 3077 1449 3156 do-

277 3206 477 3290 micilium
507 3209 800 3317 acquirendum
831 3235 922 3290 esse
957 3208 1154 3315 majorem
1193 3207 1282 3289 sive
1320 3208 1444 3288 dimi·

279 3342 390 3421 diam
426 3342 521 3423 anni
562 3351 732 3450 partem,
779 3342 923 3423 deindc
951 3387 969 3402 ·
1002 3343 1065 3448 (b)
1106 3342 1204 3450 quia
1241 3343 1447 3424 sententia

279 3474 478 3579 Fagnani,
512 3484 715 3582 quatenus
745 3475 901 3583 primae
931 3474 1164 3582 opponitur,
1198 3474 1448 3558 nonhabet

279 3603 456 3685 solidum
480 3605 807 3708 fundamentum,
832 3632 927 3688 cum
949 3615 996 3688 ut
1014 3607 1231 3688 advertunt
1245 3605 1450 3690 Doctores

279 3762 369 3816 carn
393 3737 663 3849 ¹defendentes
694 3765 775 3820 non
805 3749 867 3823 est
896 3740 1174 3823 necessarium
1197 3749 1359 3848 tempus
1379 3767 1449 3824 se·

279 3871 444 3953 mestris
459 3872 605 3963 debere
620 3873 879 3980 praeterlabi,
899 3883 1118 3982 antequam
1135 3874 1445 3957 matrimonium

278 4003 517 4106 celebretur,
535 4007 623 4088 sed
653 4014 785 4114 potest
816 4017 910 4115 post
936 4008 1117 4115 aliquam
1139 4033 1298 4090 moram
1318 4009 1443 4092 etiarn

280 4139 444 4218 brevem
474 4139 781 4220 matrimonium
813 4140 905 4222 iniri
948 4165 1087 4222 coram
1127 4139 1305 4249 parocho
1345 4141 1445 4244 loci,

280 4271 321 4349 in
353 4297 433 4378 quo
464 4269 557 4378 quis
587 4279 772 4362 moratur
801 4297 897 4354 cum
929 4273 1149 4356 intentione
1170 4271 1226 4354 ibi
1248 4275 1443 4356 manendi

276 4429 351 4510 per
380 4402 574 4510 majorem
606 4412 678 4486 ant
707 4404 852 4500 saltem
883 4403 1094 4488 dimidiam
1131 4385 1226 4486 anni
1266 4413 1446 4515 partcm;
