3264 5146
462 419 570 471 urana
592 421 638 469 iv.
664 437 683 450 -
707 418 846 469 rrruuus
869 419 889 466 1.
1221 407 1260 496 tt

112 553 246 660 pariter
277 547 527 630 conveniunt
555 549 631 631 hos
657 575 780 629 casus
801 574 882 628 non
904 549 1192 656 comprehendi
1216 553 1256 632 in

112 689 204 794 Lege
233 683 404 766 Concilii
435 682 678 782 Tridentini,
712 689 753 763 et
778 680 835 762 ita
856 682 984 762 luisse
1005 683 1257 766 declaratum

110 821 215 900 relert
241 819 285 898 in
316 817 424 898 notis
456 818 507 898 ad
538 816 662 898 Conc.
697 815 812 896 Trid.
847 814 1071 896 Gallemart
1102 844 1128 897 a
1152 817 1260 899 Con-

110 953 331 1060 gregatione
361 950 530 1032 Concilii
562 951 628 1032 die
663 953 720 1030 23
754 952 933 1032 Jenuor.
974 953 1097 1032 1585.
1140 952 1259 1045 Quod

111 1087 290 1192 probatur
320 1111 484 1194 quoque
515 1111 564 1164 cx
593 1084 700 1192 stylo
731 1083 879 1164 Curiae
900 1081 1130 1184 Romanae,
1155 1112 1261 1192 quae

111 1221 143 1298 in
160 1219 351 1299 omnibus
372 1217 501 1298 literis
521 1217 875 1323 dispensationum
898 1216 1127 1298 Ordinariis
1148 1248 1262 1302 oom-

109 1353 315 1433 missarum
347 1351 490 1431 inserit
529 1349 775 1430 clausulam:
814 1351 1069 1431 «dummodo
1110 1355 1258 1436 mulier

111 1485 375 1566 PROPTER
404 1485 527 1564 HOC
558 1491 681 1594 rapto
710 1511 790 1562 non
801 1483 977 1598 suerit»
1004 1511 1109 1591 quae
1130 1489 1257 1568 verba

105 1629 254 1730 propter
284 1621 362 1700 hoc
392 1619 432 1699 id
463 1627 526 1699 est
555 1618 879 1716 matrimonium,
924 1617 1060 1726 inepte
1091 1621 1259 1715 inducta

110 1754 278 1853 luissent,
316 1753 354 1832 si
385 1753 426 1832 in
457 1752 618 1833 decreto
649 1750 819 1832 Concilii
846 1752 1258 1858 comprehenderetur

110 1896 232 1994 raptus
261 1885 453 1968 mulieris
485 1886 618 1966 lactus
647 1885 700 1966 ob
721 1885 844 1966 aliam
866 1911 1036 1966 causam
1057 1914 1183 1995 quam
1204 1889 1256 1970 ad

109 2021 420 2121 matrimonium,
453 2029 575 2128 prout
605 2027 712 2101 recte
743 2027 859 2100 notat
888 2020 949 2100 De
973 2020 1104 2100 Justis
1125 2021 1175 2102 de
1196 2024 1262 2103 cli-

108 2182 218 2265 apeas.
252 2157 439 2236 matrim.
474 2155 543 2235 tit.
579 2156 607 2232 2
637 2181 727 2264 cop.
767 2157 817 2233 18
851 2181 959 2234 num.
990 2158 1061 2236 48.
1085 2200 1106 2214 -
1127 2169 1172 2250 (β)
1193 2159 1260 2237 In-

108 2315 228 2398 super,
263 2299 312 2371 ut
342 2316 394 2370 ex
415 2287 707 2396 propositionis
728 2287 930 2395 positione
952 2295 1077 2394 patet,
1101 2298 1259 2371 certum

26 2457 27 2462 ¹
106 2425 294 2532 estquod
325 2423 368 2503 iu
399 2447 500 2504 casu
531 2422 687 2504 crimen
714 2430 857 2528 raptus
877 2449 959 2502 non
981 2422 1127 2504 luisset
1147 2451 1261 2505 oom-

107 2557 264 2639 missum
289 2565 432 2639 contra
451 2556 667 2639 mulierem
688 2583 739 2636 ex
759 2555 974 2663 hypothesi
994 2558 1196 2638 volentem
1218 2565 1257 2638 et

105 2701 349 2798 expetentem
382 2691 524 2798 lugam
555 2691 607 2771 ad
638 2689 963 2791 matrimonium,
997 2693 1069 2773 sed
1094 2698 1257 2772 tantum

26 2811 27 2820 ἴ
105 2833 228 2908 contra
259 2833 454 2934 parentes
484 2825 549 2906 vel
579 2834 737 2906 tutores
757 2824 837 2906 sub
859 2851 1036 2932 quorum
1057 2833 1257 2934 potestate

106 2983 145 3038 ca
169 2968 254 3040 erat
287 2957 526 3056 constituta,
559 2957 630 3066 qui
661 2967 777 3040 erant
808 2957 924 3039 inviti
955 2958 1019 3040 vel
1050 2959 1184 3061 inscii,
1219 2967 1259 3040 et

105 3116 146 3168 ex
171 3093 247 3175 hoc
281 3093 593 3174 matrimonium
623 3101 732 3174 essct
762 3092 988 3172 invalidum
1025 3094 1078 3173 ob
1114 3101 1259 3201 raptus

105 3227 455 3333 impedimentum:
493 3225 571 3306 hoc
607 3235 745 3307 autem
788 3253 923 3308 nonno
958 3227 1257 3310 demonstraret

103 3383 179 3440 esse
206 3364 259 3443 ad
292 3359 544 3448 matrimonii
576 3359 826 3442 validitatem
855 3359 1036 3441 filiorum
1078 3361 1256 3443 familias

104 3495 372 3577 necessarium
402 3521 650 3575 consensum
681 3499 925 3602 parentum?
962 3495 1089 3603 Atqui
1121 3504 1259 3578 tamen

103 3623 319 3710 Concilium
350 3627 637 3708 Tridentinum
669 3627 813 3708 eadem
842 3653 918 3708 sec.
954 3630 1010 3708 24
1037 3657 1127 3740 cap.
1158 3633 1175 3710 l
1211 3631 1261 3710 dc

104 3761 259 3867 reform.
280 3763 463 3843 matrim.
484 3788 555 3842 eos
576 3760 836 3842 anathemate
856 3763 1040 3866 damnat,
1060 3763 1130 3871 qui
1153 3765 1257 3845 falso

102 3894 294 3977 affirmant
315 3895 578 3977 matrimonia
592 3922 618 3975 a
632 3894 728 3976 filiis
745 3895 923 3977 familias
938 3897 1029 3978 sine
1046 3925 1253 3979 consensu

26 4119 27 4126 Ν
104 4038 307 4130 parentum
328 4038 538 4113 contracta
557 4030 674 4112 irrita
693 4057 798 4130 essa,
825 4039 865 4112 et
886 4041 1076 4139 parentes
1096 4058 1147 4112 ea
1167 4042 1258 4113 rata

104 4159 153 4240 el
181 4163 299 4245 irrita
328 4163 461 4246 lacere
497 4191 635 4273 posse.
667 4209 687 4226 -
717 4177 763 4264 (γ)
794 4163 903 4257 Quid
943 4166 1052 4274 quod
1085 4165 1176 4273 ipsa
1206 4167 1251 4247 S.

103 4289 362 4403 Congregatio
388 4296 495 4378 idem
522 4305 660 4406 aperte
687 4297 924 4379 declaravit?
943 4297 1052 4378 Nam
1070 4301 1112 4378 in
1129 4325 1254 4380 causa

105 4424 267 4510 statem
294 4431 457 4541 Raptus
485 4439 523 4512 ct
544 4459 808 4514 censurarum
829 4431 895 4512 die
918 4435 942 4512 3
964 4433 1119 4514 Martii
1143 4433 1254 4534 1714
