3264 5146
534 421 642 471 arana
665 421 711 468 ιν.
738 439 757 452 -
780 417 920 468 alconus
945 419 965 466 1.
1297 402 1337 466 355

158 553 447 636 reformidant.
473 546 579 630 Cum
607 575 705 656 ergo
735 547 837 629 satis
866 556 1128 655 prospectum
1149 546 1204 628 sit
1224 548 1332 627 bono

157 688 375 771 societatis
405 685 537 768 civilis
568 693 608 766 et
633 683 896 781 domesticae,
921 683 956 761 si
978 682 1227 788 gubernium
1259 684 1334 763 ali-

156 847 249 932 qua
278 819 450 902 intendit
480 816 743 899 matrimonia
783 813 1078 895 rationabiliter
1117 815 1328 924 impedire,

159 955 291 1035 babet
310 954 361 1032 ad
383 977 554 1031 manum
575 949 715 1030 omnia
735 948 874 1027 media
896 949 1161 1055 praeventiva
1180 957 1219 1030 et
1240 977 1337 1058 poe-

160 1087 295 1185 nalia,
321 1085 473 1192 quibus
504 1081 722 1164 efficaciter
741 1107 868 1161 suum
898 1081 1020 1160 finem
1043 1092 1333 1189 consequatur,

160 1222 270 1330 quin
291 1219 370 1301 sibi
392 1225 556 1324 arroget
581 1213 805 1325 superflua,
830 1221 870 1296 et
891 1215 1043 1296 civium
1065 1218 1337 1298 conscientias

162 1355 312 1462 inique
343 1359 478 1432 vexet.

294 1485 381 1566 12)
410 1485 466 1564 At
507 1483 559 1562 iis
599 1481 836 1589 supervenit
876 1481 987 1563 aliud
1029 1495 1334 1591 argumentum,

161 1620 280 1729 quod
311 1618 462 1699 nostris
492 1615 748 1724 temporibus
780 1615 1012 1696 maximum
1048 1617 1125 1697 sibi
1160 1619 1339 1702 vindicat

164 1755 332 1864 pondus
353 1779 404 1832 ex
422 1776 530 1831 nova
545 1749 790 1832 societatum
809 1749 1055 1831 conditione.
1076 1751 1206 1858 Ajunt
1222 1781 1334 1860 ergo:

168 1887 347 1966 fortasse
377 1891 532 1965 statum
563 1882 724 1963 civilem
745 1881 787 1960 in
808 1907 887 1962 sua
918 1882 1173 1989 legislatione
1204 1891 1339 1993 quoad

164 2017 483 2101 matrimonium
506 2015 801 2096 catholicorum
827 2015 954 2096 teneri
976 2019 1178 2125 respicere
1199 2022 1250 2102 ad
1272 2047 1341 2101 eo-

164 2152 361 2234 rumdem
393 2149 649 2256 religionem,
672 2177 767 2232 cum
799 2151 938 2258 populi
972 2151 1094 2234 unica
1114 2161 1176 2235 cst
1196 2155 1340 2264 religio

165 2311 322 2391 nempe
352 2282 568 2382 catholica,
592 2284 663 2362 sed
685 2282 805 2364 hodie
836 2309 980 2364 omnes
1005 2287 1222 2368 societates
1243 2300 1341 2370 sunt

164 2420 328 2502 mixtae
369 2416 593 2522 religioniS,
637 2415 812 2496 habetur
852 2418 1099 2527 principium
1140 2422 1341 2504 libertatis.

161 2551 470 2652 conscientiae,
519 2558 559 2631 et
603 2552 788 2631 omnium
835 2551 1082 2659 religionum
1122 2561 1334 2664 protectio.

162 2689 300 2768 Porro
316 2683 359 2764 in
376 2683 488 2764 hisce
504 2683 681 2764 statibus
698 2683 972 2786 Gubernium,
993 2695 1039 2768 ut
1055 2713 1128 2794 pro
1145 2691 1339 2770 omnibns

160 2820 332 2906 civibus
370 2823 505 2900 servet
546 2817 886 2920 uniformitatem,
920 2822 1061 2928 nequit
1101 2823 1142 2902 iu
1178 2823 1340 2932 legibus

161 2954 430 3038 considerare
447 2950 756 3032 matrimonium
774 2951 852 3032 nisi
878 2953 958 3034 sub
975 2965 1161 3063 respectu
1178 2967 1339 3041 tantum

162 3087 278 3171 civili
299 3094 341 3168 et
362 3086 468 3166 lacta
494 3083 769 3166 abstractione
791 3111 816 3164 a
839 3087 1028 3195 symbolo
1049 3098 1256 3172 sectarum
1277 3122 1343 3173 re·

162 3221 429 3328 ligiosarum;
464 3226 662 3326 proponet
703 3218 798 3300 hinc
840 3247 914 3327 pro
945 3221 1140 3303 omnibus
1178 3225 1341 3308 civibus

162 3353 358 3435 eamdem
390 3351 647 3432 matrimonii.
676 3353 943 3435 contrahendi
977 3353 1166 3458 formam,
1195 3361 1339 3442 eadem

162 3485 420 3596 praescribet
438 3485 748 3594 impedimenta,
774 3495 814 3567 et
835 3489 1138 3572 assecutionem
1155 3495 1340 3577 omnium

162 3621 392 3702 effectuum
423 3617 608 3698 civilium
640 3618 825 3725 alligabit
847 3622 1122 3705 observationi
1154 3627 1339 3710 omnium

162 3753 438 3834 articulorum
459 3778 560 3833 suae
582 3753 698 3860 legis.
719 3753 776 3833 At
791 3753 858 3835 isti
881 3757 1103 3839 enormiter
1124 3760 1336 3864 falluntur3

162 3915 219 3968 ex
237 3885 427 3965 invocato
444 3885 554 3965 enim
573 3883 771 3993 principio
793 3887 993 3970 libertatis
1014 3891 1240 3999 religionis,
1260 3921 1341 4000 quo

164 4017 307 4128 quivis
337 4017 574 4100 satisfacere
607 4019 724 4126 pleno
754 4021 863 4104 valet
892 4023 1214 4132 obligationibus
1245 4056 1346 4111 con-

164 4151 382 4251 scientiae,
418 4150 515 4258 quin
547 4151 658 4259 leges
688 4151 829 4235 civiles
851 4153 887 4234 ei
909 4155 1072 4239 obstent
1101 4161 1173 4242 sed
1203 4139 1344 4268 p'otins

167 4293 400 4393 protegant,
422 4285 688 4393 consequitur
707 4289 875 4371 omnino
897 4291 1164 4377 contrarium.
1185 4295 1252 4375 Ex'
1266 4295 1343 4376 bac'

167 4417 378 4526 siquidem
394 4418 484 4526 lege
505 4420 633 4520 lieret,
654 4429 699 4503 ut
721 4417 946 4506 catholicus
968 4426 1221 4536 obligaretur
1242 4428 1341 4512 illud
