3380 5132
329 423 393 488 332
616 431 907 484 runnunoriouns
929 430 1022 482 aunis
1045 429 1213 481 canonici

334 601 357 652 .›
378 593 480 649 cuae
506 563 796 646 cohabitationi
826 589 871 644 se
902 561 1176 668 denegaverit3
1200 559 1286 642 sive
1307 560 1404 666 quia
1424 585 1494 665 pc-

338 699 553 783 ›culiares
585 724 721 778 rerum
753 695 1084 778 circumstantiae
1105 695 1214 774 viam
1246 698 1498 800 aperuerunt

338 868 355 910 ›
376 833 533 914 indulto
555 831 793 938 apostolico,
819 856 899 938 quo
920 815 1191 910 sublata'fuit
1211 825 1494 934 interpellandi

337 1003 355 1043 >
377 966 615 1064 necessitas;
636 965 744 1072 quod
764 965 929 1074 quidem
946 962 1155 1044 indultum
1171 989 1265 1042 cum
1281 959 1380 1041 nulli
1399 986 1498 1039 con·

338 1133 356 1176 ›
377 1097 519 1180 ditioni
550 1097 604 1178 sit
635 1087 864 1203 alligatum,
888 1095 1057 1176 secundi
1080 1093 1328 1176 matrimonii
1351 1092 1496 1172 validi-

338 1239 502 1322 »,tatem
523 1238 563 1310 et
582 1228 814 1340 firmitatem
846 1237 1040 1336 perpetuo
1074 1229 1233 1328 asserit,
1258 1234 1297 1307 et
1317 1225 1496 1305 reditum

340 1398 358 1444 ›
379 1363 609 1445 intercludit
639 1363 690 1442 ad
712 1361 844 1469 prima
859 1362 1083 1474 connubia,
1108 1362 1268 1444 etiamsi
1289 1360 1381 1466 quis
1402 1385 1495 1466 pro-

340 1533 358 1576 »
380 1500 476 1579 bare
496 1498 768 1595 contenderet,
792 1497 924 1603 primo
946 1495 1108 1603 conjugi
1139 1494 1392 1602 interpellato
1414 1519 1494 1574 non

340 1665 358 1708 »
380 1631 506 1711 fuisse
522 1629 696 1708 liberum
714 1630 972 1735 respondere,
987 1629 1050 1708 vel
1067 1655 1162 1709 eum
1174 1628 1259 1735 jam
1276 1636 1373 1708 tuno
1390 1626 1494 1706 chri·¹

340 1765 536 1845 »stianae
567 1761 752 1866 religioni
785 1763 1087 1870 amplectendae
1127 1769 1317 1870 paratum
1349 1761 1497 1859 fuisse,

340 1899 462 1980 »imo
494 1874 587 1978 ante
618 1897 727 1976 illam
759 1897 881 1998 diem,
915 1925 997 2006 qua
1026 1897 1256 1977 secundum
1287 1895 1499 1975 matrimo-

341 2032 494 2111 »nium
517 2053 541 2112 a
561 2029 734 2135 conjuge
755 2056 952 2111 converso
974 2029 1222 2110 celebratum
1244 2028 1335 2127 fuit,
1360 2028 1496 2134 ipsum

341 2145 541 2273 »quoqne
572 2161 732 2244 Christo
772 2189 920 2256 nomen
961 2163 1136 2262 dedisse,
1170 2169 1210 2242 et
1244 2161 1494 2266 baptismum

342 2297 673 2403 »suscepissent
706 2341 727 2355 -
746 2295 982 2403 Aliquando
1014 2297 1140 2376 Sedes
1171 2293 1409 2404 Apostolica
1438 2294 1499 2374 di·

338 2437 505 2535 spensat
521 2455 546 2507 a
562 2428 694 2533 rigore
711 2428 1060 2534 interpellationiS,
1082 2437 1126 2508 ut
1140 2423 1243 2536 puta
1262 2453 1345 2507 non
1361 2427 1504 2532 exigat

339 2571 385 2643 ut
414 2564 519 2643 duae
558 2562 659 2642 fiant
698 2561 1055 2669 interpellationes
1092 2563 1165 2643 sed
1206 2570 1365 2642 tantum
1396 2585 1495 2658 uria,

340 2721 484 2803 nempe
505 2696 539 2774 si
563 2695 694 2803 prima
714 2695 862 2775 mulier
882 2696 978 2777 velit
1008 2696 1094 2776 fieri
1115 2695 1352 2794 christiana,
1376 2707 1498 2801 prout

340 2827 444 2908 inter
475 2828 701 2924 facultates
737 2853 842 2934 quae
873 2828 1087 2937 Episcopis
1118 2838 1157 2910 et
1182 2828 1358 2909 Vicariis
1387 2827 1501 2934 Apo-

338 2961 493 3042 stolicis
514 2961 656 3060 Asiae,
682 2961 848 3042 Africae
869 2969 909 3042 et
927 2963 1158 3063 Americae,
1182 2989 1258 3044 nec
1284 2987 1365 3041 non
1386 2987 1502 3070 prae·

342 3094 457 3175 fectis
477 3094 726 3174 Missionum
758 3093 800 3173 in
832 3093 979 3174 iisdem
1009 3095 1196 3203 partibus
1220 3094 1458 3175 tribuuntur
1477 3120 1503 3172 a

340 3227 628 3336 Propaganda,
648 3213 826 3332 legimus
842 3253 1003 3336 quoque
1019 3236 1271 3336 sequentem:
1296 3259 1314 3302 ‹
1331 3227 1504 3334 Dispen-

341 3361 458 3441 sandi
490 3388 584 3442 cum
616 3359 837 3467 gentilibus
868 3371 907 3441 et
937 3360 1170 3442 infidelibus
1191 3361 1331 3466 plures
1352 3385 1506 3440 uxores

343 3492 604 3593 habentibuS,
639 3501 684 3574 ut
715 3493 1144 3600 post'oonversionem
1170 3505 1209 3575 et
1234 3493 1521 3600 baptismum,

343 3651 467 3732 quam
488 3654 541 3706 ex
561 3627 641 3706 illis
671 3625 904 3726 maluerint,
929 3627 963 3708 si
986 3627 1108 3709 etiam
1140 3629 1229 3736 ipsa
1258 3626 1389 3708 fidelis
1415 3625 1502 3725 liat,

343 3759 515 3839 retinere
556 3758 729 3866 possint,
773 3761 854 3839 nisi
882 3763 1026 3871 primo
1056 3761 1227 3844 uoluerit
1267 3761 1500 3842 conuerti.»

345 3891 438 3972 Una
467 3919 564 3998 ergo
595 3891 747 3972 sufficit
778 3891 1055 4000 interrogatio:
1081 3923 1134 3976 an
1154 3895 1251 3976 velit
1280 3895 1366 3975 fieri
1399 3893 1506 3974 chri-

342 4022 491 4105 stiana.
527 4025 644 4105 Circa
674 4049 798 4132 quam
829 4025 1063 4109 facultatem
1095 4028 1246 4136 optime
1280 4033 1394 4107 notat
1425 4028 1499 4106 loc.

344 4159 412 4238 cit.
438 4159 684 4240 Benedictus
705 4159 819 4239 XIV:
854 4190 873 4234 ‹
895 4159 935 4239 in
957 4187 1006 4242 ea
1027 4161 1203 4242 formula
1233 4159 1388 4240 nullam
1418 4157 1503 4240 fieri

309 4307 316 4323 “
348 4293 635 4373 >mentionem
666 4292 716 4372 de
748 4293 940 4375 facultate
966 4279 1375 4404 dispensandi'super
1401 4290 1507 4399 juri-

347 4426 478 4508 »dica
508 4425 576 4505 illa
606 4433 645 4505 et
675 4423 841 4534 formali¹
867 4426 1340 4535 interpellationequae
1371 4423 1510 4534 primo
