3356 5118
474 416 574 464 mana
595 417 631 464 v.
656 433 698 445 —
723 417 864 464 arnonus
886 417 1018 463 xxxvn.
1276 397 1342 463 345

249 544 339 625 Hac
369 543 527 624 ratione
558 543 682 623 ducta
714 542 884 648 provida
913 549 1046 622 mater
1066 541 1250 624 Ecclesia
1270 543 1343 624 tri-

163 677 242 758 bus
273 675 406 758 modis
433 676 586 784 jugiter
618 676 832 757 consuevit
863 675 905 754 in
926 675 1058 755 malos
1085 676 1343 758 animadver-

163 818 272 910 tere3
310 810 370 890 l.⁰
402 809 556 891 scilicet
579 807 857 917 poenitentiis,
882 811 945 889 2.⁰
965 808 1167 910 censoria,
1193 812 1254 890 3.⁰
1270 835 1341 892 au·

162 951 243 1024 lem
275 942 430 1051 poeniS,
467 969 539 1050 per
569 967 673 1050 quas
704 942 821 1049 quasi
853 967 926 1048 per
963 941 1148 1022 diversos
1188 942 1343 1049 gradus

162 1077 476 1178 correctionum,
511 1075 614 1156 alios
647 1075 739 1156 aliis
770 1073 1051 1176 terribiliores
1085 1075 1172 1158 Deo
1198 1076 1339 1178 simul,

163 1219 203 1292 et
232 1209 488 1292 Christianae
522 1209 790 1318 Reipublicae
820 1209 922 1290 satis
953 1209 1081 1290 fieret.
1127 1209 1197 1292 Uti
1232 1211 1341 1292 enim

161 1353 245 1424 tres
275 1352 373 1426 sunt
403 1342 728 1452 delinquentium
760 1342 1030 1440 conditiones
1065 1369 1241 1450 quorum
1273 1345 1340 1423 alii

162 1478 322 1558 sincero
353 1477 492 1558 dolore
513 1476 689 1584 correpti
710 1484 854 1584 sponte
880 1476 1128 1557 confitentur
1148 1476 1342 1559 delictum

164 1611 215 1690 ad
245 1609 474 1715 legitimam
506 1619 769 1718 peccatorum
795 1608 1067 1717 expiationem
1089 1608 1178 1692 sine
1199 1610 1343 1692 fraude

164 1742 311 1849 parati,
346 1741 413 1822 alii
445 1751 712 1824 contumaces
732 1749 846 1843 sunt,
871 1743 1102 1850 corripienti
1135 1742 1342 1825 Ecclesiae

166 1877 320 1958 interea
349 1875 610 1978 obsistentes
644 1877 877 1982 dequibus
908 1886 1044 1958 tamen
1076 1878 1252 1958 necdum
1273 1877 1343 1958 de-

162 2011 296 2117 posita
327 2016 391 2091 est
421 2037 517 2119 spes
547 2011 788 2120 probabilia,
817 2012 925 2119 quod
948 2012 1060 2092 brevi
1082 2011 1339 2119 resipiscant,

162 2143 231 2225 alii
262 2145 441 2250 denique
471 2143 804 2250 pertinacissimi,
844 2155 883 2224 et
922 2170 1132 2252 pugnaces
1177 2145 1219 2223 in
1265 2144 1343 2225 eri-

164 2278 274 2357 mine
305 2285 615 2385 perseverantes
655 2286 766 2378 sunt,
814 2277 981 2358 sublata
1025 2277 1224 2384 probabili
1270 2305 1343 2386 spe

164 2409 444 2492 conversionis
456 2440 467 2511 ;
501 2411 559 2492 ita
588 2411 773 2492 diversae
794 2411 981 2492 similiter
1001 2421 1099 2492 sunt
1120 2411 1342 2492 eorundem

163 2545 480 2627 coercendorum
499 2543 693 2625 rationes
718 2545 933 2624 Adversus
954 2543 1062 2625 enim
1079 2545 1235 2651 primos
1251 2569 1342 2652 pro

162 2678 269 2758 cedit
293 2677 570 2784 poenitentiis
604 2677 803 2758 adversus
844 2683 1092 2786 posteriores
1136 2678 1340 2777 censuris,

163 2811 365 2890 adversus
395 2811 560 2890 tandem
587 2818 818 2916 postremos
839 2813 982 2917 poenis
1002 2812 1246 2919 regulariter
1266 2811 1344 2893 Ec-

161 2944 292 3026 clesia
323 2942 624 3024 animadvertit.
660 2941 756 3021 Dixi
780 2943 1038 3048 regulariter,
1062 2971 1110 3026 eo
1136 2946 1244 3052 quod
1266 2945 1344 3026 Ec-

162 3075 287 3157 clesia
321 3075 566 3183 quandoque
597 3100 771 3182 poenam
804 3075 926 3155 etiam
957 3077 1205 3182 asperiorem
1238 3075 1344 3155 infli-

163 3234 259 3316 gere
292 3215 438 3316 potest.

250 3341 413 3420 Poenae
444 3340 616 3448 primae,
650 3349 690 3422 et
719 3341 925 3422 secundae
946 3348 1044 3421 sunt
1063 3341 1340 3442 medicinales,

162 3473 305 3556 tertiae
327 3473 613 3556 vindicatione.
635 3475 695 3554 De
717 3475 876 3583 primia,
903 3475 1008 3555 idest
1028 3473 1344 3555 medicinalibus

163 3617 309 3716 agetur
345 3613 407 3691 tit.
444 3612 520 3690 39.
555 3609 616 3690 De
648 3611 842 3691 secundis
873 3637 986 3712 vero,
1020 3611 1125 3691 idest
1155 3609 1342 3692 vindica-

163 3743 259 3823 tivis
290 3742 331 3823 in
357 3743 561 3852 praesenti
584 3743 703 3826 titulo
724 3771 861 3826 sermo
882 3745 1130 3852 praecipuus
1151 3743 1340 3825 habetur.

251 3877 485 3984 Antequam
518 3905 613 3960 vero
635 3881 685 3960 de
707 3879 849 3986 poenis
871 3879 961 3961 istis
988 3879 1220 3988 loquamur,
1244 3877 1344 3960 utile

163 4036 253 4091 esse
284 4017 481 4118 putamus
512 4013 697 4114 innuere,
731 4013 826 4121 quid
859 4014 912 4094 sit
941 4039 1087 4122 poena.
1121 4015 1215 4120 Ipsa
1245 4011 1346 4093 defi-

163 4143 240 4224 niri
274 4151 405 4252 potest
434 4189 492 4206 -
522 4146 703 4227 uindicta
724 4149 909 4230 criminis
930 4145 987 4228 ad
1008 4145 1250 4256 disciplinae
1265 4173 1344 4255 pn-

165 4277 295 4360 blieae
327 4279 646 4360 emendationem
678 4279 870 4380 indaeta;
909 4280 1241 4390 quandoquidem
1271 4305 1346 4360 na·

165 4417 271 4508 tura,
309 4421 348 4495 et
379 4413 537 4496 indoles
567 4413 732 4523 propria
764 4441 920 4523 poenae
956 4421 1018 4496 est
1058 4439 1248 4525 reparare
1279 4437 1346 4493 or-
