3356 5118
500 409 600 456 muna
623 410 654 456 v.
680 426 724 438 -
747 410 887 456 r1runns
909 410 1000 456 xxix„
1285 392 1352 458 315

169 535 310 618 dinem
340 561 583 642 supremum
613 535 742 615 fieret.
772 536 876 616 Can.
902 537 1009 615 unio.
1036 535 1132 617 dist.
1157 539 1234 630 52,
1255 564 1347 619 can.

168 671 209 750 si
239 671 388 778 officiu-
412 673 457 760 2,
491 677 529 750 et
550 695 641 750 cun.
671 670 756 776 fin.
782 668 878 750 dist.
909 671 986 768 59,
1007 669 1153 774 juncto
1189 672 1347 752 Concil.

176 802 404 883 Tridentin.
423 829 520 882 sess.
545 807 622 884 23.
644 830 734 884 can.
752 795 804 895 2,
825 811 863 883 et
885 829 975 912 cup.
999 804 1069 902 11,
1088 802 1139 882 de
1158 805 1348 912 Reform.

231 935 312 1030 Qui
344 935 471 1042 igitur
502 937 802 1044 praetermissis
832 935 1097 1016 inferioribus
1118 937 1349 1038 ordinibuS,

171 1068 407 1174 superiores
439 1069 606 1176 recepit,
641 1069 717 1149 iste
749 1067 897 1158 dicitur
921 1076 1135 1178 promotus
1160 1096 1240 1178 per
1268 1070 1354 1149 sol-

171 1209 273 1282 tum.
309 1203 532 1294 Quaeritur
562 1201 688 1309 igitur
724 1206 781 1284 l.⁰
803 1209 941 1282 utrum
974 1202 1212 1309 hujusmodi
1243 1203 1353 1284 ordi·
1448 1282 1450 1288 ,

172 1335 284 1416 natio
310 1363 389 1445 per
417 1337 568 1417 saltum
600 1363 682 1416 non
712 1336 850 1416 solum
883 1335 1039 1437 illicita,
1072 1336 1145 1417 sed
1177 1344 1216 1417 et
1237 1336 1354 1450 invaj·

86 1509 87 1512 κ
172 1469 257 1548 lida
296 1468 377 1548 diei
417 1469 579 1551 debeat.
614 1472 676 1550 2.⁰
706 1473 774 1549 An
805 1477 845 1549 et
874 1496 981 1577 quae
1017 1495 1173 1576 poenae
1215 1469 1353 1551 incur·

173 1609 333 1702 rantur,
367 1602 403 1680 si
435 1601 611 1686 scienter
642 1603 680 1682 id
714 1603 815 1682 liat?

230 1737 296 1816 Ad
309 1736 484 1843 primam
497 1736 778 1843 quaestionem
792 1736 1353 1843 respondemus‚hujusmodi

169 1869 472 1952 ordinationem
503 1871 695 1978 quamvis
727 1871 912 1950 illicitam
934 1871 1114 1952 validam
1145 1899 1251 1973 esse,
1281 1900 1354 1954 ex·

168 2013 290 2110 cepto
322 2031 404 2084 uno
435 2031 536 2085 casu
567 2004 853 2104 ordinationis,
889 2033 1035 2112 nempe
1067 2006 1232 2112 quando
1260 2007 1353 2112 quis

170 2165 199 2218 a
229 2138 459 2235 diaconato,
495 2138 777 2244 presbyterato
813 2165 896 2218 non
936 2147 1144 2244 suscepto,
1183 2139 1354 2246 Episco-

172 2297 253 2378 pus
284 2270 512 2350 ordinatur.
548 2269 822 2376 Episcopatus
844 2271 953 2350 enim
975 2297 1071 2350 cum
1092 2271 1146 2350 sit
1174 2272 1353 2378 comple-

172 2411 376 2503 mentum,
401 2411 440 2484 et
461 2403 654 2510 perfectio
685 2405 918 2497 sacerdotii,
952 2405 1223 2485 essentialiter
1253 2431 1354 2511 sup-

160 2538 288 2648 ponit
311 2539 653 2644 presbyteratum.
679 2539 787 2619 Hine
807 2538 1037 2619 sacerdotio
1073 2565 1155 2618 non
1186 2539 1349 2635 collate,

171 2673 448 2778 Episcopatus
480 2697 562 2750 non
594 2672 717 2752 valet.
750 2673 812 2752 lta
833 2700 883 2752 ex
911 2674 1015 2782 Cap.
1050 2667 1179 2752 rude
1214 2696 1355 2751 ereces-

167 2807 282 2887 sibus
295 2805 590 2886 Proelotorum
609 2809 649 2888 in
660 2807 745 2910 fin.
761 2815 799 2886 et
812 2807 949 2914 plesse
968 2810 1009 2887 in
1027 2834 1118 2920 cop.
1135 2807 1243 2888 unic.
1260 2805 1302 2884 h.
1319 2813 1349 2886 t.

170 2971 211 3031 o,
247 2940 297 3020 de
336 2938 641 3020 misericordia.
677 2939 795 3030 Quod
830 2947 970 3020 autem
1001 2939 1165 3020 collatio
1196 2939 1354 3019 ordinis

169 3073 413 3179 superioris,
451 3099 532 3151 non
565 3081 759 3178 suscepto
791 3073 934 3152 ordine
966 3072 1172 3171 inferiore,
1217 3071 1355 3152 valida

169 3206 239 3304 sit,
264 3205 303 3284 id
320 3232 371 3284 ex
389 3231 437 3284 eo
455 3206 668 3310 probatur,
688 3205 795 3312 quod
814 3205 1019 3312 quaelibet
1040 3204 1243 3285 ordinatio
1264 3211 1354 3284 turn

173 3339 333 3420 ratione
363 3339 483 3438 ritus
508 3347 598 3418 tum
621 3340 778 3419 ratione
805 3339 1083 3446 deputationis
1106 3339 1157 3418 ad
1189 3338 1355 3444 aliquod

112 3523 115 3528 -
172 3473 450 3554 ministerium
473 3473 633 3580 integra
653 3483 729 3573 est,
756 3482 796 3554 et
817 3500 890 3581 per
920 3499 964 3554 se
987 3472 1214 3554 sufficiens,
1245 3473 1350 3554 Con.

168 3613 283 3688 unic.
318 3610 395 3698 32,
425 3603 470 3688 'et
500 3607 748 3714 supponitur
778 3609 819 3688 in
855 3609 958 3718 Cap.
995 3608 1104 3689 unic.
1139 3607 1182 3690 h.
1217 3615 1246 3688 t.
1283 3605 1355 3686 ubi

170 3767 270 3820 cum
292 3741 460 3848 quidam
481 3742 710 3849 susceperit
740 3742 925 3822 ordinem
958 3741 1201 3841 Sacerdotii,
1235 3767 1363 3848 prae„

172 3873 365 3953 termisso
388 3874 633 3966 Diaconatu,
659 3883 699 3955 et
720 3901 816 3955 curn
835 3883 1101 3982 praeceptum
1123 3901 1206 3954 non
1232 3873 1355 3954 fuerit

171 4013 356 4114 repetere
388 4007 688 4108 Sacerdotium,
723 4009 796 4089 sed
817 4009 1028 4115 suscipere
1049 4011 1251 4108 ordinem,
1285 4008 1355 4115 qui

169 4143 355 4221 omissus
387 4141 477 4240 fuit,
514 4151 639 4251 patet,
679 4145 788 4252 quod
829 4143 993 4223 collatio
1024 4142 1180 4224 ordinis
1221 4142 1356 4250 Supe-

171 4274 294 4355 rioris
326 4275 403 4356 fuit
433 4276 583 4356 valida.
630 4277 751 4369 Quod
782 4285 921 4357 autem
952 4277 1006 4359 sit
1037 4277 1179 4358 illicita
1220 4304 1272 4358 ex
1304 4303 1352 4358 eo

173 4409 385 4515 probatur,
410 4411 508 4520 quia
529 4411 778 4520 principium
799 4420 861 4494 est
882 4438 1097 4494 sacrorum
1114 4413 1347 4515 Canonum,
