3356 5118
361 400 428 468 352
660 419 932 468 rnammrrouns
954 419 1046 467 sucis
1069 419 1227 468 ememor

363 573 437 627 saa
470 546 712 653 majestatis,
747 547 906 626 crimini
939 545 1136 646 haeresis,
1170 559 1210 626 et
1240 544 1398 627 crimini
1431 543 1559 628 leno·

319 741 331 764 .
366 678 481 777 oinii,
504 679 728 760 dummodo
750 679 985 788 hujusmodi
1003 679 1177 760 crimina
1194 678 1343 760 luerint
1360 681 1552 761 notoria.

362 813 576 894 Sententia
601 811 754 920 judicis
784 812 1042 894 contrahitur
1072 813 1255 910 infamia,
1287 813 1386 892 dum
1408 813 1555 920 judex

364 948 416 1030 ob
448 957 561 1029 certa
595 947 743 1029 delicta
778 948 1022 1029 infamantia
1056 948 1304 1029 condemnat
1339 973 1468 1027 reum
1504 949 1553 1029 dc
1643 989 1645 1052 5

362 1082 519 1188 rapina,
565 1081 614 1163 de
657 1083 781 1184 furt0,
825 1083 875 1163 de
901 1063 1137 1175 calumnia,
1176 1089 1216 1162 et
1245 1081 1296 1162 de
1330 1083 1553 1189 praevari-

362 1214 522 1296 catione
553 1223 630 1296 etc.
666 1215 852 1296 Tandem
893 1214 1148 1296 contrahitur
1188 1213 1359 1296 infamia
1392 1241 1551 1324 ponere
1644 1209 1645 1280 ἓ

362 1375 534 1462 poenae,
568 1375 664 1430 cum
695 1349 789 1458 quis
810 1349 1061 1456 ignominiae
1091 1373 1220 1430 causa
1240 1349 1293 1430 ab
1313 1347 1475 1447 officio,
1510 1356 1548 1428 et

364 1481 562 1588 dignitate
592 1489 847 1565 amoveatur.

418 1615 463 1696 Si
496 1615 589 1723 quis
619 1615 686 1697 hic
716 1625 943 1723 quaereret,
971 1614 1139 1722 quinam
1161 1615 1242 1696 sint
1263 1615 1440 1696 effectus
1475 1616 1541 1695 in·
1641 1721 1642 1728 Ν

360 1749 539 1829 famiae?
572 1749 826 1858 Responderi
859 1759 991 1859 potest
1021 1757 1241 1857 sequentes
1272 1749 1541 1856 potiSSImum
1643 1853 1645 1866 Ι

359 1907 465 1980 esse,
502 1881 657 1963 scilicet
691 1885 749 1964 l.⁰
781 1885 958 1992 infames
988 1891 1086 1965 sunt
1116 1882 1379 1990 irregulares,
1405 1882 1468 1965 lta
1501 1891 1542 1964 ut

359 2039 491 2121 neque
526 2012 721 2097 Ordinem
752 2015 979 2125 suscipere,
1008 2019 1140 2126 nequ'e
1170 2017 1212 2097 in
1243 2023 1438 2125 suscepto
1460 2016 1540 2098 mi·
1644 2007 1645 2066 l

359 2147 533 2230 nistrare
569 2147 733 2232 valeant
763 2151 813 2231 ad
846 2151 1049 2233 monitum
1086 2153 1189 2233 Con.
1217 2153 1300 2260 fin.
1332 2151 1428 2232 dist.
1456 2154 1533 2242 51,

358 2309 451 2364 can.
485 2283 673 2392 Infames
695 2291 739 2380 6,
765 2315 803 2393 q.
830 2288 869 2367 1.
905 2285 1098 2367 Navarus
1124 2289 1226 2398 Cap.
1252 2291 1329 2378 27,
1353 2315 1395 2366 n.
1420 2288 1530 2370 204.

359 2417 420 2494 2.⁰
440 2415 614 2498 Infamia
637 2425 721 2500 tam
744 2447 793 2500 ex
822 2420 1074 2528 turpitudine
1096 2420 1207 2517 facti,
1242 2445 1369 2528 quam
1390 2443 1414 2500 a
1432 2417 1534 2499 Jure

357 2541 607 2655 proveniens·
644 2553 822 2632 excludit
853 2579 878 2632 a
917 2553 1201 2658 dignitatibus
1237 2565 1276 2634 et
1308 2551 1530 2632 honoribus

357 2684 596 2788 praesertim
614 2684 915 2766 Ecclesiasticis
931 2689 1054 2792 Juxta
1075 2687 1203 2796 repul.
1229 2689 1288 2767 65
1299 2687 1392 2793 jur.
1420 2685 1462 2765 in
1482 2689 1528 2782 6,

356 2859 413 2876 -
430 2817 550 2895 ibi-
564 2819 797 2926 Infamibus
817 2847 896 2901 non
912 2829 1084 2932 pateant
1099 2831 1249 2930 portae
1268 2821 1526 2929 dipsitotom,

356 2954 394 3028 ot
403 2948 540 3054 juata
566 2949 690 3059 lepcm
709 2979 836 3061 neque
846 2955 1031 3062 famosis
1051 2957 1083 3035 2
1107 2954 1207 3034 Cod.
1233 2954 1281 3034 de
1302 2955 1524 3062 aequitat,

357 3107 404 3162 eo
438 3083 545 3190 quod
577 3083 813 3191 dignitataS,
846 3095 885 3167 et
915 3096 1075 3169 caetera
1107 3087 1305 3168 beneficia
1325 3085 1527 3167 Ecclesia·

355 3213 459 3294 stica
489 3217 660 3323 acquirI,
697 3229 736 3300 et
767 3220 1045 3301 administrari
1079 3220 1254 3302 debeant
1285 3219 1446 3301 nonnisi
1480 3219 1529 3299 ab

354 3349 451 3450 illis,
485 3353 553 3460 qui
586 3355 782 3460 probatae
812 3365 911 3436 sunt
948 3357 1069 3456 vitae,
1105 3367 1145 3435 et
1176 3356 1357 3464 integrae
1388 3353 1530 3436 existi-
1642 3453 1643 3456 Ν

355 3483 548 3564 matianis
579 3487 630 3567 ad
662 3489 865 3569 tramitem
902 3489 1006 3600 Cap.
1037 3491 1149 3570 Inter
1170 3489 1336 3571 dilectos
1367 3488 1417 3569 dc
1437 3489 1529 3568 Ex-

354 3641 452 3697 cess.
487 3619 679 3700 Proclat.
715 3619 803 3702 Etc.

412 3749 586 3831 Infamia
606 3752 700 3834 facti
723 3755 877 3836 aboleri
899 3763 1032 3864 potest
1053 3784 1123 3865 per
1144 3765 1398 3839 constantem
1417 3753 1525 3832 vitae

353 3883 696 3988 emendationem,
730 3889 788 3969 uti
822 3881 1043 3970 traditura
1074 3893 1141 3972 cit.
1179 3891 1317 4000 lep?
1352 3885 1452 3969 Cod.
1480 3883 1528 3966 de

352 4015 648 4124 Dipnr'totibus.
684 4021 856 4101 Infamia
887 4047 982 4102 vero
1009 4022 1116 4129 juris
1149 4023 1270 4104 durat
1298 4013 1523 4130 ‘perpetuo

352 4147 449 4257 Lep.
485 4151 569 4233 Ad.
604 4162 760 4264 tempas
790 4161 835 4247 6,
874 4155 975 4236 Cod.
1010 4150 1086 4236 Ec:
1116 4157 1260 4263 quibus
1291 4157 1426 4237 causis
1458 4155 1526 4232 in·

342 4279 457 4384 sum.
498 4285 717 4396 irropetur.
757 4291 859 4369 Can.
897 4294 941 4388 7,
967 4315 1058 4400 cop.
1085 4294 1130 4383 3,
1157 4299 1310 4398 quaest.
1346 4293 1392 4371 3.
1422 4286 1525 4366 Tolli
1641 4325 1642 4384 4

351 4424 492 4495 autam
510 4428 645 4526 polost
660 4425 749 4506 sola
770 4424 1012 4507 auctoritate
1035 4423 1253 4532 Principis,
1273 4433 1344 4506 aut
1360 4449 1409 4504 ex
1430 4447 1528 4503 con·
