3136 5138
442 417 551 468 uranu
573 416 620 465 rv.
645 435 665 448 -
687 415 826 464 rrruuus
849 413 895 462 rv.
1194 395 1257 458 113

104 547 290 628 anteriora
309 545 373 626 vel
400 544 653 653 posteriora?
685 542 1036 650 Respondendum
1059 540 1249 644 estquod

103 682 130 759 si
157 680 285 789 prima
312 679 525 788 sponsalia
553 677 689 757 valida
721 676 901 773 luerunt,
930 683 969 756 et
990 674 1136 755 deinde
1168 699 1248 754 nou

103 813 279 913 resoluta,
312 839 362 892 ea
392 810 627 919 praevalent
656 809 713 889 ita
743 819 789 889 ut
825 807 1096 915 posteriorum
1128 833 1254 914 spon-

102 946 234 1027 salium
264 945 378 1026 nulla
406 945 459 1026 sit
488 942 685 1050 obligatio
716 951 755 1023 et
786 941 980 1022 efficacia.
1006 941 1049 1022 ld
1071 953 1251 1048 arguunt

103 1078 333 1160 unanimiter
352 1078 551 1159 Doctores
571 1103 621 1157 ex
644 1103 735 1186 cap.
758 1077 806 1155 31
833 1075 883 1155 de
900 1075 1080 1186 sporusal.
1106 1085 1142 1154 ct
1163 1099 1251 1154 mn·-

101 1218 247 1296 trimon.
282 1221 321 1296 et
352 1213 454 1293 ratio
485 1212 526 1292 in
556 1219 748 1319 promptu
775 1218 851 1310 est,
876 1211 975 1318 quia
1004 1210 1083 1291 ista
1114 1219 1250 1317 poste·

102 1348 194 1427 riora
221 1346 433 1456 sponsalia
462 1355 559 1427 sunt
594 1344 888 1454 promissiones
929 1344 1108 1446 illicitae,
1142 1371 1248 1453 quac

100 1481 234 1562 scilicet
265 1489 440 1588 vergunt
461 1480 503 1560 in
524 1481 815 1561 detrimentum
847 1480 1123 1560 antecedentis
1154 1507 1248 1588 pro-

100 1614 293 1694 missionis
324 1613 519 1720 (utraque
549 1613 750 1722 siquidem
782 1611 1001 1720 promissio
1033 1612 1246 1721 adimpleri

100 1747 254 1854 nequit);
289 1757 329 1828 et
357 1745 651 1854 promissiones
682 1745 846 1826 illicitae
866 1773 949 1826 non
974 1735 1126 1828 tenent.
1150 1745 1244 1830 Non

99 1877 213 1959 solum
245 1905 343 1986 ergo
374 1880 519 1987 primis
540 1906 622 1960 non
642 1880 893 1988 praevalent,
916 1881 988 1961 sed
1011 1909 1091 1991 per
1109 1907 1151 1960 se
1172 1909 1246 1962 nec

99 2008 210 2091 ullum
255 2011 407 2094 habent
446 2013 628 2095 valorem
668 2012 812 2121 primis
852 2013 974 2094 etiam
1020 2015 1246 2121 quomodo·

98 2170 255 2254 cumque
275 2147 482 2248 resolutis
506 2173 602 2227 cum
628 2145 773 2253 regula
798 2146 905 2254 juris
934 2147 989 2228 sit
1024 2180 1041 2222 a
1062 2148 1170 2255 quod
1192 2149 1244 2228 ab

102 2277 236 2361 »initio
269 2281 462 2362 vitiosum
493 2289 570 2381 est,
604 2306 686 2361 non
717 2289 849 2388 potest
884 2291 1016 2362 tractu
1047 2281 1245 2389 temporis

102 2415 407 2506 »convalescere
429 2447 446 2492 >
482 2413 561 2494 nisi
582 2413 683 2494 haec
704 2421 911 2521 postrema
931 2414 1140 2521 sponsalia
1161 2414 1244 2495 sint

97 2544 162 2624 sub
188 2547 420 2629 conditione
451 2547 567 2648 inita,
601 2547 710 2654 quod
740 2546 873 2653 prime
902 2549 1175 2648 resolvantur,
1205 2557 1245 2628 et

97 2679 257 2762 conditio
289 2681 410 2763 luerit
440 2681 675 2790 adimpleta.

195 2817 255 2896 3.⁰
277 2815 386 2909 Quid
417 2825 556 2897 autem
586 2817 662 2897 erit
683 2815 916 2916 dicendum,
940 2793 976 2895 si
998 2825 1243 2896 concurrant

96 2949 288 3050 sponsalia
307 2951 357 3030 de
379 2951 517 3030 futuro
547 2977 643 3031 cum
665 2949 926 3032 matrimonio
948 2950 997 3030 de
1019 2949 1242 3056 praesentit

97 3077 129 3156 ln
146 3078 216 3164 hac
237 3109 360 3192 porro
381 3083 619 3192 quaestione
639 3083 731 3165 licet
752 3085 859 3165 duae
875 3083 1122 3192 hypotheses
1142 3083 1239 3188 fingi

95 3229 240 3316 queant,
261 3223 382 3324 prout
402 3215 612 3324 sponsalia
630 3217 680 3297 de
702 3216 840 3297 futuro
861 3227 960 3296 sunt
978 3216 1241 3296 matrimonio

94 3344 132 3423 de
158 3350 359 3455 praesenti
390 3351 595 3431 anteriora
615 3349 677 3430 vel
699 3349 939 3457 posteriora,
964 3375 1047 3429 non
1077 3355 1140 3430 est
1170 3376 1242 3429 ne·

94 3504 189 3562 resse
229 3493 446 3592 utramque
486 3483 744 3592 hypothesim
786 3483 1032 3591 expendere;
1065 3482 1239 3563 sienim

93 3617 284 3719 sponsalia
313 3618 362 3698 de
394 3617 533 3698 futuro
564 3617 844 3699 antecedentia
866 3617 1087 3698 vincuntur
1108 3643 1133 3696 a
1153 3644 1243 3698 ma-

95 3747 267 3831 trimonio
297 3751 348 3834 de
377 3752 600 3860 praesenti,
634 3775 659 3830 a
689 3751 844 3833 fortiori
875 3751 1127 3860 praevalebit
1153 3778 1242 3832 ma·

93 3879 312 3964 trimonium
332 3883 381 3964 de
402 3884 604 3991 praesenti
628 3886 873 3967 antecedens
894 3883 1019 3965 relate
1041 3881 1092 3967 ad
1114 3911 1240 3992 spon-

94 4010 182 4093 salia
199 4015 249 4096 de
270 4016 408 4098 lutum
429 4016 736 4125 subsequentia.
762 4015 889 4125 Atqui
912 4017 969 4098 ita
989 4027 1067 4117 est,
1091 4043 1237 4126 ncmpc

10 4237 11 4260 j
94 4149 414 4231 concurrentibus
454 4149 718 4258 sponsalibus
757 4158 798 4231 et
836 4151 1122 4252 matrimoni0,
1165 4150 1244 4232 hoc

95 4282 308 4378 praevalere
339 4284 414 4365 etsi
441 4285 646 4392 posterius
666 4284 735 4380 sit.
759 4285 973 4368 Habemus
994 4311 1240 4394 expressum

95 4421 236 4496 textum
272 4417 377 4523 juris
413 4417 454 4498 in
486 4445 576 4529 cap.
614 4421 662 4498 31
698 4418 748 4498 dc
776 4421 955 4530 sponsal.
991 4429 1027 4500 ct
1058 4420 1239 4500 matrim.

228 4571 375 4615 r.rn.·r.
390 4574 409 4616 1.
1080 4581 1093 4616 a
