3356 5118
312 381 382 446 382
621 400 889 446 rnunnucrrouus
913 399 1006 446 rums
1030 399 1188 446 olnonror

317 529 381 610 vel
415 527 630 632 utriusque
651 525 777 606 simul
809 552 892 632 qua
912 523 1021 626 talis,
1046 553 1122 606 seu
1143 531 1349 632 quatenus
1376 551 1499 632 prae-

315 663 403 744 ciso
435 661 665 742 functiones
696 659 1009 740 Ecclesiasticae
1040 668 1154 761 sunt,
1188 659 1494 768 provenientes,

317 805 357 878 et
387 795 664 903 dependentes
696 794 747 873 ab
780 792 934 892 officie,
970 801 1010 874 et
1041 793 1254 894 beneficio,
1278 792 1500 900 solumque

315 935 555 1038 competunt
595 928 779 1010 Clericis.
803 973 861 990 -
882 927 1029 1009 Differt
1050 927 1143 1036 ipsa
1180 928 1232 1007 ab
1263 953 1502 1009 eccoommu*

318 1068 536 1164 nicatione,
571 1063 670 1170 quia
698 1061 801 1146 hacc
831 1063 964 1170 privat
994 1065 1189 1162 omnjbus
1220 1062 1339 1144 bonis
1374 1060 1498 1168 spiri·

320 1198 520 1297 tualibus,
554 1205 594 1279 et
636 1195 810 1305 politicis
848 1197 1053 1304 externis:
1097 1197 1226 1280 fertur
1265 1197 1308 1277 in
1349 1221 1497 1304 quam-

319 1359 498 1440 cumque
515 1357 735 1440 persooam
751 1329 928 1432 fidelem,
952 1329 1106 1411 scilicet
1127 1342 1212 1411 tam
1233 1329 1277 1410 in
1297 1328 1490 1426 ClericoS,

319 1492 446 1575 quam
478 1465 520 1545 in
550 1464 694 1565 laicos,
734 1473 774 1580 at
815 1491 897 1545 non
927 1491 999 1572 per
1028 1489 1088 1564 se,
1123 1465 1197 1545 sed
1233 1461 1496 1544 consecutive

321 1601 455 1708 privat
488 1625 567 1680 usu
599 1597 817 1696 Ordinum,
854 1597 1128 1705 inquantum
1160 1595 1328 1705 impedit
1358 1621 1498 1676 sacra-

322 1743 556 1814 mentorum
587 1730 1008 1822 administrationem:
1051 1757 1073 1810 e
1104 1739 1248 1812 contra
1276 1730 1498 1838 suspensio

322 1893 405 1947 non
436 1865 569 1973 privat
600 1865 795 1946 omnibus
826 1865 968 1966 bonis;
993 1865 1124 1946 fertur
1143 1873 1306 1947 tantum
1339 1866 1380 1944 in
1409 1865 1501 1945 Cle-

323 2001 446 2100 ricoS,
466 1997 672 2080 etdirecte
694 1998 865 2107 impedit
886 1983 1012 2080 usum
1035 2000 1238 2083 Ordinum
1260 2031 1271 2101 ;
1295 1999 1391 2082 licet
1411 2000 1500 2108 ipso

324 2133 478 2215 Ordine
507 2132 773 2241 suscipiendo
810 2160 893 2214 non
924 2134 1069 2242 privet,
1105 2133 1183 2214 nisi
1219 2135 1496 2216 consecutive.

323 2268 470 2350 Differt
512 2274 651 2348 autem
693 2267 819 2348 etiarn
848 2268 903 2347 ab
934 2268 1166 2366 interdicto,
1200 2265 1421 2376 quiahoc,
1456 2277 1502 2349 ut

325 2402 498 2482 inferius
544 2401 793 2502 videbimus,
828 2401 962 2509 privat
993 2403 1223 2509 receptione
1265 2401 1500 2509 aliquorum

323 2541 695 2635 sacramentomm,
730 2535 881 2616 divinis
912 2535 1073 2636 officiiS,
1108 2545 1149 2618 et
1178 2536 1390 2642 sepultura
1418 2533 1498 2614 Ec·

324 2669 570 2770 clesiastica,
604 2669 707 2750 etin
729 2668 956 2776 quamlibet
977 2695 1197 2776 personam
1222 2669 1385 2753 fidelem
1405 2667 1501 2750 lerri

324 2811 473 2909 potest,
497 2827 594 2882 cum
616 2805 860 2882 econtrario
881 2804 1102 2911 suspensio
1122 2804 1255 2885 solam
1283 2829 1502 2912 personam

324 2933 657 3016 Ecclesiasticam
679 2935 818 3034 elficit,
854 2963 902 3018 eo
925 2939 1034 3045 quod
1055 2937 1131 3018 soli
1154 2937 1299 3019 Clerici
1330 2963 1504 3046 capaces

324 3069 407 3151 sint
436 3068 575 3170 oflicii,
609 3077 650 3151 ot
682 3070 868 3152 beneficii
900 3071 1197 3155 Ecclesiastici.

411 3203 580 3310 Triplex
611 3193 753 3286 autem
782 3213 859 3306 est,
893 3231 1073 3312 quarum
1102 3207 1237 3314 prima
1272 3213 1336 3288 est
1365 3230 1391 3285 a
1418 3206 1505 3287 solo

324 3336 477 3445 officie,
512 3361 595 3444 qua
614 3336 802 3419 minister
823 3337 1034 3420 Ecclesiae
1054 3348 1289 3422 removetur
1313 3341 1366 3420 ab
1387 3365 1506 3422 exer·

326 3470 422 3552 citio
449 3470 768 3577 jurisdictionis
798 3472 861 3553 vel
893 3472 1075 3575 ordinis3
1109 3473 1238 3556 altera
1268 3499 1293 3554 a
1321 3475 1408 3556 solo
1439 3475 1507 3554 be·

326 3605 489 3711 nefici0,
525 3630 608 3712 qna
638 3605 839 3704 Clericus,
885 3606 1039 3690 intacta
1065 3607 1236 3709 ordiniS,
1271 3618 1310 3691 et
1335 3609 1507 3716 jurisdi-

326 3735 475 3816 ctionis
492 3743 708 3844 potestate,
727 3739 823 3846 jure
843 3741 1093 3848 percipiendi
1117 3742 1276 3825 fructus
1302 3743 1501 3850 privatur.

326 3868 468 3950 Tertia
497 3869 549 3952 ab
580 3871 730 3981 officio
760 3873 902 3972 simul,
932 3887 968 3954 ct
991 3875 1203 3983 beneficio,
1238 3883 1277 3957 et
1306 3903 1379 3984 per
1414 3900 1507 3957 eam

327 4028 526 4111 personae
556 4003 871 4088 Ecclesiasticae
902 4007 1100 4089 adimitur
1119 4009 1362 4090 exercitium
1393 4017 1507 4118 pote-

328 4137 447 4218 statis
478 4137 649 4237 ordiniS,
694 4149 733 4221 et
763 4139 1079 4246 jurisdictionis
1114 4153 1154 4225 et
1184 4143 1389 4252 perceptio
1421 4143 1508 4224 fru-

327 4277 471 4350 ctuum
498 4271 817 4356 beneficialium.
840 4273 1081 4357 Notandum
1102 4277 1168 4358 hic
1184 4277 1376 4378 occurrit,
1396 4279 1506 4385 quod

328 4402 367 4482 si
396 4405 616 4512 suspensio
647 4407 836 4492 absolute
863 4409 1031 4505 seratur,
1067 4411 1124 4492 ita
1146 4420 1201 4493 'ut
1231 4411 1404 4519 intelligi
1435 4438 1510 4493 ne-
