3386 5126
329 392 395 459 154
631 411 902 456 Psenammonns
926 411 1017 457 rums
1039 409 1197 456 onuouror

325 537 413 637 riis,
449 545 525 618 aut
566 536 658 616 aliis
700 537 850 636 modiS,
889 535 1207 642 proprioluero
1243 538 1510 646 potiusquam

325 671 531 780 spirituali
553 670 737 750 fidelium
760 671 980 751 eommodo
1009 670 1282 752 intendentes

411 807 477 886 Ad
494 805 725 886 seeundum
749 812 887 886 autem
910 803 1193 911 quaestionem
1216 833 1327 888 nuno
1343 808 1513 890 venien-

325 949 403 1032 tes,
438 967 520 1048 que
555 939 787 1048 quaeritur,
832 945 973 1019 utrum
1015 937 1217 1018 Praelatis
1258 943 1510 1048 permissum

325 1074 379 1154 sit
409 1073 524 1154 alteri
554 1073 698 1154 oedere
738 1071 951 1152 Eoolesias
992 1097 1111 1171 suaS,
1149 1098 1224 1152 seu
1264 1077 1511 1182 temporalia

325 1232 497 1287 suarum
535 1205 818 1288 Eoolesiarum
858 1206 1176 1314 respondemus,
1220 1207 1419 1315 quidquid
1454 1211 1510 1292 sit

326 1341 375 1422 de
397 1340 572 1420 Comuni
599 1340 693 1448 jure
711 1341 899 1448 antiquo,
923 1339 1044 1420 hodie
1065 1347 1222 1420 eertum
1246 1351 1323 1440 est,
1349 1342 1510 1425 fruetus

326 1474 598 1582 praelaturae,
626 1481 699 1554 aut
728 1473 953 1582 parochiae
984 1499 1036 1553 ex
1077 1497 1206 1554 nausa
1241 1473 1351 1555 lioite
1382 1476 1506 1558 looari

325 1615 515 1714 possunt,
539 1608 713 1688 servatis
745 1607 976 1709 servandis,
1001 1606 1158 1688 scilieet
1179 1609 1303 1688 modo
1333 1635 1508 1691 serven-

324 1748 393 1821 tur
413 1767 463 1821 ea
483 1741 639 1839 omnia,
663 1766 769 1848 quae
801 1741 924 1822 tradit
955 1743 1101 1822 titulus
1136 1741 1186 1821 de
1217 1741 1334 1823 rebus
1364 1743 1508 1824 Erote-

326 1875 414 1954 sioe
453 1902 533 1955 non
568 1874 822 1955 alienandis.

413 2009 632 2090 Caeterum
660 2009 729 2116 qui
751 2008 968 2089 historiam
1002 2008 1129 2116 hujus
1161 2009 1282 2109 tituli,
1314 2007 1508 2116 prohibi-

326 2142 476 2242 tiones,
509 2149 550 2222 et
579 2167 734 2250 poenas
764 2141 963 2222 relativas
995 2143 1122 2251 probe
1149 2169 1318 2223 noscere
1338 2141 1506 2223 deside-

327 2284 406 2377 rat,
427 2277 560 2375 adeat,
583 2285 623 2357 et
643 2277 778 2384 legere
805 2301 887 2356 non
909 2277 1046 2383 pigeat
1079 2278 1181 2387 Cap.
1215 2282 1257 2357 1.
1283 2275 1324 2356 it.
1345 2285 1375 2357 t.
1399 2275 1509 2383 quod

328 2411 596 2515 desumptum
629 2417 691 2491 est
717 2437 768 2490 ex
782 2409 967 2490 Conoilio
998 2409 1268 2492 Lateranensi
1299 2409 1379 2490 sub
1411 2409 1507 2489 Ale-

327 2543 486 2624 xandro
515 2543 566 2623 111
601 2544 705 2654 Cup.
743 2545 813 2640 15,
841 2569 916 2623 neo
937 2569 1018 2624 non
1045 2544 1344 2653 subsequentia
1374 2543 1509 2652 eapite

328 2678 512 2785 ejusdem
545 2675 668 2756 tituli.

755 2943 992 3026 TITULUS
1026 2947 1079 3026 V.
1137 3001 1140 3008 -

473 3144 538 3224 De
567 3143 790 3250 magistris,
826 3129 863 3221 et
897 3168 946 3220 ne
978 3141 1141 3250 aliquid
1170 3143 1366 3250 exigatur

671 3302 753 3386 pro
776 3275 944 3356 lieentia
965 3275 1152 3358 docendi.

415 3480 551 3562 Etiam
583 3481 625 3560 in
656 3480 883 3588 magisterii
916 3505 1088 3562 munere
1118 3481 1362 3562 eonferendo
1383 3479 1512 3560 inter-

327 3614 466 3693 venire
490 3613 713 3720 aliquando
735 3621 869 3722 potest
888 3614 1066 3696 simonia
1082 3613 1191 3722 juris
1212 3613 1507 3714 Eoolesiastiei,

328 3745 500 3854 ideoque
530 3747 579 3826 B.
615 3745 895 3856 Reymundus
927 3756 1187 3856 praesentem
1217 3748 1385 3830 titulum
1417 3755 1511 3855 post

327 3879 433 3960 duos
464 3881 756 3988 praecedentes
788 3879 1030 3964 subnectere
1062 3881 1329 3962 existimavit.

413 4017 457 4094 In
499 4015 589 4124 ipso
630 4017 737 4097 duae
773 4015 1037 4123 quaestiones
1070 4015 1319 4096 evolvendae
1350 4039 1509 4122 propo-

328 4129 499 4250 nuntur,
532 4177 710 4258 quarum
742 4150 876 4258 prima
907 4150 1073 4258 respioit
1104 4149 1239 4230 officia
1259 4149 1301 4228 in
1323 4148 1512 4230 Eoolesia

329 4282 553 4363 constituta
582 4283 712 4364 relate
743 4284 795 4364 ad
825 4283 1127 4391 magisterium.
1153 4283 1348 4364 Secunda
1369 4289 1509 4362 autem

328 4422 518 4497 versatur
548 4417 658 4497 oiroa
686 4419 872 4500 remedia
902 4425 1045 4500 eontra
1076 4418 1250 4499 abusus.
