3264 5146
304 371 347 434 oa
591 385 883 437 rnennncrrouns
906 387 999 438 iners
1024 385 1194 444 cenomcr

313 511 473 612 luisset,
507 520 547 592 et
576 513 687 620 prior
708 512 921 595 dissensus
942 513 1133 594 transiret
1153 519 1295 621 postea
1316 513 1358 593 in
1378 540 1478 594 cen-

311 672 497 746 sensum,
531 655 629 728 tune
664 645 894 754 legitimum
934 656 1021 728 erat
1061 647 1385 728 matrimonium.
1420 648 1478 728 At

312 781 433 863 hodie
463 790 556 891 post
585 783 868 890 supradictum
894 781 1064 863 Concilii
1086 782 1295 863 decretum
1317 783 1479 862 nonita

313 925 390 1015 est,
425 941 520 995 nam
551 917 627 996 etsi
660 925 776 1023 rapta
807 915 914 997 lacta
942 917 997 997 sit
1026 943 1079 996 ex
1114 916 1274 998 nolente
1315 915 1473 1014 volens,

311 1039 511 1158 quamdiu
541 1057 679 1130 tamen
710 1050 909 1131 manserit
938 1052 1016 1131 sub
1046 1057 1245 1158 potestate
1280 1051 1473 1158 raptoris,

312 1182 417 1264 inter
446 1183 556 1262 hunc
586 1191 625 1263 et
654 1191 814 1290 raptam
845 1183 985 1290 nequit
1024 1210 1115 1264 esse
1155 1211 1299 1263 verum
1334 1183 1478 1290 conju-

313 1320 445 1426 gium.
470 1319 611 1398 Manet
631 1344 728 1424 ergo
750 1317 1085 1426 impedimentum
1108 1319 1357 1425 usquedum
1388 1345 1479 1399 ma-

315 1463 383 1535 net
403 1453 557 1534 lactum
577 1449 818 1532 existentiae
839 1451 1024 1532 mulieris
1045 1460 1184 1559 raptae
1199 1452 1279 1533 sub
1301 1453 1477 1560 raptoris

315 1593 530 1694 potestate,
564 1584 661 1692 quia
691 1585 757 1664 lex
788 1584 1015 1692 praesumit
1050 1584 1223 1666 durante
1253 1584 1330 1665 hoc
1370 1583 1477 1666 lacto

314 1744 563 1800 consensum
594 1717 778 1797 mulieris
809 1726 950 1826 raptae
981 1743 1062 1797 non
1092 1743 1183 1798 esse
1205 1719 1476 1826 undequaque

315 1851 506 1949 liberum,
531 1857 570 1928 et
590 1843 850 1956 perseverare
866 1849 950 1929 vim
967 1849 1030 1929 vel
1047 1857 1217 1930 metum.
1236 1849 1479 1957 Antiquitus

314 2013 413 2094 erge
444 1986 485 2064 in
516 1983 685 2064 crimine
716 1993 859 2090 raptus
889 1984 1080 2065 obstabat
1110 1985 1371 2065 matrimonio
1403 1987 1480 2063 im-

309 2121 586 2231 pedimentum
617 2119 675 2198 ois
707 2119 767 2196 uel
796 2125 921 2196 uictus
953 2119 1053 2218 ucri3
1077 2116 1198 2197 hodie
1229 2128 1321 2224 post
1341 2118 1482 2198 decre-

316 2261 405 2332 tum
437 2248 606 2330 Consilii
637 2249 866 2330 Tridentini
897 2250 1033 2330 obstat
1064 2250 1389 2360 impedimentum
1420 2253 1480 2330 eis

317 2385 379 2466 ecl
409 2393 534 2464 suetus
557 2384 829 2494 praesumpti.
865 2384 981 2476 Quae
1021 2391 1159 2464 tamen
1199 2385 1480 2492 praesumptio

317 2529 381 2602 est
399 2521 515 2626 juris
547 2528 584 2599 et
614 2520 782 2626 dejure
817 2545 897 2600 nen
938 2520 1159 2602 admittens
1198 2521 1480 2627 probationem

316 2653 513 2733 directam
545 2653 586 2731 in
616 2652 883 2752 centrarium,
907 2678 1012 2759 quae
1033 2679 1180 2761 nempe
1201 2652 1483 2761 praesumptio

318 2785 521 2892 generalis
552 2783 656 2891 legis
687 2811 769 2864 nen
800 2784 1035 2886 frustratur,
1069 2797 1109 2866 et
1138 2785 1308 2894 proinde
1345 2786 1486 2894 dispo·

318 2917 414 3005 sitio
445 2927 598 3019 manet,
633 2917 794 2998 etiamsi
825 2917 866 2996 in
893 2945 995 2999 casu
1015 2917 1252 3026 particulari
1274 2945 1356 2998 non
1377 2920 1486 2999 veri-

317 3053 475 3134 ficetur:
511 3050 621 3158 quod
651 3049 808 3131 obtinet
837 3051 997 3158 quoties
1029 3051 1140 3157 leges
1175 3051 1483 3133 considerantes

319 3186 360 3268 id
391 3186 499 3294 quod
531 3185 771 3292 plerumque
801 3184 858 3282 fit,
895 3185 944 3267 de
975 3185 1169 3266 omnibus
1199 3186 1367 3266 casibus
1394 3186 1488 3266 uni-

319 3321 503 3402 formiter
533 3320 769 3427 disponunt‚
804 3319 903 3428 quin
934 3319 1137 3427 excipiant
1157 3345 1317 3421 casum,
1342 3321 1384 3400 in
1405 3345 1488 3428 quo

319 3454 437 3534 aliter
468 3453 841 3534 extraordinarium
863 3453 1077 3561 contingit.
1098 3453 1217 3547 Quod
1240 3454 1281 3533 in
1301 3453 1379 3534 hae
1401 3479 1491 3533 ma-

320 3587 424 3667 teria
454 3587 615 3668 facilius
646 3588 842 3695 explicari
864 3598 1011 3697 potest,
1036 3617 1130 3671 eum
1152 3589 1246 3671 talis
1273 3588 1490 3697 dispositio

321 3719 416 3800 lieet
445 3719 662 3827 praecipue
692 3721 744 3802 ad
775 3723 970 3804 tuendam
1000 3724 1220 3804 mulierum
1256 3723 1488 3806 libertatem

322 3853 365 3932 in
386 3851 605 3933 connubiis
632 3853 740 3934 edita
769 3854 838 3954 sit;
872 3856 944 3936 sed
976 3883 1059 3938 non
1090 3856 1323 3938 excluditur
1352 3866 1491 3939 tamen

322 4013 415 4067 esse
446 3987 487 4066 in
518 3986 658 4067 odium
690 3996 729 4068 et
759 4013 934 4097 poenam
965 3988 1200 4096 gravissimi
1223 3989 1334 4071 illius
1355 3991 1493 4073 erimi-

326 4119 391 4200 nis
420 4119 646 4202 inductam.
679 4165 699 4180 -
729 4118 891 4229 Raptus
921 4122 1028 4202 duae
1053 4133 1152 4204 sunt
1180 4123 1356 4231 speeies,
1382 4122 1492 4206 alios

324 4255 434 4336 enim
466 4254 616 4336 dicitur
647 4256 875 4356 uiolentiae,
901 4255 1008 4336 alius
1038 4255 1298 4338 seductionis.
1325 4257 1492 4367 Raptus
1605 4331 1609 4341 .

323 4389 490 4497 quidem
521 4389 737 4472 violentiae
768 4389 956 4492 babetur,
991 4419 1101 4472 cum:
1125 4437 1145 4454 ·
1172 4390 1215 4473 1⁰
1241 4393 1379 4500 aliqua
1399 4419 1495 4474 mu-
