3380 5132
336 456 401 518 336
623 467 914 521 rmnnnononns
938 471 1030 564 cunis
1055 471 1224 524 canonici

343 599 470 679 terius
511 597 732 703 conjugum
770 625 849 678 non
892 599 1027 680 dirimi
1069 598 1288 680 anathema
1318 599 1429 679 sit.»
1463 599 1508 678 ln

343 758 425 838 qua
441 757 483 808 re
500 756 594 810 cum
611 757 754 810 ornnes
771 731 958 812 catholici
979 731 1198 813 convenire
1215 731 1404 832 debeant,
1425 757 1506 811 non

330 871 480 958 ⁸tarnon
512 864 617 943 inter
646 863 843 946 Doctores
883 866 1098 973 pacificum
1140 875 1202 945 θεῖ
1232 891 1311 974 quo
1344 865 1383 946 id
1414 865 1507 972 jure

343 1005 545 1078 statutum
566 998 633 1099 sit,
653 999 744 1079 aliis
764 1027 913 1108 nempe
932 999 1272 1080 contendentibus
1295 999 1334 1079 id
1357 999 1509 1088 factum

344 1157 435 1210 esse
454 1133 555 1239 jure
585 1131 738 1232 divino,
773 1133 863 1212 aliis
886 1140 908 1212 θ
931 1141 1073 1213 contra
1090 1133 1192 1238 jore
1222 1133 1505 1214 ecclesiastico.

344 1263 448 1343 Cum
480 1291 554 1344 nos
584 1264 691 1347 hanc
721 1266 905 1346 alteram·
924 1267 1168 1346 sententiam
1198 1264 1509 1372 probaverimus

345 1397 459 1498 alibi,
483 1398 549 1479 hic
569 1407 728 1480 tantum
751 1399 977 1481 difficultati
1001 1425 1247 1506 reponemus
1268 1400 1508 1505 desumptae

346 1559 397 1611 ex
423 1532 547 1613 citato
568 1559 740 1634 canone,
764 1561 909 1642 nempe
940 1536 1048 1642 quod
1080 1560 1174 1614 cum
1204 1533 1306 1612 haec
1327 1531 1512 1614 doctrina

346 1667 398 1746 sit
427 1667 633 1772 objectum
663 1695 737 1747 seu
770 1668 942 1748 materia
967 1667 1135 1748 canonis
1157 1649 1393 1772 dogmatici,
1417 1692 1512 1772 pro-

347 1799 452 1880 lecto
469 1800 587 1880 debet
603 1827 692 1880 osse
709 1800 835 1880 divini
848 1801 954 1907 juris
975 1829 1056 1880 non
1074 1809 1210 1882 autem
1229 1798 1507 1880 ecclesiastici.

345 1937 402 2015 At
421 1933 751 2041 respondendum
773 1933 897 2013 estin
920 1961 967 2012 eo
989 1959 1145 2014 canone
1167 1960 1248 2013 non
1270 1933 1407 2013 venire
1432 1931 1512 2012 sub
1600 2029 1602 2036 Ι

346 2067 580 2148 definitione
596 2067 835 2175 simpliciter
851 2067 1076 2148 doctrinam
1094 2068 1143 2147 de
1159 2067 1333 2148 solemni
1355 2065 1513 2176 profes-

348 2200 462 2279 sione
483 2200 691 2308 religionis
712 2201 969 2281 dirimentem
991 2199 1315 2300 matrimonium,
1346 2201 1416 2280 sed
1443 2224 1512 2279 vc-

348 2334 434 2413 nire
452 2333 737 2415 auctoritatem
753 2333 961 2414 Ecclesiae
982 2333 1178 2413 tributam
1201 2333 1241 2414 id
1263 2332 1510 2440 praestandi,

351 2467 458 2546 unde
488 2466 554 2546 hic
584 2495 716 2547 canon
747 2477 809 2547 est
839 2466 1098 2572 dogmaticus
1128 2468 1225 2574 quia
1256 2467 1416 2573 attingit
1444 2493 1516 2572 po-

349 2607 538 2680 testatem
554 2599 761 2680 Ecclesiae
784 2599 980 2679 divinitus
1002 2627 1255 2700 concessam,
1276 2607 1397 2706 prout
1417 2603 1514 2677 sunt

350 2735 488 2840 plures
519 2733 706 2814 Canones
739 2735 975 2840 praesertim
1006 2760 1101 2813 sess.
1128 2737 1182 2815 23
1214 2743 1251 2814 ct
1272 2738 1343 2835 243
1377 2734 1447 2842 qui
1478 2732 1514 2812 si

350 2868 426 2947 boo
452 2867 574 2948 modo
596 2895 677 2955 non
699 2867 980 2973 intelligantur
1002 2868 1042 2946 in
1066 2867 1369 2949 inextricabiles
1390 2891 1516 2974 quae-

350 3001 505 3080 stiones
536 3001 779 3080 ineidemus
803 3047 823 3060 ·
844 3001 1152 3081 Praetentura
1183 3025 1327 3080 casum
1353 3001 1395 3079 in
1422 2999 1515 3106 jure

351 3142 536 3212 notatum
553 3131 672 3213 hodie
693 3134 745 3213 ab
767 3133 959 3212 omnibus
976 3131 1224 3214 Doctoribus
1245 3131 1517 3212 communiter

351 3267 580 3348 admittitur
599 3267 811 3347 Romanos
832 3259 1051 3346 Pontifices
1083 3266 1279 3374 gravibus
1306 3267 1355 3347 de
1377 3265 1515 3347 causis

354 3399 432 3479 sibi
464 3400 567 3480 beno
599 3400 699 3480 visis
729 3428 780 3479 ex
806 3399 1058 3506 plenitudine
1080 3399 1292 3504 potestatis
1313 3425 1434 3506 posse
1456 3397 1518 3477 di-

350 3535 498 3614 rimere
519 3534 825 3615 matrimonium
845 3533 1162 3614 christianorum
1185 3539 1320 3612 ratum
1342 3533 1413 3612 scd
1435 3557 1515 3612 non

350 3676 699 3767 consummatum,
719 3676 840 3774 prout
855 3669 894 3746 et
916 3667 1094 3746 rationes
1115 3693 1166 3746 ex
1183 3665 1519 3746 antecedentibus

350 3803 591 3908 desumptae
612 3799 730 3907 plene
752 3799 937 3906 probant,
960 3809 999 3878 at
1016 3797 1217 3904 exempla,
1241 3823 1345 3905 quae
1368 3795 1519 3877 nostris

351 3934 604 4042 temporibus
626 3958 719 4012 rara
740 3959 821 4012 non
841 3941 954 4032 sunt,
979 3957 1164 4040 quaeque
1197 3931 1352 4011 faciunt
1378 3931 1447 4037 jus
1475 3938 1520 4010 ut

354 4067 462 4174 apud
484 4065 852 4172 Schmalzgrueber
880 4065 921 4144 b.
947 4073 977 4144 t.
1002 4094 1043 4145 n.
1069 4065 1140 4144 46.
1164 4109 1184 4126 -
1205 4061 1517 4144 Matrimonium

351 4204 518 4284 demum
558 4201 875 4282 christianorum
906 4200 941 4279 si
973 4207 1034 4280 θεῖ
1073 4207 1210 4279 ratum
1251 4207 1290 4278 ct
1325 4221 1518 4277 consum-

352 4343 526 4436 matum,
559 4335 594 4414 si
616 4361 711 4414 vere
740 4333 922 4414 validum
955 4331 1030 4413 fuit
1060 4331 1221 4414 nonnisi
1254 4338 1384 4412 morte
1415 4330 1517 4410 alta-

354 4473 510 4554 rutrius
541 4469 728 4570 solvitur,
752 4495 884 4577 neque
903 4475 966 4550 est
986 4475 1168 4575 potestas
1193 4465 1390 4567 interris,
1415 4491 1520 4573 quae
