3386 5126
565 427 665 474 menu
688 427 718 473 v.
742 445 785 458 —
807 429 948 477 munus
970 431 1025 477 vu.
1316 411 1401 476 201²

201 561 454 666 primentes,
508 565 545 636 et
595 555 890 663 quomodolibet
939 557 1212 666 defendentes.
1268 558 1376 638 Hinc

207 689 443 798 hujusmodi
480 687 573 768 libri
614 687 694 794 legi
736 696 944 796 nequeunt
977 690 1067 769 sine
1108 700 1292 797 peccate,
1336 697 1378 770 at

209 821 582 904 excommunicatio
614 849 684 904 eos
714 823 999 904 tantummodo
1030 822 1157 904 libros
1178 822 1374 930 percellit,

206 959 275 1066 qui
299 956 543 1040 nominatim
566 956 618 1038 ab
640 956 890 1064 Apostolicis
911 956 1041 1039 literis
1072 939 1254 1038 damnati
1286 955 1376 1037 lue-

206 1090 301 1174 rint.
346 1091 465 1174 Patet
503 1090 599 1171 hinc
638 1089 890 1192 immutati0,
934 1099 976 1172 et
1017 1091 1213 1172 correctio
1253 1089 1376 1170 etiam

206 1226 341 1334 quoad
382 1225 605 1324 secundae,
648 1231 687 1305 et
727 1223 869 1305 tertiae
904 1223 1051 1305 classis
1082 1223 1224 1304 libros

293 1359 451 1441 Verum
473 1365 520 1440 ut
539 1357 759 1466 prohibitio
791 1358 965 1439 istorum
995 1357 1195 1438 librorum
1217 1362 1378 1462 urgeat,

205 1492 430 1602 requiritur
468 1491 642 1572 scientia
682 1490 983 1598 prohibitionis
1018 1491 1113 1572 hinc
1144 1515 1168 1569 a
1203 1513 1379 1569 censura

205 1635 377 1708 excusat
417 1626 651 1732 ignorantia
691 1625 813 1706 ctiam
855 1651 1008 1726 crassa,
1046 1634 1085 1706 et
1116 1620 1379 1732 probabiliter

205 1759 328 1841 etiam
368 1759 573 1861 affectata,
617 1759 840 1840 dummodo
882 1759 1025 1866 procul
1067 1758 1175 1839 absit
1214 1754 1377 1837 temeri-

204 1901 283 1992 tas,
317 1919 423 2002 quae
463 1894 765 1976 contumaciam
799 1893 840 1974 in
871 1893 1058 1976 censuris
1099 1889 1375 1974 necessariam

204 2027 366 2108 revelet.
393 2028 474 2108 Sed
496 2027 592 2134 quid
615 2028 781 2109 tandem
802 2027 1024 2108 dicendum
1046 2027 1096 2107 de
1119 2025 1377 2107 absolutione

203 2159 255 2239 ab
286 2158 474 2238 haeresi?
508 2158 569 2238 De
600 2156 678 2236 hac
708 2183 885 2264 sequens
917 2157 1100 2266 loquitur
1121 2157 1320 2238 articulus

474 2517 538 2596 De
568 2514 822 2595 absolutione
850 2514 901 2593 ab
933 2512 1108 2598 haeresi.

290 2823 346 2904 Ut
376 2823 569 2931 cognosci
601 2824 743 2932 possit,
777 2825 946 2932 quinam
968 2827 1180 2909 absolvere
1202 2829 1253 2908 ab
1275 2827 1372 2910 hae-

202 2956 281 3038 resi
299 2958 447 3059 valeat,
468 2956 768 3065 inspiciendum
780 2966 858 3056 est,
874 2967 1011 3039 utrum
1024 2961 1178 3042 crimen
1191 2961 1374 3044 haeresis

203 3091 412 3172 occultum
453 3091 588 3173 adhuc
628 3091 696 3190 sit,
731 3098 770 3171 et
811 3093 862 3174 ad
904 3091 1037 3173 forum
1075 3096 1376 3177 contentiosum

203 3223 386 3304 nondum
417 3224 653 3324 deductum,
690 3252 740 3305 an
773 3233 914 3307 contra
945 3224 1095 3308 adhoc
1130 3229 1368 3312 deductum.

202 3356 246 3437 Si
288 3355 484 3464 primum,
513 3357 605 3464 jure
646 3357 868 3451 ordinario,
912 3368 952 3440 et
991 3359 1314 3466 praescindendo
1346 3389 1371 3441 a

202 3489 451 3597 specialibus
482 3489 722 3597 privilegiis,
748 3491 960 3573 absolvere
983 3493 1035 3573 ab
1056 3492 1215 3574 haeresi
1238 3498 1372 3600 potest

202 3620 317 3702 solus
339 3621 539 3704 Summus
561 3621 764 3724 Pontifex,
789 3623 855 3704 cui
878 3624 1083 3707 absolutio
1105 3625 1215 3707 illius
1243 3652 1373 3708 reser-

202 3763 297 3836 vata
327 3762 390 3836 est
419 3755 576 3837 ratione
607 3757 1044 3839 excommunicationis
1075 3759 1129 3840 illi
1169 3785 1368 3842 annexae.

202 3886 247 3966 Si
279 3914 374 3969 vero
405 3890 651 3990 secundum,
674 3897 772 3972 tunc
803 3893 855 3972 ab
877 3890 1051 3994 haeresi,
1072 3901 1111 3974 et
1132 3921 1374 3975 excommu-

201 4019 406 4102 nicatione
438 4023 513 4131 ipsi
547 4050 709 4104 annexa
739 4052 812 4134 pro
845 4026 931 4108 foro
969 4027 1241 4109 eonscientiae
1263 4055 1312 4108 ex
1332 4028 1371 4108 vi

201 4153 431 4237 Tridentini
450 4156 726 4240 Conciliisess.
747 4163 826 4252 24,
850 4161 953 4272 Cup.
974 4167 1018 4254 6,
1038 4167 1171 4268 potest
1192 4158 1253 4241 1.⁰
1269 4161 1380 4273 Epi-

201 4315 363 4402 scopus,
397 4293 460 4374 25³
494 4295 731 4404 Capitulum
759 4295 863 4377 Sede
885 4305 1068 4390 coeunte,
1096 4297 1157 4378 3.⁰
1181 4295 1380 4379 Praeluti

207 4425 426 4531 inferiores
442 4426 770 4534 jurisdictionem
793 4428 1059 4532 ordinariam,
1084 4437 1123 4514 et
1143 4431 1261 4540 quasi
1278 4431 1381 4540 Epi-
