3356 5118
332 395 398 463 336
637 411 907 460 ramanenouas
928 412 1021 460 roms
1045 411 1205 458 canosam

330 543 496 645 lvmine,
529 544 638 650 quod
669 570 741 650 per
770 542 1022 624 sufficientes
1052 539 1313 648 probationes
1338 543 1508 624 ostendi

330 709 348 756 ›
369 677 522 785 nequit,
545 675 706 784 cogitur
726 676 1006 757 demonstrare
1022 701 1144 756 suam
1162 673 1438 756 innocentiam
1454 708 1504 760 s.
1636 649 1655 790 Ι’

381 812 474 918 Ipsa
505 810 657 917 duplex
698 817 775 910 est,
809 809 890 890 alia
930 808 1086 891 scilicet
1116 809 1331 909 canonica,
1364 835 1439 890 seu
1476 838 1508 892 a

323 945 454 1027 sacris
484 943 722 1024 Canonibus
752 949 921 1045 statuta,
956 952 996 1024 et
1026 943 1268 1051 approbata,
1302 941 1383 1024 alia
1409 944 1499 1024 661-
1643 991 1644 994 1

322 1081 453 1189 paris,
478 1079 590 1159 nullo
612 1077 767 1159 scilicet
786 1077 969 1184 legitimo
989 1078 1112 1158 modo
1144 1077 1390 1176 introducta,
1424 1077 1496 1159 sed

324 1211 437 1318 vulgi
470 1211 752 1319 usurpatione,
786 1237 834 1292 ac
864 1209 1158 1318 superstitione
1189 1220 1365 1318 recepta.

382 1345 580 1454 Purgatio
611 1345 809 1427 canonica
838 1344 980 1426 habita
1011 1345 1087 1426 fuit
1117 1345 1242 1426 veluti
1274 1345 1497 1452 juridicum
1654 1439 1655 1442 p

322 1480 566 1580 remedium,
609 1505 690 1588 quo
732 1479 974 1560 scandalum
1015 1478 1155 1586 populi
1196 1478 1418 1578 tolleretur,
1457 1483 1499 1556 et
1648 1551 1649 1554 ,

321 1613 518 1695 infamato
548 1613 681 1720 honor
709 1641 782 1724 per
811 1614 943 1723 ipsam
974 1613 1258 1695 restitueretur
1294 1615 1395 1723 Cap.
1427 1613 1493 1690 in·
1648 1679 1650 1682 .

307 1747 522 1852 juventute
554 1753 628 1830 12.
669 1749 771 1859 Cep.
807 1775 896 1829 eum
927 1745 1085 1827 dilectis
1119 1748 1177 1828 15
1210 1749 1252 1826 ia
1276 1745 1368 1853 fine
1393 1745 1433 1823 b.
1459 1753 1488 1826 t.

323 1881 427 1992 Cap.
462 1882 744 1988 Inquisitionis
774 1886 834 1966 21
869 1885 893 1983 §
936 1881 1172 1988 quaesivisti
1206 1881 1309 1990 Cep.
1348 1877 1494 1970 Quali·

319 2020 415 2114 1616,
449 2021 486 2093 61
517 2013 679 2122 quondo
710 2017 769 2099 21
803 2013 854 2094 de
884 2023 1064 2096 6666661.

376 2146 578 2241 Quemvis
609 2147 837 2256 antiquitus
867 2147 971 2228 varii
1002 2147 1154 2228 fuerint
1193 2147 1303 2228 modi
1340 2170 1491 2253 purga·

221 2271 225 2276 ’
277 2293 280 2302 “
316 2282 440 2362 tionis
481 2282 717 2383 canonicae,
761 2281 882 2363 hodie
922 2289 1059 2363 tamen
1095 2282 1220 2388 justis
1260 2281 1310 2362 de
1349 2281 1488 2361 causis

317 2441 462 2498 omnes
493 2417 559 2498 isti
583 2417 691 2498 modi
714 2417 865 2497 sublati
886 2425 1002 2517 sunt,
1027 2414 1169 2497 atalia
1201 2415 1334 2495 lorma
1363 2415 1490 2496 intro·

318 2552 455 2653 dueta,
500 2577 605 2659 quae
646 2551 708 2630 in
734 2552 837 2659 Cap.
875 2553 918 2628 7.
956 2550 997 2630 h.
1033 2558 1062 2630 t.
1098 2551 1401 2657 praescribitur,
1445 2551 1488 2626 vi

317 2687 382 2793 cuj
390 2715 438 2766 us
456 2712 568 2786 reuS,
588 2711 660 2764 seu
689 2683 914 2762 infamatus
935 2683 985 2764 de
1007 2683 1194 2780 crimine,
1213 2685 1333 2766 tactis
1354 2707 1492 2765 sacro-

317 2816 471 2897 sanctis
492 2815 745 2920 Euangelus,
770 2815 888 2896 debet
903 2817 1044 2922 jurare
1065 2817 1173 2924 qnod
1191 2817 1347 2898 crimen
1369 2817 1487 2916 illud,

316 2944 366 3029 de
388 2975 469 3056 quo
485 2947 710 3030 infamatus
735 2959 813 3048 est,
839 2976 914 3030 nec
935 2975 1006 3056 per
1022 2977 1080 3052 se,
1111 2975 1243 3058 neque
1264 2951 1387 3030 etiam
1420 2977 1492 3058 per

315 3083 585 3164 substitutam
603 3109 836 3191 personam,
851 3092 923 3164 661
940 3084 1066 3164 alium
1085 3111 1161 3165 suo
1179 3085 1344 3165 nomine
1360 3086 1491 3166 scien·

315 3221 377 3324 ter
397 3215 497 3296 illud
519 3216 787 3317 commiserit,
811 3227 851 3298 et
872 3219 1039 3324 insuper
1064 3219 1167 3298 alios
1198 3218 1393 3328 honestos
1424 3219 1491 3300 sui

315 3349 487 3452 ordiniS,
522 3357 561 3431 et
591 3353 853 3453 conditionis,
879 3381 917 3432 v.
943 3380 984 3458 g.
1009 3352 1227 3434 Praelatus
1258 3353 1488 3454 PraelatoS,

314 3481 498 3565 Clericus
528 3483 724 3588 clericos,
758 3487 793 3566 si
825 3483 965 3567 haberi
998 3486 1172 3595 possint,
1207 3487 1270 3568 vel
1301 3487 1343 3567 in
1374 3488 1488 3594 ipso·

313 3642 407 3696 rum
438 3616 598 3697 deiectu
630 3618 754 3698 etiam
786 3617 893 3724 alios
916 3621 1037 3726 juxta
1067 3645 1287 3702 numerum
1319 3621 1489 3702 arbitrio

308 3745 461 3852 judicis
487 3751 713 3830 taxandum
737 3751 945 3853 adhibent,
970 3753 1040 3861 qui
1060 3753 1186 3834 simul
1204 3755 1483 3860 juramentum

312 3879 361 3961 de
387 3881 627 3964 credulitate
656 3885 874 3992 deponant,
911 3888 1020 3994 quod
1053 3914 1148 3969 cnm
1179 3888 1357 3971 habeant
1381 3888 1488 3970 noti-

310 4014 410 4097 tiam
442 4015 627 4098 infamati
667 4020 839 4100 credant
869 4047 964 4101 eum
1006 4020 1278 4122 innocentem,
1314 4031 1353 4104 et
1390 4049 1486 4103 vero

305 4149 447 4255 jurare
482 4151 587 4260 Cap.
621 4153 651 4230 5
681 4161 719 4233 et
750 4157 799 4234 7.
835 4153 878 4234 b.
913 4161 942 4234 t.
1518 4255 1519 4258 p

369 4281 566 4390 Purgatio
596 4285 697 4367 haec
728 4314 753 4367 6
782 4287 870 4368 6616
897 4287 1035 4394 judice
1066 4298 1321 4398 competente
1358 4290 1478 4371 indici

309 4419 456 4521 potest,
490 4442 611 4497 secus
642 4445 724 4500 non
756 4419 876 4520 valet,
902 4427 941 4500 et
961 4421 1127 4528 perinde
1159 4421 1333 4504 habetur
1363 4449 1411 4504 ac
1442 4422 1477 4501 si
