3356 5118
322 410 390 478 388
627 425 897 474 rmnnmnonm
923 425 1196 474 sunnonem

411 558 508 638 Hue
538 556 705 637 tandem
738 555 962 664 aliquando
989 555 1173 662 perventi
1194 552 1348 660 aliquid
1370 551 1507 632 dicere

323 693 572 775 deberemus
602 691 652 770 de
674 689 806 770 titulis
839 691 918 768 XL
939 699 978 770 et
998 689 1107 788 XLI,
1136 713 1313 796 quorum
1345 685 1506 794 primus

322 833 470 908 tractat
494 824 544 904 de
566 825 782 905 verboram
810 825 1133 932 si9nifieatc'one,
1162 822 1264 901 alter
1284 820 1334 900 de
1355 820 1506 929 regalis

312 961 443 1068 juris.
465 961 521 1038 At
538 957 648 1038 sieut
663 958 924 1064 Gregoriana
938 955 1184 1064 Compilatio
1205 954 1283 1036 hoe
1303 980 1506 1062 peragens

323 1095 476 1176 imitari
504 1092 634 1173 voluit
659 1091 731 1198 jus
761 1091 898 1191 civile,
923 1092 1033 1198 quod
1058 1090 1219 1196 digesta
1247 1116 1327 1171 sua
1356 1088 1507 1170 elausit

323 1255 396 1338 per
412 1228 555 1309 titulos
579 1225 793 1332 generales
817 1225 867 1304 de
889 1227 1102 1306 verborum
1121 1226 1441 1334 significatione,
1465 1231 1506 1304 et

323 1361 373 1443 de
389 1362 542 1471 reqnlis
559 1360 678 1466 juris
689 1389 705 1458 ;
730 1365 770 1439 et
790 1359 900 1440 sieut
921 1361 970 1440 de
993 1359 1082 1439 istis
1103 1359 1234 1440 titulis
1255 1357 1412 1466 passim
1433 1383 1505 1464 per

323 1497 546 1578 decursum
571 1493 697 1600 hujus
728 1495 867 1600 operis
902 1494 1056 1600 aliquid
1087 1494 1310 1573 delibatum
1333 1519 1358 1572 a
1384 1491 1503 1572 nobis

319 1630 407 1737 jam
440 1628 578 1728 fuerit,
613 1627 710 1708 hine
731 1627 911 1707 aliorum
929 1638 1144 1708 auctorum
1162 1627 1346 1733 vestigiis
1362 1626 1504 1707 inhae-

324 1770 461 1844 rentes
482 1789 553 1842 eos
575 1767 729 1842 missos
745 1762 938 1862 facimuS,
958 1769 999 1842 et
1013 1763 1136 1844 finem
1154 1763 1406 1870 imponimus
1421 1763 1503 1843 illis

324 1896 461 1976 verbis
485 1903 663 1994 utenteS,
682 1895 836 2003 quibus
852 1921 959 2002 opus
975 1923 1101 1978 suum
1117 1897 1271 1977 claudit
1292 1897 1505 1978 Sehmnlz-

323 2031 572 2136 grueber-
586 2061 605 2105 ‹
621 2029 713 2136 Ego
744 2030 811 2111 hic
833 2031 1040 2111 calamum
1071 2031 1189 2131 siste,
1214 2040 1254 2112 et
1274 2032 1385 2139 operi
1408 2031 1504 2113 huin

328 2163 571 2244 »canonico
605 2163 729 2244 finem
771 2163 953 2272 impone.
999 2165 1188 2265 Lebori5‚
1228 2190 1350 2271 quem
1381 2165 1423 2245 in
1454 2191 1502 2246 eo

329 2336 348 2382 »
368 2306 665 2386 conscribendo
678 2314 744 2387 sat
760 2333 960 2412 magnum
979 2309 1116 2414 posui,
1131 2309 1358 2388 mercedem
1377 2309 1502 2390 aliam

329 2464 450 2519 ›non
472 2439 675 2540 desidero,
701 2441 779 2520 nisi
802 2441 954 2540 Deum,
975 2443 1044 2548 qui
1062 2444 1246 2549 proinde,
1272 2450 1318 2522 ut
1336 2445 1385 2523 de
1398 2443 1500 2549 piis-

328 2571 481 2652 »sima
513 2572 603 2680 ejus
634 2573 918 2653 misericordia
947 2600 1083 2680 spero,
1117 2598 1275 2656 meroes
1304 2575 1378 2654 erit
1403 2599 1500 2656 mea

328 2735 347 2779 ›
367 2731 523 2810 magna
543 2705 684 2786 nimis,
709 2706 819 2786 Huic
835 2706 975 2812 igitur,
996 2715 1036 2788 et
1056 2735 1231 2815 magnae
1247 2709 1336 2816 ejus
1355 2707 1497 2810 Matri,

327 2843 407 2916 »et
437 2837 545 2918 divis
575 2837 794 2920 coelitibus
823 2847 958 2921 totum
989 2841 1100 2923 hunc
1129 2869 1267 2924 meum
1305 2851 1502 2924 conatum

326 2999 347 3044 >
372 2967 478 3070 dice,
503 2969 647 3052 dedico
669 3005 706 3054 ».
